,time,acc_trade_volume,trade_price,dev,high,ask_bid
0,1712300395.4806714,3674630.3168488,431.1,0.0,444.5,ASK
1,1712300400.17333,3674630.3168488,431.1,-0.0,444.5,ASK
2,1712300430.1223683,3674630.3168488,431.1,-0.0,444.5,ASK
3,1712300460.1823862,3674630.3168488,431.1,-0.0,444.5,ASK
4,1712300490.1725085,3674630.3168488,431.1,-0.0,444.5,ASK
5,1712300520.1227272,3674630.3168488,431.1,-0.0,444.5,ASK
6,1712300550.1127958,3674630.3168488,431.1,-0.0,444.5,ASK
7,1712300580.1728053,3674630.3168488,431.1,-0.0,444.5,ASK
8,1712300610.1854968,3674630.3168488,431.1,-0.0,444.5,ASK
9,1712300620.4031868,3676955.35753701,430.1,-5.483907430896035e-07,444.5,ASK
10,1712300620.4047515,3678969.58113972,430.1,-4.750805368008311e-07,444.5,ASK
11,1712300620.5234654,3682077.78533923,430.1,7.331099276184054e-07,444.5,BID
12,1712300620.524722,3682540.58113972,430.1,1.091563404530105e-07,444.5,BID
13,1712300620.543044,3683657.14156267,430.1,2.6335513315998417e-07,444.5,BID
14,1712300638.633079,3684106.71178677,430.1,1.0603691819898137e-07,444.5,BID
15,1712300638.7559235,3684648.07195875,430.1,1.2768675769708306e-07,444.5,BID
16,1712300638.7729237,3684757.14156267,430.1,2.5725468567267293e-08,444.5,BID
17,1712300640.1230752,3684757.14156267,430.1,0.0,444.5,BID
18,1712300642.089135,3685307.14156267,430.1,1.2959144140964877e-07,444.5,BID
19,1712300645.172923,3685582.14156267,430.1,-6.479572070482438e-08,444.5,ASK
20,1712300646.523085,3685830.50338174,430.1,-5.851921113524e-08,444.5,ASK
21,1712300654.1939616,3685865.37899206,430.1,8.217419293558344e-09,444.5,BID
22,1712300670.133216,3685865.37899206,430.1,0.0,444.5,BID
23,1712300700.173154,3685865.37899206,430.1,0.0,444.5,BID
24,1712300701.2047107,3685877.01270994,430.0,-2.74272510570975e-09,444.5,ASK
25,1712300701.213248,3687399.85361506,430.0,-3.590197068281778e-07,444.5,ASK
26,1712300701.2832365,3687399.8536152,430.0,-3.304459124048662e-17,444.5,ASK
27,1712300722.3931897,3687411.48462833,430.1,2.742087443244538e-09,444.5,BID
28,1712300724.5432374,3687438.68760438,430.1,6.41327958385947e-09,444.5,BID
29,1712300730.1763592,3687438.68760438,430.1,0.0,444.5,BID
30,1712300760.1272123,3687438.68760438,430.1,0.0,444.5,BID
31,1712300774.6434174,3687490.4662605,430.1,1.2205210273999189e-08,444.5,BID
32,1712300778.4445243,3687595.06792247,429.6,-2.465659356628956e-08,444.5,ASK
33,1712300778.445176,3687606.71829491,429.6,-2.74621351838778e-09,444.5,ASK
34,1712300778.6235318,3690085.0070027,429.5,-5.841796034293362e-07,444.5,ASK
35,1712300778.624642,3693002.01177269,429.5,-6.875932914425061e-07,444.5,ASK
36,1712300778.6257544,3695330.30048048,429.5,-5.48821761447906e-07,444.5,ASK
37,1712300784.1850362,3695342.31222486,430.1,2.831395731395168e-09,444.5,BID
38,1712300784.1938198,3695411.06222486,430.1,1.6205677574822177e-08,444.5,BID
39,1712300784.1946323,3695428.24972486,430.1,4.051419393705544e-09,444.5,BID
40,1712300784.1952715,3695484.05058199,430.1,1.3153319258866189e-08,444.5,BID
41,1712300789.7940836,3695586.09661779,430.1,2.4054184057682253e-08,444.5,BID
42,1712300790.12578,3695586.09661779,430.1,0.0,444.5,BID
43,1712300820.1634982,3695586.09661779,430.1,0.0,444.5,BID
44,1712300824.5639408,3695905.97571567,430.1,7.533941645707385e-08,444.5,BID
45,1712300830.2342026,3697068.49605967,430.1,-2.738022112634364e-07,444.5,ASK
46,1712300830.2375708,3697068.49605977,430.1,-2.3580064234462747e-17,444.5,ASK
47,1712300839.4636102,3697170.63162151,430.8,2.4055443672233377e-08,444.5,BID
48,1712300849.773672,3697272.69994593,430.3,2.4039607625291977e-08,444.5,BID
49,1712300850.1838338,3697272.69994593,430.3,0.0,444.5,BID
50,1712300869.7537756,3697493.37759735,430.9,5.196614967556329e-08,444.5,BID
51,1712300880.109695,3697493.37759735,430.9,0.0,444.5,BID
52,1712300900.593783,3697993.37759735,429.6,-1.1773957564357873e-07,444.5,ASK
53,1712300909.594247,3698095.42458502,429.9,2.4029938047944524e-08,444.5,BID
54,1712300910.1320095,3698095.42458502,429.9,0.0,444.5,BID
55,1712300927.2440305,3700423.71329281,429.5,-5.482300554060077e-07,444.5,ASK
56,1712300927.2456217,3702738.52810762,429.5,-5.450574277716489e-07,444.5,ASK
57,1712300927.3679092,3702752.0020006,429.5,-3.172627634358772e-09,444.5,ASK
58,1712300935.4337575,3704444.0020006,429.7,3.984064564859988e-07,444.5,BID
59,1712300938.583855,3704457.96523076,430.0,3.2878493198403792e-09,444.5,BID
60,1712300939.854061,3704561.43034703,430.0,2.4362393819738385e-08,444.5,BID
61,1712300940.1636908,3704561.43034703,430.0,0.0,444.5,BID
62,1712300941.6100266,3704575.40991358,429.4,-3.289544554985117e-09,444.5,ASK
63,1712300958.164172,3704698.88180651,429.5,-2.905428373852844e-08,444.5,ASK
64,1712300958.166154,3707347.04961218,429.5,-6.231427816266179e-07,444.5,ASK
65,1712300958.167844,3708997.94314583,429.4,-3.884732631088106e-07,444.5,ASK
66,1712300964.853948,3709099.91759414,430.5,2.399570043806257e-08,444.5,BID
67,1712300968.0055785,3709117.94314583,429.4,-4.241609008526683e-09,444.5,ASK
68,1712300970.1738455,3709117.94314583,429.4,-0.0,444.5,ASK
69,1712300972.8840902,3709624.91043342,429.4,-1.1924002561749105e-07,444.5,ASK
70,1712300984.5539691,3709726.88534048,430.4,2.398476356926732e-08,444.5,BID
71,1712300992.8038795,3709755.02634048,429.4,-6.61883644768113e-09,444.5,ASK
72,1712301000.1340408,3709755.02634048,429.4,-0.0,444.5,ASK
73,1712301004.334066,3710337.09851648,429.5,-1.3943620523017626e-07,444.5,ASK
74,1712301004.3539937,3710337.09851742,429.5,-2.2510752415762783e-16,444.5,ASK
75,1712301004.9142673,3710362.44735462,430.0,6.072349464402107e-09,444.5,BID
76,1712301030.1298037,3710362.44735462,430.0,0.0,444.5,BID
77,1712301060.204162,3710362.44735462,430.0,0.0,444.5,BID
78,1712301073.6043427,3712688.56970862,429.9,-5.571910448820704e-07,444.5,ASK
79,1712301077.1342382,3717252.56970862,430.0,1.0932442674257524e-06,444.5,BID
80,1712301090.1873412,3717252.56970862,430.0,0.0,444.5,BID
81,1712301120.1335125,3717252.56970862,430.0,0.0,444.5,BID
82,1712301150.1346023,3717252.56970862,430.0,0.0,444.5,BID
83,1712301180.1737716,3717252.56970862,430.0,0.0,444.5,BID
84,1712301192.5235715,3717591.77534293,430.0,8.119448858190118e-08,444.5,BID
85,1712301192.525369,3717953.26947621,430.0,8.65296100896158e-08,444.5,BID
86,1712301210.1830173,3717953.26947621,430.0,0.0,444.5,BID
87,1712301219.8127255,3717986.71887268,430.8,8.006089829517316e-09,444.5,BID
88,1712301231.3924277,3718009.93150034,430.8,5.555926319746005e-09,444.5,BID
89,1712301240.1121094,3718009.93150034,430.8,0.0,444.5,BID
90,1712301270.1112397,3718009.93150034,430.8,0.0,444.5,BID
91,1712301278.3312132,3719225.35508434,430.8,2.909090916268858e-07,444.5,BID
92,1712301300.150523,3719225.35508434,430.8,0.0,444.5,BID
93,1712301307.020612,3719225.35508529,430.8,2.2803050841315633e-16,444.5,BID
94,1712301330.109812,3719225.35508529,430.8,0.0,444.5,BID
95,1712301360.1529188,3719225.35508529,430.8,0.0,444.5,BID
96,1712301390.125693,3719225.35508529,430.8,0.0,444.5,BID
97,1712301420.184006,3719225.35508529,430.8,0.0,444.5,BID
98,1712301439.1006265,3724665.03720678,432.0,1.305768463021175e-06,444.5,BID
99,1712301450.1682482,3724665.03720678,432.0,0.0,444.5,BID
100,1712301453.427576,3725891.31901863,432.8,2.941968562635125e-07,444.5,BID
101,1712301453.4298627,3725937.88479294,432.8,1.1171579223642116e-08,444.5,BID
102,1712301465.817438,3728895.41730516,433.6,7.095406284137235e-07,444.5,BID
103,1712301465.8193626,3731080.57247435,433.6,5.242398403137821e-07,444.5,BID
104,1712301465.8773563,3737451.96400794,433.6,-1.528558395870498e-06,444.5,ASK
105,1712301465.8974085,3738734.97957099,432.0,-3.078078313964971e-07,444.5,ASK
106,1712301465.8993278,3739034.44458045,432.3,-7.184454950957155e-08,444.5,ASK
107,1712301465.9055278,3739959.46400794,432.3,-2.219210991474594e-07,444.5,ASK
108,1712301480.128216,3739959.46400794,432.3,-0.0,444.5,ASK
109,1712301500.236702,3739982.22576818,432.3,5.452098039578833e-09,444.5,BID
110,1712301510.11729,3739982.22576818,432.3,0.0,444.5,BID
111,1712301513.4065485,3741744.86789302,432.3,-4.22202629393361e-07,444.5,ASK
112,1712301523.6492963,3744267.86789302,432.3,-6.043298403844213e-07,444.5,ASK
113,1712301525.466277,3747714.59813002,432.3,-8.255893515553633e-07,444.5,ASK
114,1712301525.6062987,3750237.59813002,432.3,-6.043298403844213e-07,444.5,ASK
115,1712301540.177437,3750237.59813002,432.3,-0.0,444.5,ASK
116,1712301570.172262,3750237.59813002,432.3,-0.0,444.5,ASK
117,1712301583.5154405,3750237.59813079,432.3,-1.8428987916249964e-16,444.5,ASK
118,1712301583.5175183,3754875.09003402,432.3,-1.1096320955989086e-06,444.5,ASK
119,1712301585.8362727,3754875.09003456,432.3,-1.2913662028375882e-16,444.5,ASK
120,1712301600.1368778,3754875.09003456,432.3,-0.0,444.5,ASK
121,1712301608.2649343,3754886.66453421,432.2,2.774734867389191e-09,444.5,BID
122,1712301609.799184,3754898.23903386,432.2,2.7747348672775587e-09,444.5,BID
123,1712301618.0049906,3757060.62069686,432.2,5.183840319805839e-07,444.5,BID
124,1712301618.10507,3758170.13302216,432.3,2.659814789232168e-07,444.5,BID
125,1712301618.1071362,3759223.00235986,432.2,2.524025530574787e-07,444.5,BID
126,1712301630.114587,3759223.00235986,432.2,0.0,444.5,BID
127,1712301643.8246589,3759251.81805987,432.3,6.904827399642068e-09,444.5,BID
128,1712301660.166395,3759251.81805987,432.3,0.0,444.5,BID
129,1712301690.1738756,3759251.81805987,432.3,0.0,444.5,BID
130,1712301698.3939457,3759332.81805987,433.9,1.9409188384237123e-08,444.5,BID
131,1712301698.3962142,3764332.81805987,433.9,1.1980980484096987e-06,444.5,BID
132,1712301698.4939497,3765147.44825813,433.9,-1.952013701421436e-07,444.5,ASK
133,1712301720.12416,3765147.44825813,433.9,-0.0,444.5,ASK
134,1712301736.0634007,3765962.07845638,433.9,1.95081790023034e-07,444.5,BID
135,1712301736.0732846,3767452.12675547,433.9,3.568260666394149e-07,444.5,BID
136,1712301739.5032914,3768052.22311147,433.9,-1.437067660471143e-07,444.5,ASK
137,1712301739.5053582,3768052.22311199,433.9,-1.2444875483010972e-16,444.5,ASK
138,1712301750.1075523,3768052.22311199,433.9,-0.0,444.5,ASK
139,1712301780.1627483,3768052.22311199,433.9,-0.0,444.5,ASK
140,1712301810.163981,3768052.22311199,433.9,-0.0,444.5,ASK
141,1712301840.1122525,3768052.22311199,433.9,-0.0,444.5,ASK
142,1712301865.4053552,3768192.72311199,432.9,3.363577887801064e-08,444.5,BID
143,1712301870.1218586,3768192.72311199,432.9,0.0,444.5,BID
144,1712301900.1716688,3768192.72311199,432.9,0.0,444.5,BID
145,1712301922.3814886,3768215.82313509,432.9,5.5321376126899105e-09,444.5,BID
146,1712301930.161527,3768215.82313509,432.9,0.0,444.5,BID
147,1712301960.1111174,3768215.82313509,432.9,0.0,444.5,BID
148,1712301986.120971,3768483.75920009,432.9,6.416684636019621e-08,444.5,BID
149,1712301990.1120057,3768483.75920009,432.9,0.0,444.5,BID
150,1712301993.5110536,3769249.22409423,432.3,-1.8331277619433162e-07,444.5,ASK
151,1712302000.9810734,3771543.26661937,432.3,-5.493750362824774e-07,444.5,ASK
152,1712302000.9833226,3772701.47834047,431.8,-2.773673980884815e-07,444.5,ASK
153,1712302000.9854894,3773927.76015248,432.3,-2.936687561728856e-07,444.5,ASK
154,1712302000.9876397,3775133.26370225,431.3,-2.886927984707822e-07,444.5,ASK
155,1712302000.9898124,3775144.85429249,431.6,-2.775703093485697e-09,444.5,ASK
156,1712302020.1814933,3775144.85429249,431.6,-0.0,444.5,ASK
157,1712302050.1655648,3775144.85429249,431.6,-0.0,444.5,ASK
158,1712302050.6703906,3775144.85429286,432.9,8.848280729037636e-17,444.5,BID
159,1712302050.6720738,3775262.30070871,433.9,2.8106581293607577e-08,444.5,BID
160,1712302055.8703563,3775957.38875319,432.5,-1.6634435786675004e-07,444.5,ASK
161,1712302080.1104174,3775957.38875319,432.5,-0.0,444.5,ASK
162,1712302110.101921,3775957.38875319,432.5,-0.0,444.5,ASK
163,1712302140.1695635,3775957.38875319,432.5,-0.0,444.5,ASK
164,1712302170.1593552,3775957.38875319,432.5,-0.0,444.5,ASK
165,1712302173.8719022,3775976.88432209,432.6,-4.6651716663226575e-09,444.5,ASK
166,1712302173.873453,3777533.28836833,432.5,-3.72438070165975e-07,444.5,ASK
167,1712302174.0094578,3784741.66765226,432.5,1.7249215433597731e-06,444.5,BID
168,1712302174.0694242,3785908.50653344,432.5,2.792174835006868e-07,444.5,BID
169,1712302185.5893974,3786042.90065844,432.5,3.215970086780397e-08,444.5,BID
170,1712302187.1154826,3789292.90065844,432.5,7.777053336270543e-07,444.5,BID
171,1712302195.581209,3789293.29779142,432.5,9.5031519027278e-11,444.5,BID
172,1712302200.26929,3789293.29779142,432.5,0.0,444.5,BID
173,1712302227.0091782,3801101.05227208,432.0,-2.821877919831732e-06,444.5,ASK
174,1712302230.1727831,3801101.05227208,432.0,-0.0,444.5,ASK
175,1712302260.1097248,3801101.05227208,432.0,-0.0,444.5,ASK
176,1712302263.86889,3803418.05300308,432.0,-5.530545544284997e-07,444.5,ASK
177,1712302263.8889155,3803418.05300318,432.0,-2.3786235263835066e-17,444.5,ASK
178,1712302290.103949,3803418.05300318,432.0,-0.0,444.5,ASK
179,1712302320.1501846,3803418.05300318,432.0,-0.0,444.5,ASK
180,1712302350.1583776,3803418.05300318,432.0,-0.0,444.5,ASK
181,1712302360.7984238,3805024.64160418,432.0,3.833917245782211e-07,444.5,BID
182,1712302380.100231,3805024.64160418,432.0,0.0,444.5,BID
183,1712302407.2383084,3805024.64160478,432.0,1.432152221038807e-16,444.5,BID
184,1712302407.2409766,3805038.53049306,432.0,3.3138558543188803e-09,444.5,BID
185,1712302410.100733,3805038.53049306,432.0,0.0,444.5,BID
186,1712302440.1577334,3805038.53049306,432.0,0.0,444.5,BID
187,1712302470.1690168,3805038.53049306,432.0,0.0,444.5,BID
188,1712302500.1074026,3805038.53049306,432.0,0.0,444.5,BID
189,1712302525.7975557,3805050.13452634,431.1,-2.772068254222928e-09,444.5,ASK
190,1712302525.7995996,3805096.50596153,431.3,-1.107759520287528e-08,444.5,ASK
191,1712302525.801523,3805149.80464842,431.1,-1.2732434866231949e-08,444.5,ASK
192,1712302530.134578,3805149.80464842,431.1,-0.0,444.5,ASK
193,1712302560.1572468,3805149.80464842,431.1,-0.0,444.5,ASK
194,1712302590.1595476,3805149.80464842,431.1,-0.0,444.5,ASK
195,1712302620.1270351,3805149.80464842,431.1,-0.0,444.5,ASK
196,1712302650.1100194,3805149.80464842,431.1,-0.0,444.5,ASK
197,1712302680.1587148,3805149.80464842,431.1,-0.0,444.5,ASK
198,1712302710.156561,3805149.80464842,431.1,-0.0,444.5,ASK
199,1712302739.086511,3805172.85143339,433.9,5.505545113957182e-09,444.5,BID
200,1712302740.0963027,3805172.85143339,433.9,0.0,444.5,BID
201,1712302770.108219,3805172.85143339,433.9,0.0,444.5,BID
202,1712302800.1261125,3805172.85143339,433.9,0.0,444.5,BID
203,1712302815.0892584,3805633.78713285,433.3,1.115684244624581e-07,444.5,BID
204,1712302822.976011,3806005.87774375,432.0,-9.00636753976922e-08,444.5,ASK
205,1712302823.4861257,3806466.8134432,432.0,1.1156842446009114e-07,444.5,BID
206,1712302823.588352,3807413.88350617,432.7,-2.2923612752249e-07,444.5,ASK
207,1712302823.5895584,3809346.66854792,432.7,-4.678261679128529e-07,444.5,ASK
208,1712302830.108013,3809346.66854792,432.7,-0.0,444.5,ASK
209,1712302841.7861364,3809543.20033982,432.5,4.754928539162799e-08,444.5,BID
210,1712302860.1584024,3809543.20033982,432.5,0.0,444.5,BID
211,1712302889.795945,3810987.45998401,432.0,3.494198118842848e-07,444.5,BID
212,1712302889.8158352,3811007.99504755,432.0,4.968191189220212e-09,444.5,BID
213,1712302890.1781,3811007.99504755,432.0,0.0,444.5,BID
214,1712302899.2459204,3812851.82225142,432.2,4.460216952934989e-07,444.5,BID
215,1712302899.2668202,3813782.12558637,432.2,2.250403235838646e-07,444.5,BID
216,1712302899.2693627,3814994.5185101,432.2,2.9327777899628897e-07,444.5,BID
217,1712302899.3860035,3819830.10541144,432.3,-1.169728195217069e-06,444.5,ASK
218,1712302920.1256988,3819830.10541144,432.3,-0.0,444.5,ASK
219,1712302950.108884,3819830.10541144,432.3,-0.0,444.5,ASK
220,1712302980.1554112,3819830.10541144,432.3,-0.0,444.5,ASK
221,1712303010.1553829,3819830.10541144,432.3,-0.0,444.5,ASK
222,1712303040.1255183,3819830.10541144,432.3,-0.0,444.5,ASK
223,1712303064.9252632,3820794.9991393,431.1,-2.331926265122929e-07,444.5,ASK
224,1712303064.9279726,3820898.87222503,431.1,-2.5103736282944616e-08,444.5,ASK
225,1712303064.930556,3821014.8545957,431.1,-2.8030272002736546e-08,444.5,ASK
226,1712303070.1053135,3821014.8545957,431.1,-0.0,444.5,ASK
227,1712303100.1255326,3821014.8545957,431.1,-0.0,444.5,ASK
228,1712303117.2950983,3823103.02164907,431.2,-5.059134760899072e-07,444.5,ASK
229,1712303130.104917,3823103.02164907,431.2,-0.0,444.5,ASK
230,1712303160.1253405,3823103.02164907,431.2,-0.0,444.5,ASK
231,1712303190.1149735,3823103.02164907,431.2,-0.0,444.5,ASK
232,1712303220.170787,3823103.02164907,431.2,-0.0,444.5,ASK
233,1712303235.8350382,3823134.8892723,432.1,7.719087280300326e-09,444.5,BID
234,1712303250.1705012,3823134.8892723,432.1,0.0,444.5,BID
235,1712303263.105686,3824361.17108431,431.0,-2.970332834873325e-07,444.5,ASK
236,1712303263.1083984,3825322.03816403,431.0,-2.3274381213915466e-07,444.5,ASK
237,1712303263.110528,3826209.50544421,431.0,-2.14964714992751e-07,444.5,ASK
238,1712303280.1055872,3826209.50544421,431.0,-0.0,444.5,ASK
239,1712303310.1060462,3826209.50544421,431.0,-0.0,444.5,ASK
240,1712303336.7275646,3829269.01286349,431.9,7.40844328892917e-07,444.5,BID
241,1712303336.7290928,3831067.98147884,432.0,4.356111994173103e-07,444.5,BID
242,1712303336.7303448,3832294.26329085,431.9,2.969379712326052e-07,444.5,BID
243,1712303336.7316203,3846415.40102296,432.0,3.419362456984064e-06,444.5,BID
244,1712303336.7374868,3853127.41485952,432.0,1.6252803817147508e-06,444.5,BID
245,1712303336.7396371,3855930.10822173,431.9,6.786580970305967e-07,444.5,BID
246,1712303336.7417955,3874591.87225213,432.0,4.518852270773067e-06,444.5,BID
247,1712303336.796509,3877099.41454492,432.0,-6.071887505047925e-07,444.5,ASK
248,1712303336.7978125,3878706.00314592,432.0,-3.890273468253745e-07,444.5,ASK
249,1712303336.7991066,3881997.93613076,432.0,-7.971250102371389e-07,444.5,ASK
250,1712303336.8072164,3884153.41754709,432.0,-5.219389805232827e-07,444.5,ASK
251,1712303336.808528,3895815.07388968,432.0,-2.823811412406988e-06,444.5,ASK
252,1712303340.1659925,3895815.07388968,432.0,-0.0,444.5,ASK
253,1712303370.1568213,3895815.07388968,432.0,-0.0,444.5,ASK
254,1712303400.1462295,3895815.07388968,432.0,-0.0,444.5,ASK
255,1712303402.2367234,3896046.93234368,432.0,5.582242158997266e-08,444.5,BID
256,1712303402.2967317,3900398.89679568,432.0,-1.0477823438966963e-06,444.5,ASK
257,1712303413.2865603,3900398.89679593,432.0,-6.020466674448249e-17,444.5,ASK
258,1712303426.096625,3908219.45246809,432.0,1.8828830619205208e-06,444.5,BID
259,1712303426.636608,3908270.18096523,432.2,1.2213432398536172e-08,444.5,BID
260,1712303426.6389482,3909192.99647802,432.2,2.221777800899483e-07,444.5,BID
261,1712303430.106748,3909192.99647802,432.2,0.0,444.5,BID
262,1712303453.6067276,3909427.91910828,432.0,-5.64815628383428e-08,444.5,ASK
263,1712303460.1629725,3909427.91910828,432.0,-0.0,444.5,ASK
264,1712303490.1570334,3909427.91910828,432.0,-0.0,444.5,ASK
265,1712303520.127174,3909427.91910828,432.0,-0.0,444.5,ASK
266,1712303527.9880078,3911665.46837924,432.2,5.379524143921234e-07,444.5,BID
267,1712303537.12729,3915937.15335024,432.2,1.027000063639303e-06,444.5,BID
268,1712303550.110871,3915937.15335024,432.2,0.0,444.5,BID
269,1712303574.4075062,3915937.15335106,432.2,1.970185409836114e-16,444.5,BID
270,1712303580.167714,3915937.15335106,432.2,0.0,444.5,BID
271,1712303610.15743,3915937.15335106,432.2,0.0,444.5,BID
272,1712303640.107854,3915937.15335106,432.2,0.0,444.5,BID
273,1712303670.1076288,3915937.15335106,432.2,0.0,444.5,BID
274,1712303700.1276777,3915937.15335106,432.2,0.0,444.5,BID
275,1712303730.1223483,3915937.15335106,432.2,0.0,444.5,BID
276,1712303760.1587915,3915937.15335106,432.2,0.0,444.5,BID
277,1712303790.1815183,3915937.15335106,432.2,0.0,444.5,BID
278,1712303820.1079834,3915937.15335106,432.2,0.0,444.5,BID
279,1712303850.1082125,3915937.15335106,432.2,0.0,444.5,BID
280,1712303880.1782162,3915937.15335106,432.2,0.0,444.5,BID
281,1712303910.1594238,3915937.15335106,432.2,0.0,444.5,BID
282,1712303933.9787917,3915993.04858715,432.2,-1.3479921765565592e-08,444.5,ASK
283,1712303933.9818769,3917219.33039916,432.2,-2.9573509380771613e-07,444.5,ASK
284,1712303933.9849298,3919520.56155698,431.9,-5.549742364813952e-07,444.5,ASK
285,1712303933.988008,3919983.50748096,431.8,-1.1164591606532121e-07,444.5,ASK
286,1712303933.9911115,3925121.83590718,432.2,-1.2391801168871902e-06,444.5,ASK
287,1712303933.992936,3927580.86889064,431.6,-5.930303645684006e-07,444.5,ASK
288,1712303940.108325,3927580.86889064,431.6,-0.0,444.5,ASK
289,1712303950.878339,3927623.32673309,432.9,1.0226899484155209e-08,444.5,BID
290,1712303970.1026647,3927623.32673309,432.9,0.0,444.5,BID
291,1712304000.149895,3927623.32673309,432.9,0.0,444.5,BID
292,1712304030.10185,3927623.32673309,432.9,0.0,444.5,BID
293,1712304060.276865,3927623.32673309,432.9,0.0,444.5,BID
294,1712304090.1596985,3927623.32673309,432.9,0.0,444.5,BID
295,1712304095.398578,3927638.38697405,431.6,-3.633811557840838e-09,444.5,ASK
296,1712304112.1286411,3928725.25347272,430.6,-2.622446782311931e-07,444.5,ASK
297,1712304112.1319993,3929420.50260365,431.5,-1.6775324739009512e-07,444.5,ASK
298,1712304112.1352413,3929432.12011119,430.6,-2.803131323233905e-09,444.5,ASK
299,1712304112.1384003,3929582.12011119,431.2,-3.619276312484513e-08,444.5,ASK
300,1712304120.118482,3929582.12011119,431.2,-0.0,444.5,ASK
301,1712304141.2256014,3929582.12011163,431.1,1.061558597437103e-16,444.5,BID
302,1712304141.227165,3930509.97907663,431.1,2.238329390733961e-07,444.5,BID
303,1712304150.1016088,3930509.97907663,431.1,0.0,444.5,BID
304,1712304180.1585965,3930509.97907663,431.1,0.0,444.5,BID
305,1712304180.6520083,3930621.37528559,432.6,2.6870177496046613e-08,444.5,BID
306,1712304210.1686983,3930621.37528559,432.6,0.0,444.5,BID
307,1712304240.1120365,3930621.37528559,432.6,0.0,444.5,BID
308,1712304270.098894,3930621.37528559,432.6,0.0,444.5,BID
309,1712304300.178507,3930621.37528559,432.6,0.0,444.5,BID
310,1712304330.1683598,3930621.37528559,432.6,0.0,444.5,BID
311,1712304360.1085625,3930621.37528559,432.6,0.0,444.5,BID
312,1712304371.1884043,3930828.97519318,432.9,5.0106223435328646e-08,444.5,BID
313,1712304390.1125555,3930828.97519318,432.9,0.0,444.5,BID
314,1712304395.7503097,3930852.3755166,432.9,5.647769380905416e-09,444.5,BID
315,1712304395.7537773,3933593.16726987,432.9,6.615019572951197e-07,444.5,BID
316,1712304420.16007,3933593.16726987,432.9,0.0,444.5,BID
317,1712304441.3992317,3933695.22317192,432.9,2.4624522075885265e-08,444.5,BID
318,1712304450.1601405,3933695.22317192,432.9,0.0,444.5,BID
319,1712304466.228417,3933728.46410516,432.9,8.020441272080171e-09,444.5,BID
320,1712304480.109668,3933728.46410516,432.9,0.0,444.5,BID
321,1712304510.099455,3933728.46410516,432.9,0.0,444.5,BID
322,1712304536.849602,3933743.51548452,432.9,3.6316154004430877e-09,444.5,BID
323,1712304540.1666455,3933743.51548452,432.9,0.0,444.5,BID
324,1712304570.160589,3933743.51548452,432.9,0.0,444.5,BID
325,1712304600.1589987,3933743.51548452,432.9,0.0,444.5,BID
326,1712304630.1187923,3933743.51548452,432.9,0.0,444.5,BID
327,1712304660.1584513,3933743.51548452,432.9,0.0,444.5,BID
328,1712304685.7284992,3934788.41241427,431.8,-2.5271412007200935e-07,444.5,ASK
329,1712304685.738422,3936014.69422628,431.8,-2.965830602607509e-07,444.5,ASK
330,1712304690.165552,3936014.69422628,431.8,-0.0,444.5,ASK
331,1712304720.1085243,3936014.69422628,431.8,-0.0,444.5,ASK
332,1712304750.11156,3936014.69422628,431.8,-0.0,444.5,ASK
333,1712304780.1589675,3936014.69422628,431.8,-0.0,444.5,ASK
334,1712304810.1582668,3936014.69422628,431.8,-0.0,444.5,ASK
335,1712304840.1086383,3936014.69422628,431.8,-0.0,444.5,ASK
336,1712304870.1112535,3936014.69422628,431.8,-0.0,444.5,ASK
337,1712304900.1384263,3936014.69422628,431.8,-0.0,444.5,ASK
338,1712304930.1118915,3936014.69422628,431.8,-0.0,444.5,ASK
339,1712304935.008179,3936242.41863524,432.1,-5.510688766124579e-08,444.5,ASK
340,1712304945.4283605,3936270.57979602,432.1,-6.8147017291983715e-09,444.5,ASK
341,1712304945.4317937,3936705.27445566,432.1,-1.051914895075664e-07,444.5,ASK
342,1712304960.1754055,3936705.27445566,432.1,-0.0,444.5,ASK
343,1712304989.8982716,3936774.43074888,433.8,1.673387990787756e-08,444.5,BID
344,1712304990.158113,3936774.43074888,433.8,0.0,444.5,BID
345,1712304999.0982635,3937004.80196253,433.8,5.574295642644639e-08,444.5,BID
346,1712305020.1180437,3937004.80196253,433.8,0.0,444.5,BID
347,1712305050.108248,3937004.80196253,433.8,0.0,444.5,BID
348,1712305080.1817114,3937004.80196253,433.8,0.0,444.5,BID
349,1712305110.1681216,3937004.80196253,433.8,0.0,444.5,BID
350,1712305140.1394253,3937004.80196253,433.8,0.0,444.5,BID
351,1712305170.113062,3937004.80196253,433.8,0.0,444.5,BID
352,1712305200.2078738,3937004.80196253,433.8,0.0,444.5,BID
353,1712305202.0681024,3940748.62818004,433.3,9.09896048534651e-07,444.5,BID
354,1712305230.1200752,3940748.62818004,433.3,0.0,444.5,BID
355,1712305243.7964406,3940771.7068784,433.2,5.606814894196276e-09,444.5,BID
356,1712305260.1941614,3940771.7068784,433.2,0.0,444.5,BID
357,1712305262.0103557,3947854.2217664,433.8,1.7206452847566467e-06,444.5,BID
358,1712305262.0176172,3947854.2217671,433.8,1.7003290218068108e-16,444.5,BID
359,1712305262.1099615,3948084.63651319,434.0,5.597758037467733e-08,444.5,BID
360,1712305262.1121058,3953201.28965337,433.9,1.2430535252813755e-06,444.5,BID
361,1712305262.1137185,3953292.27553155,433.9,2.210435484360657e-08,444.5,BID
362,1712305262.1153505,3953522.6902781,434.0,5.59775804864488e-08,444.5,BID
363,1712305262.1176026,3953522.69027856,434.0,1.117714619790505e-16,444.5,BID
364,1712305290.1604607,3953522.69027856,434.0,0.0,444.5,BID
365,1712305320.1248574,3953522.69027856,434.0,0.0,444.5,BID
366,1712305322.9926798,3954951.01874289,434.0,-3.465362429927482e-07,444.5,ASK
367,1712305326.6165783,3955181.80572651,434.0,-5.599276093176359e-08,444.5,ASK
368,1712305350.112877,3955181.80572651,434.0,-0.0,444.5,ASK
369,1712305380.1543386,3955181.80572651,434.0,-0.0,444.5,ASK
370,1712305393.2786984,3955251.08979117,435.0,1.6806530435709842e-08,444.5,BID
371,1712305393.28228,3955755.85990551,435.0,1.2244423492396766e-07,444.5,BID
372,1712305393.2858868,3955779.85990551,434.7,5.8217821433734065e-09,444.5,BID
373,1712305393.378416,3955779.85990613,435.0,1.5034635304531554e-16,444.5,BID
374,1712305394.7586882,3955791.75091684,435.9,2.8844530757651074e-09,444.5,BID
375,1712305394.762565,3956213.64072476,435.9,1.0233960625915529e-07,444.5,BID
376,1712305410.1023257,3956213.64072476,435.9,0.0,444.5,BID
377,1712305423.2585444,3958001.19383969,435.9,4.335671202008121e-07,444.5,BID
378,1712305440.1788538,3958001.19383969,435.9,0.0,444.5,BID
379,1712305470.158975,3958001.19383969,435.9,0.0,444.5,BID
380,1712305500.1099198,3958001.19383969,435.9,0.0,444.5,BID
381,1712305530.1015806,3958001.19383969,435.9,0.0,444.5,BID
382,1712305560.169055,3958001.19383969,435.9,0.0,444.5,BID
383,1712305590.159362,3958001.19383969,435.9,0.0,444.5,BID
384,1712305620.1392598,3958001.19383969,435.9,0.0,444.5,BID
385,1712305650.119909,3958001.19383969,435.9,0.0,444.5,BID
386,1712305680.159294,3958001.19383969,435.9,0.0,444.5,BID
387,1712305680.849435,3958230.60425492,435.9,5.566478514186184e-08,444.5,BID
388,1712305710.1594045,3958230.60425492,435.9,0.0,444.5,BID
389,1712305740.1150875,3958230.60425492,435.9,0.0,444.5,BID
390,1712305746.9400494,3958242.10344992,434.9,-2.790129154130991e-09,444.5,ASK
391,1712305746.9440348,3958264.10344992,434.9,-5.338012042586026e-09,444.5,ASK
392,1712305765.4896767,3963889.9411058,435.0,-1.3650358707600682e-06,444.5,ASK
393,1712305770.109838,3963889.9411058,435.0,-0.0,444.5,ASK
394,1712305772.4696884,3964743.77191953,435.0,2.070471966057857e-07,444.5,BID
395,1712305778.5403705,3971223.44038915,435.0,-1.5712681833411444e-06,444.5,ASK
396,1712305800.153496,3971223.44038915,435.0,-0.0,444.5,ASK
397,1712305830.1108563,3971223.44038915,435.0,-0.0,444.5,ASK
398,1712305832.4814527,3973575.03723884,435.0,-5.734063284214428e-07,444.5,ASK
399,1712305832.494222,3981157.83279828,435.0,-1.84896614463556e-06,444.5,ASK
400,1712305844.3697898,3988551.05846873,435.0,-1.8027419910188305e-06,444.5,ASK
401,1712305860.1918132,3988551.05846873,435.0,-0.0,444.5,ASK
402,1712305867.340057,3989572.27456651,435.0,-2.485534502924039e-07,444.5,ASK
403,1712305876.8705263,3995785.15946651,435.0,-1.5121520131943509e-06,444.5,ASK
404,1712305876.8738134,3997556.97540588,435.0,-4.312416989613989e-07,444.5,ASK
405,1712305876.950063,3997556.97540609,434.9,-5.1115053577469904e-17,444.5,ASK
406,1712305876.9532323,4019751.28559233,434.9,-5.401865859382577e-06,444.5,ASK
407,1712305890.1600475,4019751.28559233,434.9,-0.0,444.5,ASK
408,1712305920.1013122,4019751.28559233,434.9,-0.0,444.5,ASK
409,1712305950.114766,4019751.28559233,434.9,-0.0,444.5,ASK
410,1712305980.1384838,4019751.28559233,434.9,-0.0,444.5,ASK
411,1712306010.102518,4019751.28559233,434.9,-0.0,444.5,ASK
412,1712306040.1728814,4019751.28559233,434.9,-0.0,444.5,ASK
413,1712306070.1667452,4019751.28559233,434.9,-0.0,444.5,ASK
414,1712306097.2005286,4019762.79007818,434.7,-2.790855479127577e-09,444.5,ASK
415,1712306097.204579,4019774.30250911,434.4,-2.7927828639010275e-09,444.5,ASK
416,1712306097.208504,4021155.83601129,434.3,-3.351440815792085e-07,444.5,ASK
417,1712306097.3201878,4023468.91617029,434.3,5.611265483492487e-07,444.5,BID
418,1712306100.1332157,4023468.91617029,434.3,0.0,444.5,BID
419,1712306130.1034098,4023468.91617029,434.3,0.0,444.5,BID
420,1712306160.1499555,4023468.91617029,434.3,0.0,444.5,BID
421,1712306190.1700702,4023468.91617029,434.3,0.0,444.5,BID
422,1712306214.9605627,4024044.95303664,434.0,-1.3991451073843476e-07,444.5,ASK
423,1712306214.9647431,4024056.47607811,434.0,-2.798849871723065e-09,444.5,ASK
424,1712306214.9688227,4024067.99646511,434.1,-2.798205123386398e-09,444.5,ASK
425,1712306220.1031146,4024067.99646511,434.1,-0.0,444.5,ASK
426,1712306230.060011,4025067.99646511,433.5,-2.42876252452261e-07,444.5,ASK
427,1712306230.2000377,4035175.90237011,433.5,2.454970306346464e-06,444.5,BID
428,1712306230.2199626,4035175.90237088,433.5,1.8695110702122903e-16,444.5,BID
429,1712306250.1034586,4035175.90237088,433.5,0.0,444.5,BID
430,1712306280.1710055,4035175.90237088,433.5,0.0,444.5,BID
431,1712306310.1901412,4035175.90237088,433.5,0.0,444.5,BID
432,1712306340.113567,4035175.90237088,433.5,0.0,444.5,BID
433,1712306370.1368003,4035175.90237088,433.5,0.0,444.5,BID
434,1712306387.0604422,4035198.94915585,433.9,5.590978023624849e-09,444.5,BID
435,1712306400.1385193,4035198.94915585,433.9,0.0,444.5,BID
436,1712306430.1201596,4035198.94915585,433.9,0.0,444.5,BID
437,1712306453.3100054,4035221.23539691,433.9,5.42551661458437e-09,444.5,BID
438,1712306460.1700628,4035221.23539691,433.9,0.0,444.5,BID
439,1712306465.6202111,4035290.51946157,433.0,-1.6866952035720606e-08,444.5,ASK
440,1712306465.6226792,4035618.71063939,433.0,-7.989694141097308e-08,444.5,ASK
441,1712306465.6250205,4035641.80532761,433.0,-5.6223173452402035e-09,444.5,ASK
442,1712306465.720374,4035976.77506657,432.9,-8.15471573180813e-08,444.5,ASK
443,1712306465.7295902,4035999.87508961,432.9,-5.6236160876817625e-09,444.5,ASK
444,1712306465.7601569,4035999.87508967,432.9,-1.4623896217765598e-17,444.5,ASK
445,1712306488.8201838,4036635.00026256,432.3,-1.5461889945984944e-07,444.5,ASK
446,1712306488.824447,4036977.2840007,432.3,-8.332772365707525e-08,444.5,ASK
447,1712306488.827962,4037000.41608467,432.3,-5.631421203791154e-09,444.5,ASK
448,1712306490.1909256,4037000.41608467,432.3,-0.0,444.5,ASK
449,1712306520.1181033,4037000.41608467,432.3,-0.0,444.5,ASK
450,1712306547.0701358,4039829.53818797,432.3,-6.886104007586876e-07,444.5,ASK
451,1712306547.074095,4039829.5381882,432.3,-5.599109611303171e-17,444.5,ASK
452,1712306550.1119435,4039829.5381882,432.3,-0.0,444.5,ASK
453,1712306580.1431253,4039829.5381882,432.3,-0.0,444.5,ASK
454,1712306593.3300488,4039979.5381882,432.2,-3.6499245000466216e-08,444.5,ASK
455,1712306593.3328426,4040002.67562457,432.2,-5.6299930583177685e-09,444.5,ASK
456,1712306593.3399577,4041007.05769097,432.1,-2.443945807707831e-07,444.5,ASK
457,1712306610.1114483,4041007.05769097,432.1,-0.0,444.5,ASK
458,1712306640.159978,4041007.05769097,432.1,-0.0,444.5,ASK
459,1712306670.1643093,4041007.05769097,432.1,-0.0,444.5,ASK
460,1712306700.1430366,4041007.05769097,432.1,-0.0,444.5,ASK
461,1712306719.0600452,4042103.51900126,432.1,-2.669756706773539e-07,444.5,ASK
462,1712306730.1093152,4042103.51900126,432.1,-0.0,444.5,ASK
463,1712306760.1720169,4042103.51900126,432.1,-0.0,444.5,ASK
464,1712306790.163696,4042103.51900126,432.1,-0.0,444.5,ASK
465,1712306792.710328,4051868.50960923,432.1,-2.3773882226568136e-06,444.5,ASK
466,1712306792.7147782,4054452.44041227,432.1,-6.290847483553952e-07,444.5,ASK
467,1712306792.7191544,4055149.01662126,432.1,-1.695887013024168e-07,444.5,ASK
468,1712306792.7341447,4055149.01662147,432.1,-5.112990117362474e-17,444.5,ASK
469,1712306792.8300536,4055149.01662227,432.0,-1.9476977875008268e-16,444.5,ASK
470,1712306792.8335118,4055536.09893627,432.0,-9.423920323602417e-08,444.5,ASK
471,1712306792.8902495,4055559.25244402,431.9,-5.63696155459222e-09,444.5,ASK
472,1712306792.89435,4055671.8879234,431.8,-2.7422275441058924e-08,444.5,ASK
473,1712306792.8978007,4055685.70828804,431.9,-3.364711083425564e-09,444.5,ASK
474,1712306792.901199,4058043.03472092,431.8,-5.739155646409406e-07,444.5,ASK
475,1712306810.0080216,4058505.89054092,431.8,1.1268704901348933e-07,444.5,BID
476,1712306810.0198042,4058505.89054134,431.8,1.0225980234724947e-16,444.5,BID
477,1712306820.1156125,4058505.89054134,431.8,0.0,444.5,BID
478,1712306836.641858,4058852.9263796,431.8,-8.434395555345486e-08,444.5,ASK
479,1712306850.168895,4058852.9263796,431.8,-0.0,444.5,ASK
480,1712306858.3314764,4058890.35111327,431.8,9.095415426266741e-09,444.5,BID
481,1712306880.169933,4058890.35111327,431.8,0.0,444.5,BID
482,1712306910.1631005,4058890.35111327,431.8,0.0,444.5,BID
483,1712306910.8100033,4064527.1967016,431.8,1.369929614378394e-06,444.5,BID
484,1712306910.8123548,4065224.27868327,431.8,1.694127035013768e-07,444.5,BID
485,1712306910.8299692,4065224.278684,431.8,1.774509417938719e-16,444.5,BID
486,1712306940.134259,4065224.278684,431.8,0.0,444.5,BID
487,1712306960.3398452,4077039.02348551,431.8,-2.869444880464446e-06,444.5,ASK
488,1712306970.1155777,4077039.02348551,431.8,-0.0,444.5,ASK
489,1712307000.133888,4077039.02348551,431.8,-0.0,444.5,ASK
490,1712307016.2398174,4077220.38808645,431.8,-4.399666534348152e-08,444.5,ASK
491,1712307016.2430649,4079294.92161806,431.8,-5.032545329198577e-07,444.5,ASK
492,1712307016.2597637,4080256.42283635,431.8,-2.3324754174331853e-07,444.5,ASK
493,1712307018.4902663,4082957.19082835,431.8,-6.551707714667936e-07,444.5,ASK
494,1712307030.120516,4082957.19082835,431.8,-0.0,444.5,ASK
495,1712307060.159771,4082957.19082835,431.8,-0.0,444.5,ASK
496,1712307070.651384,4082957.19082912,431.8,-1.8672554287163604e-16,444.5,ASK
497,1712307070.6535714,4082980.38192373,431.2,-5.6223689158016204e-09,444.5,ASK
498,1712307070.6556325,4083040.38192373,431.1,-1.4546192865082032e-08,444.5,ASK
499,1712307070.6578598,4083051.97979014,431.2,-2.811746693703489e-09,444.5,ASK
500,1712307070.659896,4083201.97979014,431.1,-3.6365482162705086e-08,444.5,ASK
501,1712307070.6619484,4083520.91648006,431.0,-7.732191005551557e-08,444.5,ASK
502,1712307070.6640286,4083878.31286141,431.1,-8.6645944873269e-08,444.5,ASK
503,1712307090.1606617,4083878.31286141,431.1,-0.0,444.5,ASK
504,1712307095.849995,4084178.31286141,430.6,-7.27239636531242e-08,444.5,ASK
505,1712307095.8545947,4085791.74995904,430.3,-3.911184694821539e-07,444.5,ASK
506,1712307095.8586433,4085866.05392019,430.6,-1.801226189982403e-08,444.5,ASK
507,1712307120.1127615,4085866.05392019,430.6,-0.0,444.5,ASK
508,1712307131.410229,4085894.54579954,431.0,6.905376031237866e-09,444.5,BID
509,1712307150.1153038,4085894.54579954,431.0,0.0,444.5,BID
510,1712307157.3298314,4085928.57739854,431.0,8.247974299658213e-09,444.5,BID
511,1712307180.172867,4085928.57739854,431.0,0.0,444.5,BID
512,1712307182.2798748,4086273.12496215,431.0,8.350501977223334e-08,444.5,BID
513,1712307182.2837603,4086273.12496234,431.0,4.604618960388537e-17,444.5,BID
514,1712307193.0998683,4086531.49271175,431.0,6.261836187987519e-08,444.5,BID
515,1712307209.219782,4086576.49271175,431.0,1.0906261679454201e-08,444.5,BID
516,1712307210.1737888,4086576.49271175,431.0,0.0,444.5,BID
517,1712307240.111091,4086576.49271175,431.0,0.0,444.5,BID
518,1712307270.122022,4086576.49271175,431.0,0.0,444.5,BID
519,1712307279.1471248,4086770.23633123,431.0,-4.695279141836563e-08,444.5,ASK
520,1712307300.1296782,4086770.23633123,431.0,-0.0,444.5,ASK
521,1712307330.110158,4086770.23633123,431.0,-0.0,444.5,ASK
522,1712307343.8898616,4086822.34770013,431.0,1.2628672508236902e-08,444.5,BID
523,1712307360.1827528,4086822.34770013,431.0,0.0,444.5,BID
524,1712307390.171109,4086822.34770013,431.0,0.0,444.5,BID
525,1712307399.8154664,4087054.36626161,431.0,5.622708714718e-08,444.5,BID
526,1712307402.2034154,4087100.58203887,431.0,1.1199873488634191e-08,444.5,BID
527,1712307420.103614,4087100.58203887,431.0,0.0,444.5,BID
528,1712307450.1201365,4087100.58203887,431.0,0.0,444.5,BID
529,1712307472.591019,4087147.07204351,430.2,-1.1266002006361936e-08,444.5,ASK
530,1712307472.5958092,4087158.70035301,430.2,-2.8179080464960563e-09,444.5,ASK
531,1712307472.600416,4087308.70035301,430.1,-3.634975548050736e-08,444.5,ASK
532,1712307472.6029308,4087601.23230746,430.3,-7.088976676329906e-08,444.5,ASK
533,1712307472.605138,4087662.40675722,430.1,-1.4824508602870824e-08,444.5,ASK
534,1712307472.607268,4087961.05060748,430.1,-7.23708728847092e-08,444.5,ASK
535,1712307480.164834,4087961.05060748,430.1,-0.0,444.5,ASK
536,1712307499.112525,4088063.18517824,431.0,2.474822458408177e-08,444.5,BID
537,1712307503.290208,4088120.01119699,432.0,1.3769510791382889e-08,444.5,BID
538,1712307503.2942495,4090377.99999305,432.0,5.471331931741036e-07,444.5,BID
539,1712307510.1624515,4090377.99999305,432.0,0.0,444.5,BID
540,1712307540.11427,4090377.99999305,432.0,0.0,444.5,BID
541,1712307570.1204524,4090377.99999305,432.0,0.0,444.5,BID
542,1712307600.1545904,4090377.99999305,432.0,0.0,444.5,BID
543,1712307617.4404745,4090401.24499537,431.9,5.631268553048023e-09,444.5,BID
544,1712307617.4453423,4090494.8789002,431.9,2.2683485099688172e-08,444.5,BID
545,1712307630.1169474,4090494.8789002,431.9,0.0,444.5,BID
546,1712307639.5606136,4090720.58603945,431.9,5.4678504854226563e-08,444.5,BID
547,1712307639.565488,4091946.86785146,431.9,2.970719323875513e-07,444.5,BID
548,1712307639.5702343,4096494.8789002,432.0,1.1017748265831133e-06,444.5,BID
549,1712307660.163018,4096494.8789002,432.0,0.0,444.5,BID
550,1712307672.670606,4096726.36038168,432.0,5.6042175378336384e-08,444.5,BID
551,1712307690.1704416,4096726.36038168,432.0,0.0,444.5,BID
552,1712307720.1106195,4096726.36038168,432.0,0.0,444.5,BID
553,1712307750.1077876,4096726.36038168,432.0,0.0,444.5,BID
554,1712307780.1606982,4096726.36038168,432.0,0.0,444.5,BID
555,1712307810.1606271,4096726.36038168,432.0,0.0,444.5,BID
556,1712307838.0266354,4098119.44141256,430.7,-3.372598139269101e-07,444.5,ASK
557,1712307838.0307975,4101178.94883183,430.7,-7.406955374872295e-07,444.5,ASK
558,1712307838.033067,4103480.17999047,430.3,-5.571196327864252e-07,444.5,ASK
559,1712307838.0354018,4105776.94469635,430.1,-5.560383209364641e-07,444.5,ASK
560,1712307838.0380423,4106501.90029839,430.2,-1.7550909532867026e-07,444.5,ASK
561,1712307838.0402448,4106540.72584863,430.1,-9.399523473002411e-09,444.5,ASK
562,1712307838.042485,4107767.00766064,430.7,-2.9687833411895576e-07,444.5,ASK
563,1712307838.044773,4107778.6440848,429.9,-2.8171356583109036e-09,444.5,ASK
564,1712307838.0470204,4108534.45803828,430.0,-1.8297978916050765e-07,444.5,ASK
565,1712307838.0492666,4108546.09987851,429.7,-2.8184468690426504e-09,444.5,ASK
566,1712307838.0515325,4108557.73359653,430.0,-2.816480511663304e-09,444.5,ASK
567,1712307838.0538237,4109363.47179694,430.1,-1.950662664414379e-07,444.5,ASK
568,1712307838.056111,4109375.47179694,429.7,-2.9051560371661153e-09,444.5,ASK
569,1712307838.0583968,4110375.47179694,430.0,-2.420963364305096e-07,444.5,ASK
570,1712307838.0606651,4110387.47179694,429.7,-2.9051560371661153e-09,444.5,ASK
571,1712307838.0629454,4110387.47179697,429.9,-7.215033067181992e-18,444.5,ASK
572,1712307838.0651965,4114012.19744419,429.7,-8.77532799757651e-07,444.5,ASK
573,1712307838.0762231,4115451.90258001,429.7,-3.485473389222035e-07,444.5,ASK
574,1712307840.1361983,4115451.90258001,429.7,-0.0,444.5,ASK
575,1712307847.080709,4115553.85153592,431.0,2.463342798697291e-08,444.5,BID
576,1712307870.1141007,4115553.85153592,431.0,0.0,444.5,BID
577,1712307900.1665246,4115553.85153592,431.0,0.0,444.5,BID
578,1712307904.4579685,4115569.1317324,430.8,3.695824749956369e-09,444.5,BID
579,1712307921.8609788,4119990.84165389,429.7,-1.0694800283735397e-06,444.5,ASK
580,1712307921.8661327,4124438.25955437,429.7,-1.0756980233546106e-06,444.5,ASK
581,1712307921.8716242,4127944.39488894,429.7,-8.480297856883932e-07,444.5,ASK
582,1712307921.880624,4129979.29143266,429.7,-4.921809100905145e-07,444.5,ASK
583,1712307922.4211268,4135519.89288584,430.0,-1.340106588755308e-06,444.5,ASK
584,1712307922.9218683,4136140.94436175,429.7,-1.5021386790878656e-07,444.5,ASK
585,1712307930.163608,4136140.94436175,429.7,-0.0,444.5,ASK
586,1712307936.6362689,4136242.87100984,430.8,2.4600376375917863e-08,444.5,BID
587,1712307960.1069632,4136242.87100984,430.8,0.0,444.5,BID
588,1712307990.1040244,4136242.87100984,430.8,0.0,444.5,BID
589,1712308020.182557,4136242.87100984,430.8,0.0,444.5,BID
590,1712308050.1834683,4136242.87100984,430.8,0.0,444.5,BID
591,1712308054.301097,4137242.89100984,430.0,2.4135599601329224e-07,444.5,BID
592,1712308067.7134387,4137359.22418806,429.8,-2.8077148555672362e-08,444.5,ASK
593,1712308067.762863,4138072.64476762,429.7,-1.72184890858288e-07,444.5,ASK
594,1712308067.767163,4138085.38842762,429.6,-3.075697238134441e-09,444.5,ASK
595,1712308067.769501,4138131.95420062,429.5,-1.1238703748470953e-08,444.5,ASK
596,1712308067.7718587,4138281.95420062,429.6,-3.620267534848619e-08,444.5,ASK
597,1712308067.7741954,4142937.44768292,429.6,-1.1236087941780216e-06,444.5,ASK
598,1712308067.7765355,4145277.38365206,429.5,-5.647462815134516e-07,444.5,ASK
599,1712308067.785739,4145277.38365321,429.5,-2.775981032313186e-16,444.5,ASK
600,1712308069.4212344,4145311.41525221,429.4,-8.213566201269031e-09,444.5,ASK
601,1712308069.444073,4146475.83071564,429.4,-2.810330332887259e-07,444.5,ASK
602,1712308069.4488616,4176500.42284178,429.4,-7.246470408089051e-06,444.5,ASK
603,1712308069.4552047,4176523.96382629,429.4,-5.681644130656612e-09,444.5,ASK
604,1712308069.5012078,4176535.61922878,429.2,-2.813045015994381e-09,444.5,ASK
605,1712308069.505216,4176685.61922878,429.1,-3.620267534848619e-08,444.5,ASK
606,1712308069.509237,4176730.61922878,429.0,-1.0860802604545856e-08,444.5,ASK
607,1712308069.5135229,4177266.74976491,429.0,-1.2939573162620114e-07,444.5,ASK
608,1712308069.5177572,4177278.40788364,429.1,-2.8137005836954323e-09,444.5,ASK
609,1712308069.5204191,4177990.62349629,429.0,-1.718940706859211e-07,444.5,ASK
610,1712308070.1722145,4177990.62349843,429.0,-5.165347702231337e-16,444.5,ASK
611,1712308072.294798,4178223.88685275,428.7,-5.6298383247658185e-08,444.5,ASK
612,1712308072.2989707,4178273.88685275,428.7,-1.2067558449495397e-08,444.5,ASK
613,1712308072.3025265,4178285.55857172,428.6,-2.816983017516978e-09,444.5,ASK
614,1712308072.3088002,4178297.2275681,428.7,-2.816325917294577e-09,444.5,ASK
615,1712308072.3112051,4178543.89112243,428.6,-5.95325371847248e-08,444.5,ASK
616,1712308072.4035027,4178543.89112386,428.6,-3.451432287544046e-16,444.5,ASK
617,1712308072.4059978,4183329.95973767,428.5,-1.1551232548089514e-06,444.5,ASK
618,1712308072.4105663,4183341.63418049,428.5,-2.817640421861025e-09,444.5,ASK
619,1712308080.1083586,4183341.63418049,428.5,-0.0,444.5,ASK
620,1712308081.9430647,4183546.29509869,429.1,4.915525673365728e-08,444.5,BID
621,1712308087.210963,4183648.46242565,429.1,2.453844745100113e-08,444.5,BID
622,1712308110.1274176,4183648.46242565,429.1,0.0,444.5,BID
623,1712308112.2009974,4183750.70018788,429.0,2.4554588059951084e-08,444.5,BID
624,1712308137.1111543,4183852.93795011,429.0,2.4554588059951084e-08,444.5,BID
625,1712308140.1657429,4183852.93795011,429.0,0.0,444.5,BID
626,1712308157.031196,4183940.12485473,428.9,2.093936113803576e-08,444.5,BID
627,1712308157.033937,4183955.17623409,428.9,3.614834927495489e-09,444.5,BID
628,1712308167.681065,4183966.85340204,428.4,-2.804462870251353e-09,444.5,ASK
629,1712308167.6853282,4191444.72736058,428.4,-1.7959337362095289e-06,444.5,ASK
630,1712308167.8209908,4194657.31239647,428.4,7.715548401037397e-07,444.5,BID
631,1712308167.825181,4198298.2421038,428.4,8.744288187811963e-07,444.5,BID
632,1712308170.1557543,4198298.2421038,428.4,0.0,444.5,BID
633,1712308179.7411826,4198400.50370324,428.9,2.452334782558377e-08,444.5,BID
634,1712308196.751195,4198502.81193359,428.9,2.4534530381141612e-08,444.5,BID
635,1712308200.1811912,4198502.81193359,428.9,0.0,444.5,BID
636,1712308217.00659,4198707.33407811,429.0,4.919209026993726e-08,444.5,BID
637,1712308221.8810368,4199875.01273211,428.2,-2.808524910040504e-07,444.5,ASK
638,1712308230.1174383,4199875.01273211,428.2,-0.0,444.5,ASK
639,1712308231.761117,4199978.06634516,429.0,2.478316523074069e-08,444.5,BID
640,1712308242.2916176,4200080.23417732,429.0,2.4570145487967625e-08,444.5,BID
641,1712308260.1761825,4200080.23417732,429.0,0.0,444.5,BID
642,1712308290.1654212,4200080.23417732,429.0,0.0,444.5,BID
643,1712308295.721839,4202983.29847995,429.0,6.981375701931246e-07,444.5,BID
644,1712308295.7274768,4210268.53926897,429.0,1.751976454021561e-06,444.5,BID
645,1712308295.7316804,4234160.71624832,429.0,5.745662046782162e-06,444.5,BID
646,1712308295.741389,4234160.71624906,429.0,1.7782998306408162e-16,444.5,BID
647,1712308296.781846,4234350.07048064,429.0,-4.553647090125015e-08,444.5,ASK
648,1712308296.7877517,4239577.03962919,429.0,-1.256997145236366e-06,444.5,ASK
649,1712308296.9052858,4239599.03962919,429.1,5.290625677955359e-09,444.5,BID
650,1712308320.116648,4239599.03962919,429.1,0.0,444.5,BID
651,1712308341.8115942,4239612.99961057,429.8,3.3435063717151556e-09,444.5,BID
652,1712308350.1116793,4239612.99961057,429.8,0.0,444.5,BID
653,1712308380.1649687,4239612.99961057,429.8,0.0,444.5,BID
654,1712308410.162537,4239612.99961057,429.8,0.0,444.5,BID
655,1712308422.051508,4239715.84535357,429.8,2.4632189221073362e-08,444.5,BID
656,1712308440.1303706,4239715.84535357,429.8,0.0,444.5,BID
657,1712308470.1151562,4239715.84535357,429.8,0.0,444.5,BID
658,1712308500.1300037,4239715.84535357,429.8,0.0,444.5,BID
659,1712308530.1219256,4239715.84535357,429.8,0.0,444.5,BID
660,1712308543.6545043,4239715.84535397,429.8,9.599594374869854e-17,444.5,BID
661,1712308543.6573029,4239739.10116752,430.0,5.5746272550436285e-09,444.5,BID
662,1712308560.1242938,4239739.10116752,430.0,0.0,444.5,BID
663,1712308590.1140792,4239739.10116752,430.0,0.0,444.5,BID
664,1712308591.971106,4239972.14707756,429.1,-5.5863062579174886e-08,444.5,ASK
665,1712308591.9738176,4240970.00841452,429.1,-2.391957460319233e-07,444.5,ASK
666,1712308591.9913435,4240970.00841524,429.1,-1.7256903870337072e-16,444.5,ASK
667,1712308592.0983706,4241510.78506624,429.0,-1.296287065962937e-07,444.5,ASK
668,1712308592.151337,4246970.00841524,429.0,-1.3086217025883158e-06,444.5,ASK
669,1712308620.1651237,4246970.00841524,429.0,-0.0,444.5,ASK
670,1712308629.131289,4248499.51435724,429.1,-3.663629899496662e-07,444.5,ASK
671,1712308629.1712444,4248499.51435791,429.1,-1.603944906207121e-16,444.5,ASK
672,1712308629.2711174,4251560.76960191,429.0,-7.332633325534198e-07,444.5,ASK
673,1712308637.0411072,4251560.76960266,429.0,-1.7957936710663872e-16,444.5,ASK
674,1712308650.1644726,4251560.76960266,429.0,-0.0,444.5,ASK
675,1712308672.5512495,4251662.96074485,429.0,2.44663304939834e-08,444.5,BID
676,1712308680.1012776,4251662.96074485,429.0,0.0,444.5,BID
677,1712308710.122427,4251662.96074485,429.0,0.0,444.5,BID
678,1712308740.1622066,4251662.96074485,429.0,0.0,444.5,BID
679,1712308756.511366,4251794.96134285,429.0,3.1602899130448864e-08,444.5,BID
680,1712308770.1649053,4251794.96134285,429.0,0.0,444.5,BID
681,1712308793.831282,4270374.91747937,428.6,-4.448256506817632e-06,444.5,ASK
682,1712308800.1513195,4270374.91747937,428.6,-0.0,444.5,ASK
683,1712308812.3612556,4270374.91747943,429.0,1.447144453870651e-17,444.5,BID
684,1712308812.3669186,4270481.16167621,430.8,2.539823956842099e-08,444.5,BID
685,1712308829.8838117,4270583.14118249,429.4,2.4378742651842986e-08,444.5,BID
686,1712308830.1126735,4270583.14118249,429.4,0.0,444.5,BID
687,1712308847.4013965,4270689.14956628,429.4,2.5341324668081745e-08,444.5,BID
688,1712308860.161351,4270689.14956628,429.4,0.0,444.5,BID
689,1712308862.3852532,4272470.04853928,428.6,-4.257196117797089e-07,444.5,ASK
690,1712308871.2712958,4272470.04853941,428.6,-3.1168258687613886e-17,444.5,ASK
691,1712308876.1352878,4272483.98602941,428.5,-3.331723428284627e-09,444.5,ASK
692,1712308877.315077,4272555.37459417,428.5,1.706526452979008e-08,444.5,BID
693,1712308886.7714047,4272555.374595,428.2,-1.9858633392394e-16,444.5,ASK
694,1712308886.7743375,4272578.72816809,428.2,-5.582615420664287e-09,444.5,ASK
695,1712308886.778796,4273440.18272717,428.2,-2.059286382987196e-07,444.5,ASK
696,1712308886.951503,4277324.41262133,428.1,-9.285158044753638e-07,444.5,ASK
697,1712308886.9585576,4277324.41262221,428.2,-2.103857461413938e-16,444.5,ASK
698,1712308886.9628584,4277886.09797217,428.1,-1.342695305870306e-07,444.5,ASK
699,1712308886.9654934,4277926.09797217,428.1,-9.561903695469254e-09,444.5,ASK
700,1712308887.4035635,4278001.15048092,428.5,1.7941121519271375e-08,444.5,BID
701,1712308890.4996676,4278001.15048092,428.5,0.0,444.5,BID
702,1712308920.121886,4278001.15048092,428.5,0.0,444.5,BID
703,1712308950.1115894,4278001.15048092,428.5,0.0,444.5,BID
704,1712308972.3512533,4279106.26708115,428.1,-2.639778666377349e-07,444.5,ASK
705,1712308972.355939,4279106.26708216,428.1,-2.413733291012567e-16,444.5,ASK
706,1712308980.1677182,4279106.26708216,428.1,-0.0,444.5,ASK
707,1712308982.5979748,4279180.27734865,428.5,1.7676745276511002e-08,444.5,BID
708,1712308982.6024137,4279209.36414475,428.6,6.9471427406351675e-09,444.5,BID
709,1712309005.231554,4279527.36414475,428.4,7.595169244174302e-08,444.5,BID
710,1712309010.1612327,4279527.36414475,428.4,0.0,444.5,BID
711,1712309016.3208623,4279731.88212475,428.6,4.884533776971336e-08,444.5,BID
712,1712309016.391384,4279731.88212552,428.6,1.8394892839456724e-16,444.5,BID
713,1712309017.7214825,4280107.17815523,430.7,8.963251707662698e-08,444.5,BID
714,1712309034.8155696,4280121.10895523,428.7,-3.327113984632855e-09,444.5,ASK
715,1712309039.861194,4280248.94087816,428.1,-3.0530291044827385e-08,444.5,ASK
716,1712309040.111369,4280248.94087816,428.1,-0.0,444.5,ASK
717,1712309043.621183,4280260.59317366,429.1,2.7827292942735003e-09,444.5,BID
718,1712309054.421434,4280493.6390837,429.0,5.5654585894811344e-08,444.5,BID
719,1712309057.477064,4280993.6390837,428.8,1.1940691403955274e-07,444.5,BID
720,1712309070.1156518,4280993.6390837,428.8,0.0,444.5,BID
721,1712309078.3353171,4281362.9830527,428.2,-8.819772013602467e-08,444.5,ASK
722,1712309087.2223828,4281376.99494358,428.9,3.345978096632706e-09,444.5,BID
723,1712309087.225292,4281403.99494358,428.9,6.447481598583853e-09,444.5,BID
724,1712309100.162244,4281403.99494358,428.9,0.0,444.5,BID
725,1712309102.751345,4281529.87413389,428.2,-3.008619033257356e-08,444.5,ASK
726,1712309108.431272,4281534.65097458,428.2,-1.1417052957653212e-09,444.5,ASK
727,1712309112.712067,4283728.84369095,428.1,-5.244306030928634e-07,444.5,ASK
728,1712309113.791361,4284532.04369095,428.1,-1.9197158812038602e-07,444.5,ASK
729,1712309117.5212395,4290577.68167595,428.1,-1.444958572189406e-06,444.5,ASK
730,1712309117.690062,4306296.59568455,428.1,-3.7569532940257294e-06,444.5,ASK
731,1712309117.6930227,4306735.96000655,428.0,-1.0501178617765193e-07,444.5,ASK
732,1712309117.7730708,4306747.64808774,428.0,-2.7935501844179288e-09,444.5,ASK
733,1712309117.775895,4310080.62453222,428.0,-7.966095383656103e-07,444.5,ASK
734,1712309117.778736,4310177.33750405,428.0,-2.3115217622046625e-08,444.5,ASK
735,1712309118.7577658,4311223.63967745,427.9,-2.500750621036516e-07,444.5,ASK
736,1712309118.7606869,4311788.23750405,427.9,-1.3494365216861949e-07,444.5,ASK
737,1712309121.3814385,4311867.74559298,427.9,-1.900310520448489e-08,444.5,ASK
738,1712309121.386135,4312084.23750405,427.9,-5.174339639373095e-08,444.5,ASK
739,1712309122.8644874,4312304.72941512,427.9,-5.2699430198889655e-08,444.5,ASK
740,1712309123.5814705,4312804.72941512,427.9,1.1950422567266185e-07,444.5,BID
741,1712309123.6013453,4312816.65087374,427.8,-2.849329362681719e-09,444.5,ASK
742,1712309123.6112816,4313004.72941512,427.8,-4.4952360906383024e-08,444.5,ASK
743,1712309127.941203,4313116.65087374,427.8,-2.675017449721409e-08,444.5,ASK
744,1712309130.1718628,4313116.65087374,427.8,-0.0,444.5,ASK
745,1712309140.3540375,4313255.65087374,427.7,-3.311473114128332e-08,444.5,ASK
746,1712309140.8113587,4313818.07710708,427.7,-1.339898813227381e-07,444.5,ASK
747,1712309140.81612,4314129.77338659,427.7,-7.425711146553556e-08,444.5,ASK
748,1712309144.2415805,4314141.92820359,427.6,-2.895708611708936e-09,444.5,ASK
749,1712309144.2477872,4314441.92820359,427.6,-7.14706427509712e-08,444.5,ASK
750,1712309144.2520914,4314572.82314563,427.6,-3.118381880141013e-08,444.5,ASK
751,1712309145.3926964,4315072.82314563,427.6,1.1911773791828537e-07,444.5,BID
752,1712309147.6621196,4315111.17674712,427.6,9.137188501051474e-09,444.5,BID
753,1712309153.1814249,4315131.17674712,427.5,-4.764709516731414e-09,444.5,ASK
754,1712309153.1844068,4317440.27167135,427.5,-5.501083280257748e-07,444.5,ASK
755,1712309153.2072964,4317455.18493425,427.5,-3.552868283249049e-09,444.5,ASK
756,1712309153.2121296,4317873.47255409,427.5,-9.965095014921325e-08,444.5,ASK
757,1712309153.2159996,4319397.66334731,427.5,-3.631163188884758e-07,444.5,ASK
758,1712309153.218739,4319672.49273878,427.3,-6.547411085055137e-08,444.5,ASK
759,1712309153.2214909,4319695.89002469,427.4,-5.574063542130153e-09,444.5,ASK
760,1712309153.2242894,4319707.84227188,427.2,-2.847449296694862e-09,444.5,ASK
761,1712309153.2271185,4320207.84227188,427.2,-1.1911773791828537e-07,444.5,ASK
762,1712309153.2299352,4320442.03430935,427.0,-5.579285148373175e-08,444.5,ASK
763,1712309153.2327523,4320453.75634959,427.0,-2.792605834285489e-09,444.5,ASK
764,1712309153.2355852,4320465.48937066,427.0,-2.79522185767137e-09,444.5,ASK
765,1712309153.2384448,4320615.48937066,427.0,-3.57353213754856e-08,444.5,ASK
766,1712309153.2412894,4320658.9030911,427.1,-1.0342688346887724e-08,444.5,ASK
767,1712309153.244128,4320678.9030911,427.0,-4.764709516731414e-09,444.5,ASK
768,1712309153.2469606,4320690.63061918,427.2,-2.7939132326075446e-09,444.5,ASK
769,1712309153.2498024,4320807.72663791,427.0,-2.7896425740645563e-08,444.5,ASK
770,1712309153.2526608,4320832.89724644,427.3,-5.9965319001979596e-09,444.5,ASK
771,1712309153.255529,4321066.97964344,427.2,-5.5766731234244046e-08,444.5,ASK
772,1712309153.2583878,4321086.97964344,427.1,-4.764709516731414e-09,444.5,ASK
773,1712309153.261258,4321186.97964344,427.2,-2.3823547583657072e-08,444.5,ASK
774,1712309153.264162,4321421.17168091,427.0,-5.579285148373175e-08,444.5,ASK
775,1712309153.2670608,4322079.00563875,427.0,-1.56719385967631e-07,444.5,ASK
776,1712309153.2703297,4322312.26899307,427.0,5.557160621167863e-08,444.5,BID
777,1712309153.284153,4324613.50015171,427.0,5.482349000883775e-07,444.5,BID
778,1712309153.3204105,4324872.21024813,427.0,6.163392292451538e-08,444.5,BID
779,1712309153.3235202,4326017.38504421,427.0,2.728212624599964e-07,444.5,BID
780,1712309160.1027424,4326017.38504421,427.0,0.0,444.5,BID
781,1712309161.6312823,4326525.41693356,427.3,1.2087248042211492e-07,444.5,BID
782,1712309161.7138848,4326672.56543224,427.3,3.501001491982429e-08,444.5,BID
783,1712309161.7204835,4327149.84476413,427.3,1.1355573913586417e-07,444.5,BID
784,1712309162.0114057,4327704.77911113,427.3,1.320316547040259e-07,444.5,BID
785,1712309162.0933146,4327704.77911123,427.3,2.370938932546922e-17,444.5,BID
786,1712309163.2414117,4328021.0152892,427.5,7.52398659054735e-08,444.5,BID
787,1712309163.2478888,4333437.88461123,427.5,1.2887978979308644e-06,444.5,BID
788,1712309163.321228,4349216.79393323,427.5,3.7541657287408e-06,444.5,BID
789,1712309163.341184,4356277.19169522,427.5,1.6798311447536064e-06,444.5,BID
790,1712309163.421864,4356822.19169522,427.0,-1.2966804488260954e-07,444.5,ASK
791,1712309163.4417632,4357977.03286872,427.7,2.747632974635972e-07,444.5,BID
792,1712309163.4446027,4357977.03286957,427.7,2.0230535003881681e-16,444.5,BID
793,1712309163.4488678,4358325.84554307,427.7,8.299056404219469e-08,444.5,BID
794,1712309163.7813396,4360787.58248558,428.1,-5.857038832120739e-07,444.5,ASK
795,1712309163.8032827,4362463.46481606,428.1,-3.987309821039578e-07,444.5,ASK
796,1712309171.9344704,4366601.08408806,428.1,9.844348650804889e-07,444.5,BID
797,1712309171.9404025,4366601.08408905,428.1,2.355428117100353e-16,444.5,BID
798,1712309172.4318645,4366671.34170029,429.0,1.671590291311377e-08,444.5,BID
799,1712309172.4350252,4366740.09630748,430.8,1.6358303653077726e-08,444.5,BID
800,1712309177.6154013,4366879.34123873,429.1,3.312957430272519e-08,444.5,BID
801,1712309190.1031358,4366879.34123873,429.1,0.0,444.5,BID
802,1712309207.0220578,4367018.58616997,427.3,-3.2992412092353955e-08,444.5,ASK
803,1712309207.028259,4367422.34123873,427.3,-9.56649085479041e-08,444.5,ASK
804,1712309208.3852406,4367503.34123873,427.3,-1.9191976007110322e-08,444.5,ASK
805,1712309220.181945,4367503.34123873,427.3,-0.0,444.5,ASK
806,1712309245.63229,4367705.73557526,427.3,-4.7951874921258654e-08,444.5,ASK
807,1712309245.639772,4367720.9805065,427.3,-3.611874959368882e-09,444.5,ASK
808,1712309245.644014,4371116.23966014,427.2,-8.044150100833497e-07,444.5,ASK
809,1712309245.6500947,4371616.23966014,427.2,-1.184615037737214e-07,444.5,ASK
810,1712309245.653361,4371798.42716014,427.2,-4.316441043754973e-08,444.5,ASK
811,1712309250.171994,4371798.42716014,427.2,-0.0,444.5,ASK
812,1712309278.0151591,4372242.97039196,427.2,-1.052767529392494e-07,444.5,ASK
813,1712309280.0965965,4372242.97039196,427.2,-0.0,444.5,ASK
814,1712309310.1060927,4372242.97039196,427.2,-0.0,444.5,ASK
815,1712309336.352034,4372706.97039196,427.4,-1.0987956411558929e-07,444.5,ASK
816,1712309336.363461,4373130.97039196,427.5,-1.0040718789872813e-07,444.5,ASK
817,1712309336.3664916,4384489.39309429,427.3,-2.6897813266651986e-06,444.5,ASK
818,1712309340.1753285,4384489.39309429,427.3,-0.0,444.5,ASK
819,1712309370.1748362,4384489.39309429,427.3,-0.0,444.5,ASK
820,1712309400.1809895,4384489.39309429,427.3,-0.0,444.5,ASK
821,1712309430.1160653,4384489.39309429,427.3,-0.0,444.5,ASK
1022,1712309433.2218716,4384715.67366071,427.6,-5.389072621415641e-08,444.5,ASK
822,1712309433.2218716,4384715.67366071,427.6,-5.3890726214156413e-08,444.5,ASK
823,1712309460.162069,4384715.67366071,427.6,-0.0,444.5,ASK
824,1712309490.1642857,4384715.67366071,427.6,-0.0,444.5,ASK
825,1712309501.2520697,4384949.31852052,428.0,-5.5643315851580384e-08,444.5,ASK
826,1712309501.3320253,4388656.36754552,428.0,8.82846299052406e-07,444.5,BID
827,1712309501.3373773,4388656.36754559,428.0,1.6634822253730866e-17,444.5,BID
828,1712309520.141905,4388656.36754559,428.0,0.0,444.5,BID
829,1712309550.108443,4388656.36754559,428.0,0.0,444.5,BID
830,1712309572.411903,4388795.09748278,429.9,3.3025739526563465e-08,444.5,BID
831,1712309580.2146225,4388795.09748278,429.9,0.0,444.5,BID
832,1712309582.5918696,4388933.87394242,429.9,3.3036345514926125e-08,444.5,BID
833,1712309610.1174634,4388933.87394242,429.9,0.0,444.5,BID
834,1712309640.1734288,4388933.87394242,429.9,0.0,444.5,BID
835,1712309670.1721635,4388933.87394242,429.9,0.0,444.5,BID
836,1712309700.112107,4388933.87394242,429.9,0.0,444.5,BID
837,1712309711.982241,4389433.87394188,428.0,-1.2086551923655504e-07,444.5,ASK
838,1712309711.9867623,4389450.90384842,428.0,-4.116656997504545e-09,444.5,ASK
839,1712309712.082209,4389450.90384896,428.0,-1.305751525479099e-16,444.5,ASK
840,1712309712.2426777,4390489.82223062,427.6,-2.511388195588479e-07,444.5,ASK
841,1712309712.2518618,4391044.40186111,427.6,-1.3405911013907976e-07,444.5,ASK
842,1712309730.118821,4391044.40186111,427.6,-0.0,444.5,ASK
843,1712309731.70487,4393966.43643011,427.6,7.061923582862115e-07,444.5,BID
844,1712309760.1720526,4393966.43643011,427.6,0.0,444.5,BID
845,1712309780.8421416,4394293.84522311,427.6,7.910371496324245e-08,444.5,BID
846,1712309780.8485222,4394293.84522338,427.6,6.525362893818096e-17,444.5,BID
847,1712309790.1819222,4394293.84522338,427.6,0.0,444.5,BID
848,1712309810.2022862,4394443.84522338,427.5,-3.6239576218568523e-08,444.5,ASK
849,1712309810.2078192,4396783.02650992,427.5,-5.651395901507415e-07,444.5,ASK
850,1712309810.213216,4398286.81471805,427.5,-3.633109825673669e-07,444.5,ASK
851,1712309810.3021648,4410121.80718905,427.5,2.85930074465997e-06,444.5,BID
852,1712309810.3089318,4416033.51076618,427.5,1.4282508824332697e-06,444.5,BID
853,1712309820.1115074,4416033.51076618,427.5,0.0,444.5,BID
854,1712309850.1157806,4416033.51076618,427.5,0.0,444.5,BID
855,1712309880.1720407,4416033.51076618,427.5,0.0,444.5,BID
856,1712309882.9721613,4416149.89560666,427.5,-2.8055255247908052e-08,444.5,ASK
1056,1712309882.9721613,4416149.89560666,427.5,-2.805525524790805e-08,444.5,ASK
857,1712309910.1658788,4416149.89560666,427.5,-0.0,444.5,ASK
858,1712309940.1149511,4416149.89560666,427.5,-0.0,444.5,ASK
859,1712309962.4623797,4416546.89560666,427.8,-9.569805401534777e-08,444.5,ASK
860,1712309962.469427,4419739.94377607,427.5,-7.696939450624477e-07,444.5,ASK
861,1712309962.4749362,4419763.94377607,427.6,-5.785272786822031e-09,444.5,ASK
862,1712309962.4802527,4419775.94377607,427.6,-2.8926363934110156e-09,444.5,ASK
863,1712309962.484162,4423137.92659746,427.5,-8.104161552646212e-07,444.5,ASK
864,1712309970.11201,4423137.92659746,427.5,-0.0,444.5,ASK
865,1712310000.1321814,4423137.92659746,427.5,-0.0,444.5,ASK
866,1712310008.2421489,4423444.01051354,429.0,7.388233579845375e-08,444.5,BID
867,1712310013.2721667,4423545.45573498,429.0,2.448678131003245e-08,444.5,BID
868,1712310030.1172185,4423545.45573498,429.0,0.0,444.5,BID
869,1712310034.472186,4424243.617243,429.7,1.6851465754649673e-07,444.5,BID
870,1712310060.155408,4424243.617243,429.7,0.0,444.5,BID
871,1712310089.2074506,4426544.84839167,429.7,-5.554060146294255e-07,444.5,ASK
872,1712310089.211839,4426570.85716039,429.7,-6.277260147835366e-09,444.5,ASK
873,1712310090.1680007,4426570.85716039,429.7,-0.0,444.5,ASK
874,1712310120.1068764,4426570.85716039,429.7,-0.0,444.5,ASK
875,1712310121.6320038,4426803.46939579,429.9,5.61278081528521e-08,444.5,BID
876,1712310139.385144,4427503.42273223,428.6,-1.688941534658086e-07,444.5,ASK
877,1712310139.3918512,4428670.01162579,428.6,-2.81490255654024e-07,444.5,ASK
878,1712310139.4020307,4428670.0116263,428.6,-1.231476749243301e-16,444.5,ASK
879,1712310150.1031177,4428670.0116263,428.6,-0.0,444.5,ASK
880,1712310180.163862,4428670.0116263,428.6,-0.0,444.5,ASK
881,1712310188.052153,4428735.02215429,428.6,-1.5683208576483658e-08,444.5,ASK
882,1712310209.892051,4428758.35393217,428.6,5.628582789067478e-09,444.5,BID
883,1712310210.1624963,4428758.35393217,428.6,0.0,444.5,BID
884,1712310212.4620676,4428781.68571005,428.6,5.628531376746048e-09,444.5,BID
885,1712310214.7721198,4428805.01748793,428.6,5.628531376746048e-09,444.5,BID
886,1712310216.4421058,4428828.34926581,428.6,5.628531376746048e-09,444.5,BID
887,1712310240.1121063,4428828.34926581,428.6,0.0,444.5,BID
888,1712310270.1129124,4428828.34926581,428.6,0.0,444.5,BID
889,1712310294.886777,4431223.42131738,428.6,5.777802574476314e-07,444.5,BID
890,1712310294.8903096,4431378.08353415,428.5,3.731026603750352e-08,444.5,BID
891,1712310295.1129258,4433494.70484115,428.6,-5.106076048425355e-07,444.5,ASK
892,1712310295.1299007,4433494.7048421,428.6,-2.2916295670810407e-16,444.5,ASK
893,1712310297.4419472,4433861.95604111,428.0,-8.859461750754944e-08,444.5,ASK
894,1712310298.032375,4434371.81384996,429.0,1.229966237827223e-07,444.5,BID
895,1712310300.13661,4434371.81384996,429.0,0.0,444.5,BID
896,1712310313.345317,4434555.43944947,428.1,-4.438221266610129e-08,444.5,ASK
897,1712310330.10765,4434555.43944947,428.1,-0.0,444.5,ASK
898,1712310350.8821063,4434576.51870748,428.2,-5.094748985721409e-09,444.5,ASK
899,1712310360.1721764,4434576.51870748,428.2,-0.0,444.5,ASK
900,1712310390.174317,4434576.51870748,428.2,-0.0,444.5,ASK
901,1712310420.1128578,4434576.51870748,428.2,-0.0,444.5,ASK
902,1712310432.194416,4434973.51870568,428.2,-9.595266231194388e-08,444.5,ASK
903,1712310432.2020187,4434987.53084953,428.4,-3.3866562046185878e-09,444.5,ASK
904,1712310432.2053945,4438144.04042448,428.2,-7.629105760780784e-07,444.5,ASK
905,1712310432.2119567,4438144.04042628,428.2,-4.351094428225929e-16,444.5,ASK
906,1712310443.2422452,4438450.47549272,428.9,7.406362867484263e-08,444.5,BID
907,1712310450.122122,4438450.47549272,428.9,0.0,444.5,BID
908,1712310471.4623566,4438550.47549272,428.1,-2.415974883646603e-08,444.5,ASK
909,1712310471.4697213,4438563.85013272,428.1,-3.231279431794265e-09,444.5,ASK
910,1712310471.4773204,4438696.59893371,428.0,-3.207177690264562e-08,444.5,ASK
911,1712310471.480843,4438801.86744563,427.5,-2.543260808381433e-08,444.5,ASK
912,1712310471.484119,4438960.33330157,427.6,-3.82849527867193e-08,444.5,ASK
913,1712310480.21094,4438960.33330157,427.6,-0.0,444.5,ASK
914,1712310510.172049,4438960.33330157,427.6,-0.0,444.5,ASK
915,1712310519.5321963,4443466.29071057,428.5,1.0885706294775357e-06,444.5,BID
916,1712310519.6125965,4450318.75600357,428.5,1.6554511683963883e-06,444.5,BID
917,1712310519.622023,4450318.7560039,428.5,7.987263522312863e-17,444.5,BID
918,1712310537.3823628,4451118.64772085,428.6,-1.9324164673517745e-07,444.5,ASK
919,1712310537.4246094,4451552.55107385,428.5,1.0482443645922305e-07,444.5,BID
920,1712310540.1183865,4451552.55107385,428.5,0.0,444.5,BID
921,1712310570.2263474,4451552.55107385,428.5,0.0,444.5,BID
922,1712310600.1378644,4451552.55107385,428.5,0.0,444.5,BID
923,1712310611.6132958,4451552.55107414,428.5,7.022310509891271e-17,444.5,BID
924,1712310630.005636,4451599.0518879,430.0,1.1274052762537405e-08,444.5,BID
925,1712310630.1285093,4451599.0518879,430.0,0.0,444.5,BID
926,1712310660.1922965,4451599.0518879,430.0,0.0,444.5,BID
927,1712310690.1520245,4451599.0518879,430.0,0.0,444.5,BID
928,1712310720.1067607,4451599.0518879,430.0,0.0,444.5,BID
929,1712310724.0122373,4451622.30770185,430.0,5.6383099838445804e-09,444.5,BID
930,1712310725.7221828,4451645.5635158,430.0,5.6383099836187825e-09,444.5,BID
931,1712310726.962114,4451668.81932975,430.0,5.6383099836187825e-09,444.5,BID
932,1712310729.0422218,4451692.0751437,430.0,5.6383099838445804e-09,444.5,BID
933,1712310730.4821422,4451715.33095765,430.0,5.6383099836187825e-09,444.5,BID
934,1712310750.1020184,4451715.33095765,430.0,0.0,444.5,BID
935,1712310755.9721506,4451738.5867716,430.0,5.6382416347874685e-09,444.5,BID
936,1712310761.492366,4451778.5867716,430.0,9.697775613396941e-09,444.5,BID
937,1712310766.6357362,4451825.0983995,430.0,1.127648326980073e-08,444.5,BID
938,1712310773.5420983,4451911.14491112,430.0,2.0861494050000665e-08,444.5,BID
939,1712310780.162243,4451911.14491112,430.0,0.0,444.5,BID
940,1712310803.6521664,4452196.49374832,430.0,6.917981264378585e-08,444.5,BID
941,1712310810.162315,4452196.49374832,430.0,0.0,444.5,BID
942,1712310840.122164,4452196.49374832,430.0,0.0,444.5,BID
943,1712310842.422202,4452219.86481783,429.0,5.665900487262785e-09,444.5,BID
944,1712310846.0182526,4452817.30667825,427.9,-1.4483916222521348e-07,444.5,ASK
945,1712310846.022026,4455351.15006257,427.9,-6.142853008933954e-07,444.5,ASK
946,1712310846.1121285,4455579.01311442,427.9,5.524134768312663e-08,444.5,BID
947,1712310870.1120777,4455579.01311442,427.9,0.0,444.5,BID
948,1712310900.162063,4455579.01311442,427.9,0.0,444.5,BID
949,1712310930.1765966,4455579.01311442,427.9,0.0,444.5,BID
950,1712310939.3921506,4455963.39320281,429.9,9.320175120833781e-08,444.5,BID
951,1712310960.1121535,4455963.39320281,429.9,0.0,444.5,BID
952,1712310983.6222262,4455989.74869894,428.5,-6.390237295413402e-09,444.5,ASK
953,1712310990.1080244,4455989.74869894,428.5,-0.0,444.5,ASK
954,1712310992.192149,4456149.77092374,428.5,-3.879939060665841e-08,444.5,ASK
955,1712311020.1627278,4456149.77092374,428.5,-0.0,444.5,ASK
956,1712311050.1798964,4456149.77092374,428.5,-0.0,444.5,ASK
957,1712311067.912124,4456219.51970252,429.9,1.6911182956866866e-08,444.5,BID
958,1712311080.1033866,4456219.51970252,429.9,0.0,444.5,BID
959,1712311110.1153145,4456219.51970252,429.9,0.0,444.5,BID
960,1712311140.1823096,4456219.51970252,429.9,0.0,444.5,BID
961,1712311149.1270113,4456673.27319089,430.0,1.1001558172721873e-07,444.5,BID
962,1712311170.1639986,4456673.27319089,430.0,0.0,444.5,BID
963,1712311182.442145,4458998.85458623,430.0,5.638261605998422e-07,444.5,BID
964,1712311200.1623583,4458998.85458623,430.0,0.0,444.5,BID
965,1712311213.1620903,4459948.52250621,430.0,2.305140787654157e-07,444.5,BID
966,1712311230.1151302,4459948.52250621,430.0,0.0,444.5,BID
967,1712311254.717439,4460049.63423915,430.0,2.4540544571554627e-08,444.5,BID
968,1712311254.723559,4460204.20861664,430.0,3.751631279688002e-08,444.5,BID
1168,1712311254.723559,4460204.20861664,430.0,3.7516312796880024e-08,444.5,BID
969,1712311260.1424444,4460204.20861664,430.0,0.0,444.5,BID
970,1712311290.1164277,4460204.20861664,430.0,0.0,444.5,BID
971,1712311290.2558663,4460224.20861664,429.5,-4.854014272041529e-09,444.5,ASK
972,1712311304.1221428,4460235.85238846,429.5,-2.825951729678009e-09,444.5,ASK
973,1712311304.1284833,4460260.85238846,429.5,-6.067517840051911e-09,444.5,ASK
974,1712311320.166618,4460260.85238846,429.5,-0.0,444.5,ASK
975,1712311322.9324305,4461756.2622315,428.3,-3.629348930681463e-07,444.5,ASK
976,1712311322.9405217,4466756.2622315,428.3,-1.2134964028671017e-06,444.5,ASK
977,1712311322.9451568,4466806.2622315,429.1,-1.2134964028671014e-08,444.5,ASK
978,1712311323.0123956,4470649.1478233,428.3,9.326655684559012e-07,444.5,BID
979,1712311323.0197215,4479282.04562159,428.3,2.0951980849087364e-06,444.5,BID
980,1712311323.0257015,4486255.74562159,428.3,1.6925119729349062e-06,444.5,BID
981,1712311323.0330472,4486265.66762393,429.5,2.408062829701629e-09,444.5,BID
982,1712311323.042626,4486532.26273076,430.1,6.470244063200822e-08,444.5,BID
983,1712311323.0461438,4487283.66762393,430.0,1.823654269917337e-07,444.5,BID
984,1712311323.052408,4488292.74562159,430.0,2.449025040746137e-07,444.5,BID
985,1712311350.1835566,4488292.74562159,430.0,0.0,444.5,BID
986,1712311380.1415467,4488292.74562159,430.0,0.0,444.5,BID
987,1712311410.1222785,4488292.74562159,430.0,0.0,444.5,BID
988,1712311440.1734145,4488292.74562159,430.0,0.0,444.5,BID
989,1712311470.1735673,4488292.74562159,430.0,0.0,444.5,BID
990,1712311500.124394,4488292.74562159,430.0,0.0,444.5,BID
991,1712311514.6744869,4491563.14562159,428.4,-7.937317936198759e-07,444.5,ASK
992,1712311515.0141983,4492063.14562159,428.3,-1.2135087353531458e-07,444.5,ASK
993,1712311530.1146238,4492063.14562159,428.3,-0.0,444.5,ASK
994,1712311560.170118,4492063.14562159,428.3,-0.0,444.5,ASK
995,1712311590.175482,4492063.14562159,428.3,-0.0,444.5,ASK
996,1712311620.11208,4492063.14562159,428.3,-0.0,444.5,ASK
997,1712311650.116696,4492063.14562159,428.3,-0.0,444.5,ASK
998,1712311680.166691,4492063.14562159,428.3,-0.0,444.5,ASK
999,1712311710.1673985,4492063.14562159,428.3,-0.0,444.5,ASK
1000,1712311724.3175397,4493097.4887852,429.6,2.509385226491204e-07,444.5,BID
1201,1712311740.1199234,4493097.4887852,429.6,0.0,444.5,BID
1202,1712311770.1107187,4493097.4887852,429.6,0.0,444.5,BID
1203,1712311800.1487443,4493097.4887852,429.6,0.0,444.5,BID
1204,1712311809.8884556,4493365.23993143,428.4,-6.508244573277409e-08,444.5,ASK
1205,1712311809.8906176,4503298.18043397,428.4,-2.4144063258961288e-06,444.5,ASK
1206,1712311810.008302,4504721.67469797,428.4,3.460096791075863e-07,444.5,BID
1207,1712311810.0284038,4504721.67469883,428.4,2.08946142299896e-16,444.5,BID
1208,1712311830.1205688,4504721.67469883,428.4,0.0,444.5,BID
1209,1712311850.178971,4504983.4327109,429.0,-6.354876850798673e-08,444.5,ASK
1210,1712311860.2021215,4504983.4327109,429.0,-0.0,444.5,ASK
1211,1712311890.1696367,4504983.4327109,429.0,-0.0,444.5,ASK
1212,1712311891.539414,4515411.66815124,429.6,2.531664449725253e-06,444.5,BID
1213,1712311891.5419228,4521668.60941544,429.6,1.518998669834202e-06,444.5,BID
1214,1712311899.209467,4521734.35360148,430.0,1.596072696342976e-08,444.5,BID
1215,1712311920.151122,4521734.35360148,430.0,0.0,444.5,BID
1216,1712311940.2099657,4522518.94545266,430.0,1.901433083309893e-07,444.5,BID
1217,1712311950.1299925,4522518.94545266,430.0,0.0,444.5,BID
1218,1712311954.2598891,4522605.03847591,430.0,2.0862661154308053e-08,444.5,BID
1219,1712311959.5201268,4522626.1380496,430.0,5.112995684993292e-09,444.5,BID
1220,1712311959.5229545,4522706.75940614,430.0,1.953672875931364e-08,444.5,BID
1221,1712311971.6700876,4522751.56421115,429.2,-1.0857412479146226e-08,444.5,ASK
1222,1712311972.49006,4522796.36901616,429.2,-1.085741247937191e-08,444.5,ASK
1223,1712311975.4800456,4522841.17382117,429.1,-1.0857412479146226e-08,444.5,ASK
1224,1712311980.200161,4522841.17382117,429.1,-0.0,444.5,ASK
1225,1712311984.4006205,4522879.61568163,430.0,9.31518691137522e-09,444.5,BID
1226,1712312010.186507,4522879.61568163,430.0,0.0,444.5,BID
1227,1712312014.8306112,4523120.21780591,428.5,-5.8302193358144185e-08,444.5,ASK
1228,1712312014.833434,4523353.31803901,429.0,-5.6484351094976224e-08,444.5,ASK
1229,1712312014.840395,4523378.44330393,429.1,-6.0883005829024525e-09,444.5,ASK
1230,1712312040.1112945,4523378.44330393,429.1,-0.0,444.5,ASK
1231,1712312070.1209288,4523378.44330393,429.1,-0.0,444.5,ASK
1232,1712312100.1279905,4523378.44330393,429.1,-0.0,444.5,ASK
1233,1712312107.3811476,4523843.66777473,429.9,1.1283309096678045e-07,444.5,BID
1234,1712312130.1248038,4523843.66777473,429.9,0.0,444.5,BID
1235,1712312134.8812027,4523873.74453676,429.9,7.294305504734172e-09,444.5,BID
1236,1712312160.1763425,4523873.74453676,429.9,0.0,444.5,BID
1237,1712312162.6117504,4524937.90370871,429.9,2.580822283007368e-07,444.5,BID
1238,1712312162.6146145,4526232.24936476,429.9,3.139075618664034e-07,444.5,BID
1239,1712312184.811987,4526232.24936529,429.9,1.285179838073246e-16,444.5,BID
1240,1712312184.814983,4526334.43591977,429.9,2.478250846096092e-08,444.5,BID
1241,1712312190.1716113,4526334.43591977,429.9,0.0,444.5,BID
1242,1712312194.6923854,4526372.65411004,429.9,9.266382442711393e-09,444.5,BID
1243,1712312220.1238265,4526372.65411004,429.9,0.0,444.5,BID
1244,1712312237.932101,4527458.53117729,430.0,2.632807057669461e-07,444.5,BID
1245,1712312237.9352996,4532959.89906169,430.0,1.333856347990073e-06,444.5,BID
1246,1712312238.016286,4536372.65411004,430.0,-8.274532954402434e-07,444.5,ASK
1247,1712312238.1125278,4536761.25411004,428.7,-9.42195809699411e-08,444.5,ASK
1248,1712312238.1160777,4536783.25411004,428.7,-5.334098768233977e-09,444.5,ASK
1249,1712312250.1264317,4536783.25411004,428.7,-0.0,444.5,ASK
1250,1712312280.1821818,4536783.25411004,428.7,-0.0,444.5,ASK
1251,1712312310.1804235,4536783.25411004,428.7,-0.0,444.5,ASK
1252,1712312340.1171403,4536783.25411004,428.7,-0.0,444.5,ASK
1253,1712312370.132678,4536783.25411004,428.7,-0.0,444.5,ASK
1254,1712312400.1485922,4536783.25411004,428.7,-0.0,444.5,ASK
1255,1712312424.9429927,4537025.82214911,429.9,5.918448364489781e-08,444.5,BID
1256,1712312425.1831107,4537525.82214911,428.9,-1.2199563444516044e-07,444.5,ASK
1257,1712312430.1239965,4537525.82214911,428.9,-0.0,444.5,ASK
1258,1712312460.1831846,4537525.82214911,428.9,-0.0,444.5,ASK
1259,1712312465.393212,4537787.58016118,429.0,6.386170315264652e-08,444.5,BID
1260,1712312465.3956015,4537831.58531446,429.4,1.0736038273331771e-08,444.5,BID
1261,1712312490.178645,4537831.58531446,429.4,0.0,444.5,BID
1262,1712312520.1411684,4537831.58531446,429.4,0.0,444.5,BID
1263,1712312520.4167278,4537977.61727539,429.0,3.5626612479123373e-08,444.5,BID
1264,1712312520.4182909,4538138.71818159,429.0,3.9302899986231624e-08,444.5,BID
1265,1712312524.7067316,4538229.55957536,428.5,-2.2162074057797664e-08,444.5,ASK
1266,1712312524.709109,4540397.08228459,428.5,-5.287985664904324e-07,444.5,ASK
1267,1712312524.723337,4540397.08228527,428.5,-1.658630331386087e-16,444.5,ASK
1268,1712312524.7835312,4541330.78910132,428.4,-2.277913046757017e-07,444.5,ASK
1269,1712312524.7848558,4542497.92262139,428.4,-2.847391308462743e-07,444.5,ASK
1270,1712312524.846788,4542521.27619382,428.2,-5.69744232476755e-09,444.5,ASK
1271,1712312524.8481295,4543922.16342239,428.3,-3.417667344974284e-07,444.5,ASK
1272,1712312524.9666412,4543922.16342305,428.2,-1.6109163081544322e-16,444.5,ASK
1273,1712312524.9695845,4548751.96907593,428.1,-1.178301059912644e-06,444.5,ASK
1274,1712312524.9725044,4549219.25879439,428.0,-1.1400209658925028e-07,444.5,ASK
1275,1712312550.1236672,4549219.25879439,428.0,-0.0,444.5,ASK
1276,1712312560.2639608,4549450.16618883,428.7,5.6266256182314245e-08,444.5,BID
1277,1712312579.974836,4549552.21794914,428.9,2.4867417102010865e-08,444.5,BID
1278,1712312580.2205858,4549552.21794914,428.9,0.0,444.5,BID
1279,1712312610.1738622,4549552.21794914,428.9,0.0,444.5,BID
1280,1712312610.2903233,4549607.4860144,429.0,1.346695263658131e-08,444.5,BID
1281,1712312640.1309614,4549607.4860144,429.0,0.0,444.5,BID
1282,1712312670.124309,4549607.4860144,429.0,0.0,444.5,BID
1283,1712312700.1746,4549607.4860144,429.0,0.0,444.5,BID
1284,1712312712.9676106,4550074.77573402,428.0,-1.1392551872097645e-07,444.5,ASK
1285,1712312712.969082,4550625.4860144,428.0,-1.3426350232593908e-07,444.5,ASK
1286,1712312718.5681636,4551125.4860144,428.1,-1.2190030503286617e-07,444.5,ASK
1287,1712312722.5242877,4561311.138032,428.0,-2.4832681758081138e-06,444.5,ASK
1288,1712312722.7111542,4562330.138032,428.0,-2.484328216569812e-07,444.5,ASK
1289,1712312730.0203214,4562360.28491938,428.9,7.349829534980467e-09,444.5,BID
1290,1712312730.1746302,4562360.28491938,428.9,0.0,444.5,BID
1291,1712312732.544242,4571838.70803337,428.0,-2.307774311318459e-06,444.5,ASK
1292,1712312740.8542645,4577811.65570461,428.0,-1.4542730402267836e-06,444.5,ASK
1293,1712312740.914243,4580148.65032952,427.9,-5.690035247631362e-07,444.5,ASK
1294,1712312740.9162006,4580160.33763963,427.9,-2.845586625069211e-09,444.5,ASK
1295,1712312740.9176357,4581327.7347777,427.9,-2.8423389565391213e-07,444.5,ASK
1296,1712312740.9243135,4581677.2189998,427.7,-8.509123303256712e-08,444.5,ASK
1297,1712312742.726144,4581696.568845,427.7,-4.711234679351281e-09,444.5,ASK
1298,1712312750.0344002,4586422.40190933,427.7,-1.1506298056417031e-06,444.5,ASK
1299,1712312760.1409037,4586422.40190933,427.7,-0.0,444.5,ASK
1300,1712312765.5143926,4590797.3090857,427.7,-1.0625238060032576e-06,444.5,ASK
1301,1712312765.9544876,4592997.3090857,427.5,-5.343090216480466e-07,444.5,ASK
1302,1712312765.9743276,4595997.3090857,427.5,-7.286032113382455e-07,444.5,ASK
1303,1712312766.0615358,4596174.40576799,427.5,-4.3011070478080413e-08,444.5,ASK
1304,1712312766.0699818,4596541.04566275,427.5,-8.904500157544319e-08,444.5,ASK
1305,1712312766.0768669,4597068.19903618,427.5,-1.2802854691641308e-07,444.5,ASK
1306,1712312766.1379266,4597080.19903618,427.5,-2.914412845352981e-09,444.5,ASK
1307,1712312766.139459,4597158.86472691,427.5,-1.910535829608556e-08,444.5,ASK
1308,1712312766.1409323,4599854.86151626,427.5,-6.547706394924859e-07,444.5,ASK
1309,1712312766.1751046,4599866.58629978,427.3,-2.8475716416912822e-09,444.5,ASK
1310,1712312766.178325,4599891.58629978,427.3,-6.071693427818712e-09,444.5,ASK
1311,1712312766.1816545,4600242.47906495,427.1,-8.522053184606403e-08,444.5,ASK
1312,1712312766.1850054,4600254.20933889,427.1,-2.8489050876662754e-09,444.5,ASK
1313,1712312766.1879196,4600354.20933889,427.1,-2.428677371127485e-08,444.5,ASK
1314,1712312766.1894057,4600643.63811754,427.4,-7.029291252586397e-08,444.5,ASK
1315,1712312766.1908934,4601473.48680987,427.2,-2.015434740522897e-07,444.5,ASK
1316,1712312766.1924143,4601623.48680987,427.1,-3.643016056691227e-08,444.5,ASK
1317,1712312766.397326,4601640.38330987,427.2,4.103614720076698e-09,444.5,BID
1318,1712312790.127927,4601640.38330987,427.2,0.0,444.5,BID
1319,1712312795.3247333,4601665.52362792,427.6,6.0961396206645105e-09,444.5,BID
1320,1712312812.1645458,4602770.95682731,427.7,2.680505119856716e-07,444.5,BID
1321,1712312812.1744862,4604665.52362792,427.6,4.594032467768476e-07,444.5,BID
1322,1712312820.1846735,4604665.52362792,427.6,0.0,444.5,BID
1323,1712312845.0584133,4604765.52362792,427.0,-2.4240854445327643e-08,444.5,ASK
1324,1712312845.0611277,4612144.55751545,427.0,-1.7887408641474866e-06,444.5,ASK
1325,1712312845.0636568,4612378.74955292,427.0,-5.677015092580468e-08,444.5,ASK
1326,1712312845.154809,4613255.29306887,426.9,-2.124816378512779e-07,444.5,ASK
1327,1712312845.1582026,4613255.29306892,427.0,-1.219106968536686e-17,444.5,ASK
1328,1712312845.183276,4613267.02883842,426.9,-2.844850802540121e-09,444.5,ASK
1329,1712312845.1847966,4613733.73549815,426.9,-1.1313368207170104e-07,444.5,ASK
1330,1712312845.1863563,4614456.79651946,426.9,-1.7527616972672377e-07,444.5,ASK
1331,1712312850.1815703,4614456.79651946,426.9,-0.0,444.5,ASK
1332,1712312880.1347358,4614456.79651946,426.9,-0.0,444.5,ASK
1333,1712312910.1359124,4614456.79651946,426.9,-0.0,444.5,ASK
1334,1712312940.1883688,4614456.79651946,426.9,-0.0,444.5,ASK
1335,1712312944.2275584,4625238.99832546,427.0,2.6110517300098424e-06,444.5,BID
1336,1712312944.2457664,4625520.69832546,427.0,6.821735352189279e-08,444.5,BID
1337,1712312944.2673264,4626424.09832546,427.0,2.1877017100341725e-07,444.5,BID
1338,1712312944.2689142,4637060.92744646,427.0,2.575847825696665e-06,444.5,BID
1339,1712312944.3049805,4641663.52960151,427.0,1.1145805407576083e-06,444.5,BID
1340,1712312970.1765852,4641663.52960151,427.0,0.0,444.5,BID
1341,1712313000.1765647,4641663.52960151,427.0,0.0,444.5,BID
1342,1712313001.3353865,4647143.52960151,427.4,-1.3299123818943034e-06,444.5,ASK
1343,1712313001.338155,4651429.3188328,427.4,-1.0400956505259095e-06,444.5,ASK
1344,1712313001.423978,4651754.0188328,427.4,7.87997354746949e-08,444.5,BID
1345,1712313001.4440336,4666513.2715428,427.4,3.5818454245502967e-06,444.5,BID
1346,1712313001.4467423,4679722.17004162,427.4,3.2055981140083907e-06,444.5,BID
1347,1712313001.4552214,4686809.90376462,427.4,1.7200848244139302e-06,444.5,BID
1348,1712313001.495098,4689111.13492326,427.4,5.584736882254352e-07,444.5,BID
1349,1712313030.1343198,4689111.13492326,427.4,0.0,444.5,BID
1350,1712313030.485613,4689314.66891676,427.4,4.9152693018337735e-08,444.5,BID
1351,1712313034.5853603,4696170.75191626,427.4,-1.6557182276395417e-06,444.5,ASK
1352,1712313037.2357545,4698512.12396027,427.1,-5.654325321373845e-07,444.5,ASK
1353,1712313037.2424886,4707809.54071634,427.0,-2.245291136952164e-06,444.5,ASK
1354,1712313037.246175,4712809.54071634,427.1,-1.207481172383839e-06,444.5,ASK
1355,1712313037.24808,4764368.06948843,427.4,-1.2451190553621964e-05,444.5,ASK
1356,1712313060.185304,4764368.06948843,427.4,-0.0,444.5,ASK
1357,1712313090.133296,4764368.06948843,427.4,-0.0,444.5,ASK
1358,1712313107.9255705,4764668.06948843,427.1,-7.189055025411551e-08,444.5,ASK
1359,1712313107.9357622,4766413.52403388,427.0,-4.182722923863638e-07,444.5,ASK
1360,1712313120.1988888,4766413.52403388,427.0,-0.0,444.5,ASK
1361,1712313123.5558157,4767626.39279997,427.1,-2.9058518850059295e-07,444.5,ASK
1362,1712313124.3564637,4768880.79279997,427.0,-3.005354500391459e-07,444.5,ASK
1363,1712313124.575884,4771560.01086429,427.0,-6.419005155558543e-07,444.5,ASK
1364,1712313124.635473,4776949.51086429,427.0,-1.2912434693761922e-06,444.5,ASK
1365,1712313127.2885437,4777747.76988305,427.0,-1.9125090357983488e-07,444.5,ASK
1366,1712313127.3455682,4780049.00103172,427.0,-5.513405125235668e-07,444.5,ASK
1367,1712313131.5555718,4780559.88872321,427.0,-1.224010381708129e-07,444.5,ASK
1368,1712313133.5213373,4784594.64211688,427.0,-9.666664755764572e-07,444.5,ASK
1369,1712313133.5284822,4785341.27976269,427.0,-1.788831958702036e-07,444.5,ASK
1370,1712313133.5857131,4786292.18859955,427.0,-2.278235134182868e-07,444.5,ASK
1371,1712313133.7287843,4787076.68859955,427.0,-1.879544487847895e-07,444.5,ASK
1372,1712313150.1810305,4787076.68859955,427.0,-0.0,444.5,ASK
1373,1712313153.298705,4788302.97041156,427.1,2.931789938873523e-07,444.5,BID
1374,1712313165.8057957,4789402.44536035,427.1,-2.6286205677523325e-07,444.5,ASK
1375,1712313179.673452,4791528.87539502,427.0,-5.083860920309886e-07,444.5,ASK
1376,1712313179.6752615,4792486.35815599,427.1,-2.289146179749893e-07,444.5,ASK
1377,1712313179.7572465,4794050.51101803,427.0,-3.739570773112711e-07,444.5,ASK
1378,1712313179.8178115,4796475.81053848,427.0,-5.798396961590697e-07,444.5,ASK
1379,1712313179.9171016,4800644.29408927,427.0,-9.965994777774227e-07,444.5,ASK
1380,1712313180.1299725,4800644.29408927,427.0,-0.0,444.5,ASK
1381,1712313180.3656578,4802475.24259336,427.0,-4.371369766512054e-07,444.5,ASK
1382,1712313180.4656763,4809466.13688136,427.0,-1.6690684562222108e-06,444.5,ASK
1383,1712313180.5477788,4811297.08538572,427.0,-4.371369767156875e-07,444.5,ASK
1384,1712313180.5524828,4812167.16756736,426.9,-2.077311805714341e-07,444.5,ASK
1385,1712313180.7263305,4812467.16756667,426.8,-7.162467562616968e-08,444.5,ASK
1386,1712313180.728093,4814298.11607136,426.9,-4.371369767944002e-07,444.5,ASK
1387,1712313183.716008,4815148.25380853,426.9,2.0296946600809506e-07,444.5,BID
1388,1712313192.365659,4815913.33532644,426.9,1.8266238557971201e-07,444.5,BID
1389,1712313198.9756885,4816601.87034635,426.9,1.6438699190584834e-07,444.5,BID
1390,1712313202.88595,4816718.99379446,426.9,2.7963096661360574e-08,444.5,BID
1391,1712313205.8357153,4816718.99379515,426.8,-1.6476302333511763e-16,444.5,ASK
1392,1712313207.8259327,4816986.99379515,426.7,-6.398471037323323e-08,444.5,ASK
1393,1712313208.655867,4817338.78620446,426.8,8.39900575418275e-08,444.5,BID
1394,1712313208.6596353,4817606.78620377,426.8,6.39847102084702e-08,444.5,BID
1395,1712313209.8561764,4817638.78620377,426.7,-7.639965417699488e-09,444.5,ASK
1396,1712313210.14314,4817638.78620377,426.7,-0.0,444.5,ASK
1397,1712313211.5159135,4817874.78620377,426.7,5.6247306104343433e-08,444.5,BID
1398,1712313211.9257324,4818142.78620377,426.7,-6.38740594744239e-08,444.5,ASK
1399,1712313234.7460082,4818196.69902308,426.7,-1.2849368011368097e-08,444.5,ASK
1400,1712313234.7564776,4818726.17089367,426.6,-1.2619223041828441e-07,444.5,ASK
1401,1712313234.7602189,4819228.26463634,426.7,-1.1966703575004318e-07,444.5,ASK
1402,1712313234.76325,4819844.45304553,426.2,-1.468599070749725e-07,444.5,ASK
1403,1712313234.7664945,4820210.24164243,426.2,-8.718060669204539e-08,444.5,ASK
1404,1712313234.7694604,4820620.716912,426.6,-9.783105142274384e-08,444.5,ASK
1405,1712313234.7723074,4821629.64112598,426.2,-2.404630046600976e-07,444.5,ASK
1406,1712313234.774005,4822174.65718317,426.6,-1.2989697034142192e-07,444.5,ASK
1407,1712313234.77574,4822631.29690629,426.2,-1.0883370460040406e-07,444.5,ASK
1408,1712313235.5357704,4822762.02939596,426.2,3.115826425545196e-08,444.5,BID
1409,1712313240.181893,4822762.02939596,426.2,0.0,444.5,BID
1410,1712313240.2808006,4822823.29730596,426.9,1.4594752012428651e-08,444.5,BID
1411,1712313245.6560178,4822847.19048937,426.9,5.691643254343611e-09,444.5,BID
1412,1712313246.036005,4824732.94279718,426.1,-4.492088483086617e-07,444.5,ASK
1413,1712313246.039214,4824752.94279718,426.1,-4.7642402074572815e-09,444.5,ASK
1414,1712313270.1948457,4824752.94279718,426.1,-0.0,444.5,ASK
1415,1712313278.0874677,4825214.05742201,426.1,-1.098208471980652e-07,444.5,ASK
1416,1712313278.0897307,4826062.14634739,426.2,-2.019841472579608e-07,444.5,ASK
1417,1712313278.0960474,4834540.25183905,426.1,-2.019178480994968e-06,444.5,ASK
1418,1712313278.0978713,4834828.63015399,426.1,-6.868129778353497e-08,444.5,ASK
1419,1712313281.269165,4838342.71231523,426.1,8.369274347202107e-07,444.5,BID
1420,1712313287.3461528,4841640.81231523,426.1,-7.854882856460308e-07,444.5,ASK
1421,1712313293.4463546,4841652.52934497,426.9,2.790573240173185e-09,444.5,BID
1422,1712313300.1288314,4841652.52934497,426.9,0.0,444.5,BID
1423,1712313303.4289906,4842878.81115698,426.1,-2.916413951961989e-07,444.5,ASK
1424,1712313303.4330792,4847278.36700085,426.1,-1.0463276809491204e-06,444.5,ASK
1425,1712313330.127064,4847278.36700085,426.1,-0.0,444.5,ASK
1426,1712313331.636105,4847290.10409005,426.9,2.7897915914680553e-09,444.5,BID
1427,1712313340.6755545,4847302.77129214,426.0,-3.0108703508899802e-09,444.5,ASK
1428,1712313360.181793,4847302.77129214,426.0,-0.0,444.5,ASK
1429,1712313363.2963853,4848810.87177003,426.0,-3.584598833277754e-07,444.5,ASK
1430,1712313363.2984836,4849069.07599506,426.0,-6.137247334369162e-08,444.5,ASK
1431,1712313363.3005266,4849684.9370786,426.0,-1.4638380889631924e-07,444.5,ASK
1432,1712313363.3036702,4851039.05615147,426.0,-3.218600961867676e-07,444.5,ASK
1433,1712313366.7463846,4851085.84815147,425.9,-1.1121974368668336e-08,444.5,ASK
1434,1712313390.177215,4851085.84815147,425.9,-0.0,444.5,ASK
1435,1712313420.123752,4851085.84815147,425.9,-0.0,444.5,ASK
1436,1712313425.3963015,4852167.04202873,426.0,-2.568901967399774e-07,444.5,ASK
1437,1712313450.1265094,4852167.04202873,426.0,-0.0,444.5,ASK
1438,1712313470.0060802,4852435.04202873,426.1,-6.366946831504595e-08,444.5,ASK
1439,1712313470.0102303,4852798.32558094,426.1,-8.630623364478423e-08,444.5,ASK
1440,1712313480.1857443,4852798.32558094,426.1,-0.0,444.5,ASK
1441,1712313505.2749472,4852904.53473126,428.4,2.5230776184903263e-08,444.5,BID
1442,1712313510.1668885,4852904.53473126,428.4,0.0,444.5,BID
1443,1712313540.1167362,4852904.53473126,428.4,0.0,444.5,BID
1444,1712313570.127211,4852904.53473126,428.4,0.0,444.5,BID
1445,1712313600.1521232,4852904.53473126,428.4,0.0,444.5,BID
1446,1712313630.1224568,4852904.53473126,428.4,0.0,444.5,BID
1447,1712313656.7280848,4852927.87740166,428.4,5.5465224397235555e-09,444.5,BID
1448,1712313660.1914032,4852927.87740166,428.4,0.0,444.5,BID
1449,1712313690.180852,4852927.87740166,428.4,0.0,444.5,BID
1450,1712313720.140783,4852927.87740166,428.4,0.0,444.5,BID
1451,1712313750.1179583,4852927.87740166,428.4,0.0,444.5,BID
1452,1712313780.1711133,4852927.87740166,428.4,0.0,444.5,BID
1453,1712313795.269237,4853046.92502069,428.4,2.8287197225361652e-08,444.5,BID
1454,1712313795.273532,4853107.61596375,428.4,1.4420924081536686e-08,444.5,BID
1455,1712313810.1790607,4853107.61596375,428.4,0.0,444.5,BID
1456,1712313836.7085035,4853574.46937177,428.4,1.1092815565248481e-07,444.5,BID
1457,1712313840.1410327,4853574.46937177,428.4,0.0,444.5,BID
1458,1712313870.130334,4853574.46937177,428.4,0.0,444.5,BID
1459,1712313872.6382382,4854621.63907298,428.4,2.488041893601672e-07,444.5,BID
1460,1712313900.1347325,4854621.63907298,428.4,0.0,444.5,BID
1461,1712313922.01748,4855841.67634439,427.3,-2.905207965915207e-07,444.5,ASK
1462,1712313922.0215294,4855943.48321966,427.3,-2.4242713886687743e-08,444.5,ASK
1463,1712313930.1239202,4855943.48321966,427.3,-0.0,444.5,ASK
1464,1712313931.4273877,4856431.70450817,428.4,1.1624182841774469e-07,444.5,BID
1465,1712313960.1761308,4856431.70450817,428.4,0.0,444.5,BID
1466,1712313990.196968,4856431.70450817,428.4,0.0,444.5,BID
1467,1712314020.1321323,4856431.70450817,428.4,0.0,444.5,BID
1468,1712314050.1038876,4856431.70450817,428.4,0.0,444.5,BID
1469,1712314080.1656518,4856431.70450817,428.4,0.0,444.5,BID
1470,1712314090.9656122,4856531.70450817,427.3,-2.3808064668855693e-08,444.5,ASK
1471,1712314092.2177367,4857601.84258417,427.3,2.547791651803297e-07,444.5,BID
1472,1712314096.4055817,4858070.11699297,427.2,-1.1148707407470952e-07,444.5,ASK
1473,1712314096.4090643,4858142.94258417,427.2,-1.733836384837994e-08,444.5,ASK
1474,1712314100.4626534,4858190.87434363,427.9,1.1411624289132844e-08,444.5,BID
1475,1712314100.464789,4858190.87434392,427.3,6.895799294127264e-17,444.5,BID
1476,1712314110.1729383,4858190.87434392,427.3,0.0,444.5,BID
1477,1712314139.8150651,4860181.32020292,427.3,4.738018468752723e-07,444.5,BID
1478,1712314140.12513,4860181.32020292,427.3,0.0,444.5,BID
1479,1712314167.7648275,4860208.49461172,427.2,-6.4672338983439805e-09,444.5,ASK
1480,1712314170.1189444,4860208.49461172,427.2,-0.0,444.5,ASK
1481,1712314200.142224,4860208.49461172,427.2,-0.0,444.5,ASK
1482,1712314209.4975605,4860255.35496785,426.8,-1.1187012534802478e-08,444.5,ASK
1483,1712314209.499652,4860755.35496785,426.5,-1.1936542376689737e-07,444.5,ASK
1484,1712314209.5016272,4861252.64376707,426.8,-1.1871817650679753e-07,444.5,ASK
1485,1712314209.5036042,4861402.64376707,426.2,-3.5809627130069206e-08,444.5,ASK
1486,1712314209.5056076,4861427.25698788,426.6,-5.875935064497915e-09,444.5,ASK
1487,1712314209.507627,4861477.85231672,426.2,-1.2078665735326208e-08,444.5,ASK
1488,1712314215.6945918,4861579.93565005,427.2,2.437044068477809e-08,444.5,BID
1489,1712314220.71463,4861631.49134694,427.2,1.2307935213909713e-08,444.5,BID
1490,1712314220.7196293,4861681.9721669,427.2,1.2051328933059155e-08,444.5,BID
1491,1712314230.1311352,4861681.9721669,427.2,0.0,444.5,BID
1492,1712314260.164242,4861681.9721669,427.2,0.0,444.5,BID
1493,1712314289.414077,4861697.48173421,427.2,3.702056518702752e-09,444.5,BID
1494,1712314290.1641283,4861697.48173421,427.2,0.0,444.5,BID
1495,1712314320.1196134,4861697.48173421,427.2,0.0,444.5,BID
1496,1712314350.119366,4861697.48173421,427.2,0.0,444.5,BID
1497,1712314380.1397138,4861697.48173421,427.2,0.0,444.5,BID
1498,1712314404.1824846,4862665.04929738,427.2,2.309531960452202e-07,444.5,BID
1499,1712314404.1867552,4866899.28283178,427.2,1.0106888705187037e-06,444.5,BID
1500,1712314404.3556771,4867866.88283178,427.2,-2.3096093854284133e-07,444.5,ASK
1501,1712314404.6734524,4868101.41065278,427.2,-5.598053498602192e-08,444.5,ASK
1502,1712314404.9231298,4871060.77761378,427.2,-7.063850463052438e-07,444.5,ASK
1503,1712314405.003297,4871060.77761435,427.2,-1.360486473569157e-16,444.5,ASK
1504,1712314410.1085274,4871060.77761435,427.2,-0.0,444.5,ASK
1505,1712314440.1930823,4871060.77761435,427.2,-0.0,444.5,ASK
1506,1712314470.1648085,4871060.77761435,427.2,-0.0,444.5,ASK
1507,1712314500.1151366,4871060.77761435,427.2,-0.0,444.5,ASK
1508,1712314515.7633958,4871060.77761522,427.3,2.074913412506295e-16,444.5,BID
1509,1712314515.7680385,4871287.24957696,428.0,5.402159637816641e-08,444.5,BID
1510,1712314529.193236,4871387.24957696,426.5,-2.3853547239684944e-08,444.5,ASK
1511,1712314530.1138334,4871387.24957696,426.5,-0.0,444.5,ASK
1512,1712314560.1725287,4871387.24957696,426.5,-0.0,444.5,ASK
1513,1712314584.742346,4871517.16728515,427.9,3.0988950125540207e-08,444.5,BID
1514,1712314584.7523808,4873770.46668376,427.9,5.374739414217612e-07,444.5,BID
1515,1712314590.1625662,4873770.46668376,427.9,0.0,444.5,BID
1516,1712314617.2796023,4875449.46668376,426.6,-4.00390330948477e-07,444.5,ASK
1517,1712314620.1410947,4875449.46668376,426.6,-0.0,444.5,ASK
1518,1712314628.1222928,4876162.23552512,426.7,-1.6994461873772345e-07,444.5,ASK
1519,1712314628.1260328,4876784.46668376,426.7,-1.483578277918477e-07,444.5,ASK
1520,1712314650.1299715,4876784.46668376,426.7,-0.0,444.5,ASK
1521,1712314656.555823,4877390.40192852,426.7,-1.44452793089953e-07,444.5,ASK
1522,1712314680.1654854,4877390.40192852,426.7,-0.0,444.5,ASK
1523,1712314708.922048,4878390.40192852,426.7,-2.383817266048062e-07,444.5,ASK
1524,1712314709.8621235,4879131.20526168,426.7,-1.765939776333877e-07,444.5,ASK
1525,1712314709.8666112,4880357.48707369,426.7,-2.923231756508716e-07,444.5,ASK
1526,1712314710.1619284,4880357.48707369,426.7,-0.0,444.5,ASK
1527,1712314716.6318612,4882737.52966214,426.7,5.671874819318371e-07,444.5,BID
1528,1712314716.7319732,4883077.53574614,426.7,8.102678311796402e-08,444.5,BID
1529,1712314740.118137,4883077.53574614,426.7,0.0,444.5,BID
1530,1712314752.4321277,4883077.5357462,426.7,1.420044344940629e-17,444.5,BID
1531,1712314770.119312,4883077.5357462,426.7,0.0,444.5,BID
1532,1712314796.872502,4883124.40708438,426.7,-1.1166810736563166e-08,444.5,ASK
1533,1712314800.1617315,4883124.40708438,426.7,-0.0,444.5,ASK
1534,1712314830.113553,4883124.40708438,426.7,-0.0,444.5,ASK
1535,1712314860.1731412,4883124.40708438,426.7,-0.0,444.5,ASK
1536,1712314886.0315857,4886427.0251546,427.0,-7.871455401704227e-07,444.5,ASK
1537,1712314886.036435,4887609.65742891,427.0,-2.818684148733227e-07,444.5,ASK
1538,1712314890.171316,4887609.65742891,427.0,-0.0,444.5,ASK
1539,1712314920.1257162,4887609.65742891,427.0,-0.0,444.5,ASK
1540,1712314932.2315094,4887843.84946638,427.0,-5.579183101293031e-08,444.5,ASK
1541,1712314950.1182024,4887843.84946638,427.0,-0.0,444.5,ASK
1542,1712314980.1626055,4887843.84946638,427.0,-0.0,444.5,ASK
1543,1712315000.271252,4887861.08276063,426.5,-4.105409159830238e-09,444.5,ASK
1544,1712315000.2752886,4891138.74946638,426.5,-7.808236034912481e-07,444.5,ASK
1545,1712315010.1677413,4891138.74946638,426.5,-0.0,444.5,ASK
1546,1712315022.2213345,4893482.86573454,426.6,5.582412531231412e-07,444.5,BID
1547,1712315036.79399,4893506.31239339,426.5,-5.5837214201373185e-09,444.5,ASK
1548,1712315036.801009,4894104.96456228,426.5,-1.425664509417211e-07,444.5,ASK
1549,1712315036.8048697,4894848.86573454,426.5,-1.771568792225896e-07,444.5,ASK
1550,1712315040.1164863,4894848.86573454,426.5,-0.0,444.5,ASK
1551,1712315056.1912527,4895604.96456228,426.5,-1.7999386091404737e-07,444.5,ASK
1552,1712315056.1952243,4896393.75444538,426.5,-1.877761627185156e-07,444.5,ASK
1553,1712315070.1103384,4896393.75444538,426.5,-0.0,444.5,ASK
1554,1712315073.1411526,4901312.65444538,426.5,-1.170790004848912e-06,444.5,ASK
1555,1712315076.3310251,4904604.35444538,426.5,-7.83486035284533e-07,444.5,ASK
1556,1712315076.431074,4905604.96456228,426.5,-2.381638829041184e-07,444.5,ASK
1557,1712315076.4360402,4905654.96456228,426.5,-1.1900933184744791e-08,444.5,ASK
1558,1712315076.511101,4905701.78104168,426.4,-1.1143195865640087e-08,444.5,ASK
1559,1712315076.5157406,4909032.56685228,426.3,-7.927891876929408e-07,444.5,ASK
1560,1712315100.1885595,4909032.56685228,426.3,-0.0,444.5,ASK
1561,1712315110.8908322,4911738.86685228,426.3,-6.436039353891799e-07,444.5,ASK
1562,1712315111.1910682,4911855.0533128,426.9,2.7631106392383465e-08,444.5,BID
1563,1712315113.0409927,4915164.80751351,426.3,-7.871155558319335e-07,444.5,ASK
1564,1712315113.0609517,4916113.24775035,426.3,-2.2555513760927e-07,444.5,ASK
