,time,acc_trade_volume,trade_price,dev,high,ask_bid
0,1712300395.5065577,11707568.42614589,159.2,0.0,167.6,ASK
1,1712300400.3838372,11707568.42614589,159.2,-0.0,167.6,ASK
2,1712300430.3226666,11707568.42614589,159.2,-0.0,167.6,ASK
3,1712300460.4372203,11707568.42614589,159.2,-0.0,167.6,ASK
4,1712300490.422562,11707568.42614589,159.2,-0.0,167.6,ASK
5,1712300499.443799,11719348.5258171,159.2,-3.2630631462060133e-06,167.6,ASK
6,1712300520.2925284,11719348.5258171,159.2,-0.0,167.6,ASK
7,1712300550.292703,11719348.5258171,159.2,-0.0,167.6,ASK
8,1712300580.402845,11719348.5258171,159.2,-0.0,167.6,ASK
9,1712300610.4229944,11719348.5258171,159.2,-0.0,167.6,ASK
10,1712300612.963114,11720206.98001359,159.1,-2.376665668042693e-07,167.6,ASK
11,1712300612.9731424,11728733.29039178,159.1,-2.3605440143187007e-06,167.6,ASK
12,1712300640.3129685,11728733.29039178,159.1,-0.0,167.6,ASK
13,1712300657.0730388,11736900.168612,159.1,-2.2600994772147024e-06,167.6,ASK
14,1712300657.074013,11740002.10949236,159.1,-8.584302071134099e-07,167.6,ASK
15,1712300657.1932008,11742311.70719236,159.0,-6.39157388366906e-07,167.6,ASK
16,1712300657.1944735,11745700.79079236,159.0,-9.378939989134004e-07,167.6,ASK
17,1712300670.3231435,11745700.79079236,159.0,-0.0,167.6,ASK
18,1712300681.7132702,11747279.50224252,159.0,-4.365660672702853e-07,167.6,ASK
19,1712300681.7145762,11782730.25592176,159.0,-9.803308966910542e-06,167.6,ASK
20,1712300681.813202,11784852.37992176,158.9,-5.868376572844807e-07,167.6,ASK
21,1712300681.8144062,11786298.56812176,158.9,-3.999189940266581e-07,167.6,ASK
22,1712300681.8931258,11788357.82044117,158.9,-5.694515527276215e-07,167.6,ASK
23,1712300700.427143,11788357.82044117,158.9,-0.0,167.6,ASK
24,1712300706.9232745,11789357.82044117,158.9,-2.766570443406122e-07,167.6,ASK
25,1712300711.603775,11789693.06164117,159.0,9.274683953321322e-08,167.6,BID
26,1712300711.6054304,11789856.63011453,159.0,4.525237038696477e-08,167.6,BID
27,1712300711.743141,11793455.68921453,158.9,-9.957050530132356e-07,167.6,ASK
28,1712300711.7831197,11798736.91731453,158.9,-1.461088956634573e-06,167.6,ASK
29,1712300718.9132588,11798801.80954117,159.0,1.7952891622940895e-08,167.6,BID
30,1712300718.914353,11798986.51216377,159.0,5.1099281650447823e-08,167.6,BID
31,1712300730.4182482,11798986.51216377,159.0,0.0,167.6,BID
32,1712300735.8043356,11817745.64471119,158.9,-5.187422256101767e-06,167.6,ASK
33,1712300735.8057346,11824035.76585577,158.9,-1.7393935639872864e-06,167.6,ASK
34,1712300735.903364,11826630.14415577,158.8,-7.1741780704126e-07,167.6,ASK
35,1712300735.9047484,11833831.52127792,158.8,-1.9913812039860105e-06,167.6,ASK
36,1712300735.9836452,11851614.03903992,158.7,-4.91736108665656e-06,167.6,ASK
37,1712300741.6834974,11851739.24369986,158.8,3.4622573186796366e-08,167.6,BID
38,1712300750.4932945,11853772.54469986,158.8,5.622643176114538e-07,167.6,BID
39,1712300750.503346,11855480.62733992,158.8,4.723323895657746e-07,167.6,BID
40,1712300750.5045886,11858567.79323992,158.8,8.536872937729133e-07,167.6,BID
41,1712300750.9633963,11859458.17304842,158.7,-2.4621479822282855e-07,167.6,ASK
42,1712300750.965154,11889623.38925143,158.8,-8.341521842550434e-06,167.6,ASK
43,1712300751.0433598,11891482.77449864,158.7,-5.141717715177882e-07,167.6,ASK
44,1712300755.1732512,11891607.77807614,158.9,3.456696829555665e-08,167.6,BID
45,1712300760.2834053,11891607.77807614,158.9,0.0,167.6,BID
46,1712300765.478989,11896607.77807614,158.8,-1.377038235581886e-06,167.6,ASK
47,1712300770.113588,11918685.95821014,158.8,-6.080499643316552e-06,167.6,ASK
48,1712300770.1334677,11919348.47864289,158.8,-1.824631935501363e-07,167.6,ASK
49,1712300770.2161076,11920210.97259078,158.7,-2.3753742884040535e-07,167.6,ASK
50,1712300773.2434444,11925686.43873633,158.7,-1.5079852480115337e-06,167.6,ASK
51,1712300773.2452643,11965099.86532738,158.7,-1.0854759082235104e-05,167.6,ASK
52,1712300773.330125,11965936.74889691,158.6,-2.304841347944141e-07,167.6,ASK
53,1712300780.215349,11966936.74889691,158.6,-2.754076471163772e-07,167.6,ASK
54,1712300780.2169783,12009049.63518791,158.6,-1.159821092668412e-05,167.6,ASK
55,1712300786.9214182,12009049.63518865,158.6,-2.036557270310852e-16,167.6,ASK
56,1712300786.9250293,12019223.5192512,158.6,-2.8019654717014566e-06,167.6,ASK
57,1712300789.3035548,12050664.57803248,158.6,-8.659108021800341e-06,167.6,ASK
58,1712300789.3911972,12054646.18363248,158.5,-1.0965646300412338e-06,167.6,ASK
59,1712300789.3942394,12064470.36273248,158.5,-2.7056540507807142e-06,167.6,ASK
60,1712300789.403344,12070312.93623248,158.5,-1.6090894207394804e-06,167.6,ASK
61,1712300790.2935045,12071480.92527348,158.5,-3.216731136396904e-07,167.6,ASK
62,1712300790.295397,12071480.92527348,158.5,-0.0,167.6,ASK
63,1712300791.013537,12109513.90977632,158.5,-1.0393422658675532e-05,167.6,ASK
64,1712300799.2234726,12118181.37022917,158.5,-2.3685908703032943e-06,167.6,ASK
65,1712300804.2235348,12119927.60320182,158.5,-4.771999248155174e-07,167.6,ASK
66,1712300820.402236,12119927.60320182,158.5,-0.0,167.6,ASK
67,1712300827.7737374,12119988.25927176,158.5,-1.6540176904360085e-08,167.6,ASK
68,1712300827.7754595,12130016.53292673,158.5,-2.734588977867409e-06,167.6,ASK
69,1712300827.915189,12130048.72989642,158.4,-8.779724353734144e-09,167.6,ASK
70,1712300827.9159298,12133268.4268661,158.4,-8.779724355638846e-07,167.6,ASK
71,1712300828.6935818,12133519.55758214,158.3,-6.848030994332684e-08,167.6,ASK
72,1712300850.4240909,12133519.55758214,158.3,-0.0,167.6,ASK
73,1712300855.6241393,12145127.16277699,158.3,-3.1633955545375155e-06,167.6,ASK
74,1712300855.6258206,12147718.73578804,158.3,-7.062757911556444e-07,167.6,ASK
75,1712300865.1239128,12175119.51323052,158.3,-7.467474651090803e-06,167.6,ASK
76,1712300865.125612,12175446.96103979,158.3,-8.92386436999206e-08,167.6,ASK
77,1712300875.5636332,12190810.23115613,158.3,-4.18691879792288e-06,167.6,ASK
78,1712300880.2536,12190810.23115613,158.3,-0.0,167.6,ASK
79,1712300880.3581376,12207898.48259228,158.3,-4.645542371374307e-06,167.6,ASK
80,1712300888.00386,12210379.44122436,158.3,6.744632995381229e-07,167.6,BID
81,1712300888.1039906,12214896.03212436,158.3,-1.2278619891862649e-06,167.6,ASK
82,1712300888.1236908,12221523.63842436,158.3,-1.801754029806988e-06,167.6,ASK
83,1712300898.0636275,12221555.19047483,158.5,8.577611812178388e-09,167.6,BID
84,1712300910.2937326,12221555.19047483,158.5,0.0,167.6,BID
85,1712300935.2938635,12221870.64788807,158.5,8.56456481743277e-08,167.6,BID
86,1712300940.4006033,12221870.64788807,158.5,0.0,167.6,BID
87,1712300970.423979,12221870.64788807,158.5,0.0,167.6,BID
88,1712301000.3238256,12221870.64788807,158.5,0.0,167.6,BID
89,1712301010.3041997,12222059.92233601,158.5,5.1593287284379414e-08,167.6,BID
90,1712301024.694027,12222097.77722559,158.5,1.0318657454438789e-08,167.6,BID
91,1712301030.2839477,12222097.77722559,158.5,0.0,167.6,BID
92,1712301032.6841552,12223097.77722559,158.5,2.725818596415317e-07,167.6,BID
93,1712301032.694017,12227891.52260618,158.5,1.3066880304891527e-06,167.6,BID
94,1712301032.6957316,12232384.62600618,158.5,1.2247384803340437e-06,167.6,BID
95,1712301032.7741191,12234481.43328827,158.6,5.715516282620487e-07,167.6,BID
96,1712301032.8346565,12235039.54348334,158.6,1.5213071485670857e-07,167.6,BID
97,1712301032.846005,12239534.66192281,158.6,1.22528774354004e-06,167.6,BID
98,1712301032.856801,12240256.55172774,158.6,1.967740654839442e-07,167.6,BID
99,1712301032.9140234,12241536.55172774,158.7,3.4890478034116045e-07,167.6,BID
100,1712301060.4426732,12241536.55172774,158.7,0.0,167.6,BID
101,1712301087.5443172,12247816.52572774,158.9,1.7103700726844994e-06,167.6,BID
102,1712301087.546224,12250936.92932371,158.9,8.498514365260512e-07,167.6,BID
103,1712301087.6242614,12252096.21172774,158.9,3.1573409852371684e-07,167.6,BID
104,1712301090.41423,12252096.21172774,158.9,0.0,167.6,BID
105,1712301120.26411,12252096.21172774,158.9,0.0,167.6,BID
106,1712301150.3245535,12252096.21172774,158.9,0.0,167.6,BID
107,1712301180.393695,12252096.21172774,158.9,0.0,167.6,BID
108,1712301203.063104,12254096.21172774,159.0,-5.444572887763099e-07,167.6,ASK
109,1712301206.273134,12265760.27027597,159.0,-3.1752908466489085e-06,167.6,ASK
110,1712301210.42298,12265760.27027597,159.0,-0.0,167.6,ASK
111,1712301227.5925694,12287972.31141374,159.0,-6.043179670125722e-06,167.6,ASK
112,1712301240.2822711,12287972.31141374,159.0,-0.0,167.6,ASK
113,1712301253.1391883,12292972.31141374,159.0,1.3590328154674082e-06,167.6,BID
114,1712301253.3318152,12293286.66021794,158.9,-8.544206808216635e-08,167.6,ASK
115,1712301254.941854,12293726.89293177,158.9,1.196581409073741e-07,167.6,BID
116,1712301270.2712777,12293726.89293177,158.9,0.0,167.6,BID
117,1712301294.5809162,12299005.70681374,158.9,1.4344595418878378e-06,167.6,BID
118,1712301294.5830212,12303117.35401374,158.9,1.1172948489549151e-06,167.6,BID
119,1712301300.3407328,12303117.35401374,158.9,0.0,167.6,BID
120,1712301303.650709,12303612.85288231,158.9,-1.3507437161597544e-07,167.6,ASK
121,1712301330.2799685,12303612.85288231,158.9,-0.0,167.6,ASK
122,1712301351.0096262,12309906.11908748,158.9,-1.7155250744194071e-06,167.6,ASK
123,1712301352.9495523,12310401.4032264,158.9,-1.350129378892633e-07,167.6,ASK
124,1712301352.950936,12332226.80419466,158.9,-5.94953739435887e-06,167.6,ASK
125,1712301360.3091974,12332226.80419466,158.9,-0.0,167.6,ASK
126,1712301390.281473,12332226.80419466,158.9,-0.0,167.6,ASK
127,1712301399.6716335,12332261.80419466,158.9,9.529082052314338e-09,167.6,BID
128,1712301410.6283398,12332307.81643083,158.9,1.2527267824603766e-08,167.6,BID
129,1712301420.418717,12332307.81643083,158.9,0.0,167.6,BID
130,1712301450.4074366,12332307.81643083,158.9,0.0,167.6,BID
131,1712301452.7774856,12347492.82015383,159.0,4.134246837372629e-06,167.6,BID
132,1712301452.7973356,12347492.82015404,159.0,5.679755601491325e-17,167.6,BID
133,1712301480.3072016,12347492.82015404,159.0,0.0,167.6,BID
134,1712301510.29647,12347492.82015404,159.0,0.0,167.6,BID
135,1712301540.4259746,12347492.82015404,159.0,0.0,167.6,BID
136,1712301564.4955857,12347524.23347062,159.2,8.546925208760168e-09,167.6,BID
137,1712301570.4154806,12347524.23347062,159.2,0.0,167.6,BID
138,1712301600.30494,12347524.23347062,159.2,0.0,167.6,BID
139,1712301630.294584,12347524.23347062,159.2,0.0,167.6,BID
140,1712301647.614732,12347575.18912486,159.0,-1.3944917871132805e-08,167.6,ASK
141,1712301660.4047108,12347575.18912486,159.0,-0.0,167.6,ASK
142,1712301665.8642366,12347625.18912486,159.0,1.3683355812154789e-08,167.6,BID
143,1712301690.43378,12347625.18912486,159.0,0.0,167.6,BID
144,1712301720.3035188,12347625.18912486,159.0,0.0,167.6,BID
145,1712301731.113412,12374558.39740306,158.8,-7.370717404541909e-06,167.6,ASK
146,1712301744.5337815,12384675.43259018,158.8,-2.7686938208703474e-06,167.6,ASK
147,1712301750.27321,12384675.43259018,158.8,-0.0,167.6,ASK
148,1712301758.4117153,12390440.54256656,158.8,-1.57518132938658e-06,167.6,ASK
149,1712301765.4133942,12391248.6677231,158.8,-2.208012793520287e-07,167.6,ASK
150,1712301780.432766,12391248.6677231,158.8,-0.0,167.6,ASK
151,1712301789.8730085,12391861.78850789,158.9,1.6747313649646245e-07,167.6,BID
152,1712301810.413703,12391861.78850789,158.9,0.0,167.6,BID
153,1712301840.3022685,12391861.78850789,158.9,0.0,167.6,BID
154,1712301870.3461351,12391861.78850789,158.9,0.0,167.6,BID
155,1712301900.4216251,12391861.78850789,158.9,0.0,167.6,BID
156,1712301930.4149566,12391861.78850789,158.9,0.0,167.6,BID
157,1712301960.291015,12391861.78850789,158.9,0.0,167.6,BID
158,1712301962.0713284,12391924.68158965,159.0,1.7279688381399672e-08,167.6,BID
159,1712301990.2930005,12391924.68158965,159.0,0.0,167.6,BID
160,1712302020.4406395,12391924.68158965,159.0,0.0,167.6,BID
161,1712302050.4106278,12391924.68158965,159.0,0.0,167.6,BID
162,1712302080.2800925,12391924.68158965,159.0,0.0,167.6,BID
163,1712302095.920261,12393006.36464251,159.0,2.971884061739884e-07,167.6,BID
164,1712302095.9225826,12398213.98976575,159.0,1.4307756844623074e-06,167.6,BID
165,1712302110.287922,12398213.98976575,159.0,0.0,167.6,BID
166,1712302140.4095984,12398213.98976575,159.0,0.0,167.6,BID
167,1712302150.010031,12422838.45106226,159.0,6.763621114778935e-06,167.6,BID
168,1712302150.0124114,12434972.8668172,159.0,3.332969993835074e-06,167.6,BID
169,1712302170.3794718,12434972.8668172,159.0,0.0,167.6,BID
170,1712302190.1294897,12435601.79763482,159.1,1.7247206752273745e-07,167.6,BID
171,1712302190.22954,12436416.8942426,159.3,2.2352442150445122e-07,167.6,BID
172,1712302200.509246,12436416.8942426,159.3,0.0,167.6,BID
173,1712302230.429238,12436416.8942426,159.3,0.0,167.6,BID
174,1712302260.2888188,12436416.8942426,159.3,0.0,167.6,BID
175,1712302290.2786243,12436416.8942426,159.3,0.0,167.6,BID
176,1712302290.4585347,12438116.42051351,159.3,4.669848016358328e-07,167.6,BID
177,1712302320.3984015,12438116.42051351,159.3,0.0,167.6,BID
178,1712302350.4083903,12438116.42051351,159.3,0.0,167.6,BID
179,1712302353.3185134,12438326.34641997,159.5,5.7677787818686345e-08,167.6,BID
180,1712302353.3204496,12443840.13088113,159.6,1.5149292223784236e-06,167.6,BID
181,1712302353.3222964,12446329.89459556,159.7,6.840702305965072e-07,167.6,BID
182,1712302353.3241923,12449210.90077956,159.6,7.915653012443356e-07,167.6,BID
183,1712302353.3260248,12449822.5536647,159.7,1.6805350955884057e-07,167.6,BID
184,1712302380.288082,12449822.5536647,159.7,0.0,167.6,BID
185,1712302410.2598095,12449822.5536647,159.7,0.0,167.6,BID
186,1712302440.3978524,12449822.5536647,159.7,0.0,167.6,BID
187,1712302456.3777444,12449860.12410928,159.7,1.0317298183562e-08,167.6,BID
188,1712302470.417842,12449860.12410928,159.7,0.0,167.6,BID
189,1712302472.0578923,12450360.12410928,159.7,1.373058171037393e-07,167.6,BID
190,1712302494.5975428,12450569.89242487,159.7,5.760481994937213e-08,167.6,BID
191,1712302500.2976117,12450569.89242487,159.7,0.0,167.6,BID
192,1712302530.3073103,12450569.89242487,159.7,0.0,167.6,BID
193,1712302560.397283,12450569.89242487,159.7,0.0,167.6,BID
194,1712302590.3973193,12450569.89242487,159.7,0.0,167.6,BID
195,1712302597.6974442,12452682.74650102,159.7,5.839926819057196e-07,167.6,BID
196,1712302597.7001486,12455599.9847706,159.7,8.063244026371832e-07,167.6,BID
197,1712302597.817407,12457483.0826706,159.7,-5.204880949072207e-07,167.6,ASK
198,1712302597.9771452,12460215.2964706,159.7,-7.55183655423137e-07,167.6,ASK
199,1712302597.9972396,12462077.2495706,159.7,-5.146436740366054e-07,167.6,ASK
200,1712302598.2395413,12465704.4854286,159.7,-1.0025676739959006e-06,167.6,ASK
201,1712302601.574166,12465704.48542893,159.7,-9.11257872798146e-17,167.6,ASK
202,1712302601.5753472,12467224.4854286,159.5,-4.201278670044715e-07,167.6,ASK
203,1712302620.307077,12467224.4854286,159.5,-0.0,167.6,ASK
204,1712302650.2769566,12467224.4854286,159.5,-0.0,167.6,ASK
205,1712302666.796271,12467836.13831374,159.8,1.6893662415587554e-07,167.6,BID
206,1712302667.069418,12469568.43231374,159.8,-4.78454214007422e-07,167.6,ASK
207,1712302667.627265,12471088.43231374,159.6,-4.19819271608273e-07,167.6,ASK
208,1712302667.6299553,12471127.49627372,159.3,-1.0789344227039034e-08,167.6,ASK
209,1712302667.6325862,12471127.49631374,159.8,-1.1053104260573341e-14,167.6,ASK
210,1712302676.6067417,12471160.79591374,159.8,9.197245932015084e-09,167.6,BID
211,1712302676.686768,12473225.09041374,159.8,-5.701517193258482e-07,167.6,ASK
212,1712302677.086875,12493059.27921374,159.8,-5.478141246682119e-06,167.6,ASK
213,1712302680.386716,12493059.27921374,159.8,-0.0,167.6,ASK
214,1712302690.7367475,12493614.59701374,159.9,1.5320237337847314e-07,167.6,BID
215,1712302690.7394342,12495485.52921374,159.9,5.161571508602833e-07,167.6,BID
216,1712302692.3414476,12496205.21711374,159.9,1.9854918097689096e-07,167.6,BID
217,1712302692.3465905,12497103.02921374,159.9,2.476905018489467e-07,167.6,BID
218,1712302710.416604,12497103.02921374,159.9,0.0,167.6,BID
219,1712302717.1666944,12509637.32516744,159.8,-3.4573741401873564e-06,167.6,ASK
220,1712302717.169186,12523162.67931374,159.8,-3.7307408278075744e-06,167.6,ASK
221,1712302740.266368,12523162.67931374,159.8,-0.0,167.6,ASK
222,1712302754.386444,12523792.19569667,159.8,-1.734422507393406e-07,167.6,ASK
223,1712302770.2892654,12523792.19569667,159.8,-0.0,167.6,ASK
224,1712302800.301159,12523792.19569667,159.8,-0.0,167.6,ASK
225,1712302814.3562307,12524417.97792446,159.5,-1.727350816274654e-07,167.6,ASK
226,1712302830.2961347,12524417.97792446,159.5,-0.0,167.6,ASK
227,1712302840.3064332,12524474.59674864,159.5,-1.562810085806528e-08,167.6,ASK
228,1712302854.0062668,12525014.62986594,159.5,-1.49061591194388e-07,167.6,ASK
229,1712302854.0173962,12526238.63228479,159.5,-3.378528877853649e-07,167.6,ASK
230,1712302854.0190463,12534761.44552923,159.5,-2.3524929545446176e-06,167.6,ASK
231,1712302860.3959255,12534761.44552923,159.5,-0.0,167.6,ASK
232,1712302890.40584,12534761.44552923,159.5,-0.0,167.6,ASK
233,1712302894.505988,12534970.21128262,159.5,-5.7597932326929534e-08,167.6,ASK
234,1712302894.509257,12538869.99806634,159.5,-1.0759411043736724e-06,167.6,ASK
235,1712302895.3058438,12549896.03853329,159.5,3.0420560955810906e-06,167.6,BID
236,1712302908.295809,12561181.30499098,159.5,-3.11357587710406e-06,167.6,ASK
237,1712302920.3092043,12561181.30499098,159.5,-0.0,167.6,ASK
238,1712302950.2854278,12561181.30499098,159.5,-0.0,167.6,ASK
239,1712302980.3955293,12561181.30499098,159.5,-0.0,167.6,ASK
240,1712303004.7974885,12562980.75409098,159.8,4.958868311855453e-07,167.6,BID
241,1712303004.799811,12567604.61906003,159.9,1.274230956204142e-06,167.6,BID
242,1712303004.8020186,12568150.88178767,159.9,1.5053745782785237e-07,167.6,BID
243,1712303010.3908553,12568150.88178767,159.9,0.0,167.6,BID
244,1712303015.0756142,12576816.07672267,159.9,-2.387195628894224e-06,167.6,ASK
245,1712303015.13605,12576816.07672331,159.9,-1.7600861242943395e-16,167.6,ASK
246,1712303019.8354893,12578984.59892331,159.9,5.974114553492956e-07,167.6,BID
247,1712303019.8384335,12580990.00702331,159.9,5.524747551993158e-07,167.6,BID
248,1712303020.0153744,12583882.57995331,159.9,-7.968819520563248e-07,167.6,ASK
249,1712303032.6553435,12584630.11674832,159.9,-2.0594072988243106e-07,167.6,ASK
250,1712303039.6652806,12592436.34496629,159.9,2.150556798765317e-06,167.6,BID
251,1712303040.3109248,12592436.34496629,159.9,0.0,167.6,BID
252,1712303070.2851875,12592436.34496629,159.9,0.0,167.6,BID
253,1712303100.315035,12592436.34496629,159.9,0.0,167.6,BID
254,1712303130.291682,12592436.34496629,159.9,0.0,167.6,BID
255,1712303160.31473,12592436.34496629,159.9,0.0,167.6,BID
256,1712303190.3065217,12592436.34496629,159.9,0.0,167.6,BID
257,1712303220.4148183,12592436.34496629,159.9,0.0,167.6,BID
258,1712303243.0651083,12592623.96222708,159.6,-5.185832563078192e-08,167.6,ASK
259,1712303250.414934,12592623.96222708,159.6,-0.0,167.6,ASK
260,1712303280.2552423,12592623.96222708,159.6,-0.0,167.6,ASK
261,1712303291.7855415,12594316.04421441,159.6,-4.676958403036648e-07,167.6,ASK
262,1712303297.2555714,12627847.48650607,159.5,-9.268177426751434e-06,167.6,ASK
263,1712303310.289427,12627847.48650607,159.5,-0.0,167.6,ASK
264,1712303317.165941,12627947.48650607,159.3,-2.75974022758466e-08,167.6,ASK
265,1712303317.1691918,12634228.89354125,159.2,-1.733505168082312e-06,167.6,ASK
266,1712303317.1723006,12635040.51596297,159.3,-2.239867046827975e-07,167.6,ASK
267,1712303340.4058638,12635040.51596297,159.3,-0.0,167.6,ASK
268,1712303352.8862162,12636439.82134101,158.9,-3.860499226380141e-07,167.6,ASK
269,1712303352.8893683,12636499.15016716,159.0,-1.6368041676120358e-08,167.6,ASK
270,1712303352.8923695,12636515.75230428,158.9,-4.5803109539590545e-09,167.6,ASK
271,1712303358.7261872,12638116.44692624,158.9,-4.416105624063653e-07,167.6,ASK
272,1712303358.7318811,12638242.31225034,158.9,-3.4724585065090285e-08,167.6,ASK
273,1712303358.7864392,12643346.48356134,158.9,1.4081736343373885e-06,167.6,BID
274,1712303358.7903905,12643346.48356139,158.9,1.3360860826543136e-17,167.6,BID
275,1712303370.4089584,12643346.48356139,158.9,0.0,167.6,BID
276,1712303384.4663477,12643786.95675733,159.4,1.2147652071350408e-07,167.6,BID
277,1712303384.4689388,12644643.80080611,159.2,2.3630594278918298e-07,167.6,BID
278,1712303400.3462234,12644643.80080611,159.2,0.0,167.6,BID
279,1712303430.2974246,12644643.80080611,159.2,0.0,167.6,BID
280,1712303460.4067454,12644643.80080611,159.2,0.0,167.6,BID
281,1712303461.000404,12646123.80080611,159.9,4.100411431124425e-07,167.6,BID
282,1712303461.0767496,12648365.41697866,159.9,-6.210505796020789e-07,167.6,ASK
283,1712303461.1009324,12649643.80080611,159.9,-3.541824094221081e-07,167.6,ASK
284,1712303490.4168549,12649643.80080611,159.9,-0.0,167.6,ASK
285,1712303520.3070903,12649643.80080611,159.9,-0.0,167.6,ASK
286,1712303550.2870488,12649643.80080611,159.9,-0.0,167.6,ASK
287,1712303580.4072468,12649643.80080611,159.9,-0.0,167.6,ASK
288,1712303610.3977008,12649643.80080611,159.9,-0.0,167.6,ASK
289,1712303640.288028,12649643.80080611,159.9,-0.0,167.6,ASK
290,1712303670.2842717,12649643.80080611,159.9,-0.0,167.6,ASK
291,1712303700.3277822,12649643.80080611,159.9,-0.0,167.6,ASK
292,1712303730.305572,12649643.80080611,159.9,-0.0,167.6,ASK
293,1712303760.4082658,12649643.80080611,159.9,-0.0,167.6,ASK
294,1712303790.4379563,12649643.80080611,159.9,-0.0,167.6,ASK
295,1712303820.278076,12649643.80080611,159.9,-0.0,167.6,ASK
296,1712303850.2709424,12649643.80080611,159.9,-0.0,167.6,ASK
297,1712303853.0382674,12649743.80080611,159.8,2.77085322084496e-08,167.6,BID
298,1712303880.428201,12649743.80080611,159.8,0.0,167.6,BID
299,1712303886.928307,12651174.23820611,159.2,-3.963514527265004e-07,167.6,ASK
300,1712303887.409492,12651183.80080611,159.2,-2.6496443687606702e-09,167.6,ASK
301,1712303887.4127347,12652435.56090611,159.1,-3.4684281472216445e-07,167.6,ASK
302,1712303910.4206653,12652435.56090611,159.1,-0.0,167.6,ASK
303,1712303940.2889674,12652435.56090611,159.1,-0.0,167.6,ASK
304,1712303970.261716,12652435.56090611,159.1,-0.0,167.6,ASK
305,1712304000.398266,12652435.56090611,159.1,-0.0,167.6,ASK
306,1712304007.10852,12652498.13912888,159.8,1.7400558835327597e-08,167.6,BID
307,1712304030.2783782,12652498.13912888,159.8,0.0,167.6,BID
308,1712304060.4517293,12652498.13912888,159.8,0.0,167.6,BID
309,1712304090.4083998,12652498.13912888,159.8,0.0,167.6,BID
310,1712304105.0786316,12653126.84752888,159.2,-1.7481875644164297e-07,167.6,ASK
311,1712304120.308498,12653126.84752888,159.2,-0.0,167.6,ASK
312,1712304150.2583332,12653126.84752888,159.2,-0.0,167.6,ASK
313,1712304158.4585724,12653164.59471285,159.8,1.0495695795382184e-08,167.6,BID
314,1712304180.408365,12653164.59471285,159.8,0.0,167.6,BID
315,1712304210.4243584,12653164.59471285,159.8,0.0,167.6,BID
316,1712304240.2725863,12653164.59471285,159.8,0.0,167.6,BID
317,1712304270.2684088,12653164.59471285,159.8,0.0,167.6,BID
318,1712304300.4184194,12653164.59471285,159.8,0.0,167.6,BID
319,1712304317.6385288,12653212.21376046,159.6,1.3244959985776697e-08,167.6,BID
320,1712304330.4183652,12653212.21376046,159.6,0.0,167.6,BID
321,1712304360.2684486,12653212.21376046,159.6,0.0,167.6,BID
322,1712304371.218518,12653274.75284738,159.5,1.7394845012035655e-08,167.6,BID
323,1712304390.3085606,12653274.75284738,159.5,0.0,167.6,BID
324,1712304420.414221,12653274.75284738,159.5,0.0,167.6,BID
325,1712304450.398568,12653274.75284738,159.5,0.0,167.6,BID
326,1712304480.299214,12653274.75284738,159.5,0.0,167.6,BID
327,1712304502.038937,12658056.26248427,159.5,1.329942479043498e-06,167.6,BID
328,1712304502.0432265,12658856.5477991,159.5,2.2259359833464174e-07,167.6,BID
329,1712304510.268483,12658856.5477991,159.5,0.0,167.6,BID
330,1712304540.410109,12658856.5477991,159.5,0.0,167.6,BID
331,1712304570.4084926,12658856.5477991,159.5,0.0,167.6,BID
332,1712304574.9986072,12710555.54372272,159.5,-1.4376143530541349e-05,167.6,ASK
333,1712304600.3283162,12710555.54372272,159.5,-0.0,167.6,ASK
334,1712304630.2884946,12710555.54372272,159.5,-0.0,167.6,ASK
335,1712304660.3985891,12710555.54372272,159.5,-0.0,167.6,ASK
336,1712304690.3983738,12710555.54372272,159.5,-0.0,167.6,ASK
337,1712304715.6286032,12716031.97157006,159.6,-1.5207070934436345e-06,167.6,ASK
338,1712304715.6399558,12721031.97157006,159.6,-1.3884115118786703e-06,167.6,ASK
339,1712304720.2882628,12721031.97157006,159.6,-0.0,167.6,ASK
340,1712304737.198264,12721486.22777046,159.8,1.2608036906934465e-07,167.6,BID
341,1712304737.2783616,12722307.17126946,159.9,2.278556885904084e-07,167.6,BID
342,1712304737.318305,12722307.17126994,159.9,1.3338175860769081e-16,167.6,BID
343,1712304738.2846262,12722391.17126994,159.8,-2.3314488591401103e-08,167.6,ASK
344,1712304750.2984228,12722391.17126994,159.8,-0.0,167.6,ASK
345,1712304752.291224,12737048.70398246,160.0,4.068003231162626e-06,167.6,BID
346,1712304752.2982588,12741763.94679189,160.0,1.308652920016571e-06,167.6,BID
347,1712304759.8384457,12742388.55641087,160.1,1.7335209124639737e-07,167.6,BID
348,1712304759.898358,12743544.02801087,160.1,3.206857725994484e-07,167.6,BID
349,1712304759.901213,12749318.85200131,160.1,1.602725582351289e-06,167.6,BID
350,1712304759.978479,12750139.74255188,160.3,2.278272528977341e-07,167.6,BID
351,1712304759.9820182,12750961.53696731,160.2,2.2807810856612859e-07,167.6,BID
352,1712304759.9983602,12750961.536968,160.3,1.9178933462311022e-16,167.6,BID
353,1712304760.0583358,12751410.479068,160.3,1.2459790806699641e-07,167.6,BID
354,1712304760.0682616,12751782.480468,160.3,1.032440402403055e-07,167.6,BID
355,1712304760.0782108,12752506.494568,160.4,2.0094048268388045e-07,167.6,BID
356,1712304760.088195,12752603.423968,160.3,2.690146562393851e-08,167.6,BID
357,1712304771.5082667,12755722.57555876,160.3,8.656790333379785e-07,167.6,BID
358,1712304779.838293,12755789.29495876,160.3,1.851708197442467e-08,167.6,BID
359,1712304779.848263,12758561.873768,160.3,7.694923679079584e-07,167.6,BID
360,1712304779.988543,12758841.72714952,160.3,-7.766958345611242e-08,167.6,ASK
361,1712304780.4084375,12758841.72714952,160.3,-0.0,167.6,ASK
362,1712304795.43856,12761645.1757218,160.3,7.768017375054875e-07,167.6,BID
363,1712304795.4415393,12761960.87874028,160.3,8.747749315488983e-08,167.6,BID
364,1712304810.4083858,12761960.87874028,160.3,0.0,167.6,BID
365,1712304810.5012364,12763210.87874028,160.0,-3.463119222625304e-07,167.6,ASK
366,1712304825.0983748,12766361.22496454,160.3,8.728019653726734e-07,167.6,BID
367,1712304840.2682106,12766361.22496454,160.3,0.0,167.6,BID
368,1712304870.2985694,12766361.22496454,160.3,0.0,167.6,BID
369,1712304870.8584597,12766432.8115173,160.3,1.9829148324976736e-08,167.6,BID
370,1712304870.8622124,12797552.74087221,160.3,8.620078370211388e-06,167.6,BID
371,1712304900.3179832,12797552.74087221,160.3,0.0,167.6,BID
372,1712304930.288086,12797552.74087221,160.3,0.0,167.6,BID
373,1712304960.398277,12797552.74087221,160.3,0.0,167.6,BID
374,1712304990.410304,12797552.74087221,160.3,0.0,167.6,BID
375,1712305020.2981498,12797552.74087221,160.3,0.0,167.6,BID
376,1712305050.2781124,12797552.74087221,160.3,0.0,167.6,BID
377,1712305070.0182765,12803791.04405374,160.3,-1.7275132602824243e-06,167.6,ASK
378,1712305080.4279535,12803791.04405374,160.3,-0.0,167.6,ASK
379,1712305110.3978283,12803791.04405374,160.3,-0.0,167.6,ASK
380,1712305140.2880783,12803791.04405374,160.3,-0.0,167.6,ASK
381,1712305170.269645,12803791.04405374,160.3,-0.0,167.6,ASK
382,1712305200.3878653,12803791.04405374,160.3,-0.0,167.6,ASK
383,1712305230.2577603,12803791.04405374,160.3,-0.0,167.6,ASK
384,1712305260.3977027,12803791.04405374,160.3,-0.0,167.6,ASK
385,1712305272.498744,12805366.50086603,160.3,4.388481152367027e-07,167.6,BID
386,1712305272.5005972,12805463.43026551,160.4,2.6999968479928563e-08,167.6,BID
387,1712305272.5023162,12806983.43026551,160.4,4.234004575414471e-07,167.6,BID
388,1712305272.5040202,12820154.2349594,160.3,3.66876627209315e-06,167.6,BID
389,1712305290.4078753,12820154.2349594,160.3,0.0,167.6,BID
390,1712305320.2928848,12820154.2349594,160.3,0.0,167.6,BID
391,1712305348.8784354,12820189.0639594,160.5,9.694636268807414e-09,167.6,BID
392,1712305348.998289,12841896.13809196,160.6,6.042154186906428e-06,167.6,BID
393,1712305350.298133,12841896.13809196,160.6,0.0,167.6,BID
394,1712305380.3811202,12841896.13809196,160.6,0.0,167.6,BID
395,1712305410.258507,12841896.13809196,160.6,0.0,167.6,BID
396,1712305410.730055,12842396.13809196,160.7,1.39039635781984e-07,167.6,BID
397,1712305410.7319138,12842960.70507015,160.8,1.5699437404365408e-07,167.6,BID
398,1712305411.110799,12843234.55807015,160.6,-7.615284275564049e-08,167.6,ASK
399,1712305419.79879,12846402.8091795,161.0,8.81024960619913e-07,167.6,BID
400,1712305419.8021164,12865179.67008493,161.0,5.221455802839742e-06,167.6,BID
401,1712305419.8785062,12867582.02618493,161.0,-6.680454343253777e-07,167.6,ASK
402,1712305419.905184,12871107.22268493,161.0,-9.80284074839742e-07,167.6,ASK
403,1712305419.9835536,12871139.39659797,161.1,8.9468983018398e-09,167.6,BID
404,1712305419.9853191,12875088.91178384,161.2,1.0982783059176233e-06,167.6,BID
405,1712305419.987104,12876733.18098384,161.2,4.5723718139080404e-07,167.6,BID
406,1712305419.9890091,12877449.52263628,161.2,1.9919976490141853e-07,167.6,BID
407,1712305420.4838996,12878690.21742536,161.0,-3.450115031805632e-07,167.6,ASK
408,1712305420.7086537,12879930.91221444,161.0,-3.450115031805632e-07,167.6,ASK
409,1712305420.928617,12880011.64063019,161.0,-2.2448899046264012e-08,167.6,ASK
410,1712305420.931779,12880861.43330625,161.0,-2.363097283395469e-07,167.6,ASK
411,1712305420.9886928,12882258.14132742,160.6,-3.883955491143737e-07,167.6,ASK
412,1712305420.9917743,12882722.47548987,160.6,-1.291217056562122e-07,167.6,ASK
413,1712305421.1289294,12883698.14132742,160.6,-2.7131244539590176e-07,167.6,ASK
414,1712305421.132005,12884273.34397622,160.6,-1.5995193357993177e-07,167.6,ASK
415,1712305440.423428,12884273.34397622,160.6,-0.0,167.6,ASK
416,1712305462.448901,12884308.17297622,160.8,-9.666884069209688e-09,167.6,ASK
417,1712305470.408738,12884308.17297622,160.8,-0.0,167.6,ASK
418,1712305500.260792,12884308.17297622,160.8,-0.0,167.6,ASK
419,1712305530.2894993,12884308.17297622,160.8,-0.0,167.6,ASK
420,1712305560.420146,12884308.17297622,160.8,-0.0,167.6,ASK
421,1712305590.4090116,12884308.17297622,160.8,-0.0,167.6,ASK
422,1712305620.3191009,12884308.17297622,160.8,-0.0,167.6,ASK
423,1712305650.3190098,12884308.17297622,160.8,-0.0,167.6,ASK
424,1712305680.4194744,12884308.17297622,160.8,-0.0,167.6,ASK
425,1712305710.4107618,12884308.17297622,160.8,-0.0,167.6,ASK
426,1712305740.2696278,12884308.17297622,160.8,-0.0,167.6,ASK
427,1712305770.293533,12884308.17297622,160.8,-0.0,167.6,ASK
428,1712305787.682643,12892495.53910324,160.6,-2.292475744332324e-06,167.6,ASK
429,1712305787.6846757,12918777.92620091,160.6,-7.359110853210709e-06,167.6,ASK
430,1712305795.0439372,12923053.58676576,160.6,-1.1971918665724957e-06,167.6,ASK
431,1712305795.0458622,12923553.58676576,160.6,-1.4000080787683056e-07,167.6,ASK
432,1712305800.359568,12923553.58676576,160.6,-0.0,167.6,ASK
433,1712305829.101604,12928681.37974697,160.6,1.4342131969854066e-06,167.6,BID
434,1712305829.1595862,12932118.96242397,160.6,9.614714281856217e-07,167.6,BID
435,1712305829.1796105,12941785.73958784,160.6,2.703740075222049e-06,167.6,BID
436,1712305830.2898855,12941785.73958784,160.6,0.0,167.6,BID
437,1712305860.452555,12941785.73958784,160.6,0.0,167.6,BID
438,1712305890.420068,12941785.73958784,160.6,0.0,167.6,BID
439,1712305920.2602005,12941785.73958784,160.6,0.0,167.6,BID
440,1712305950.3007524,12941785.73958784,160.6,0.0,167.6,BID
441,1712305980.3239875,12941785.73958784,160.6,0.0,167.6,BID
442,1712306010.2705405,12941785.73958784,160.6,0.0,167.6,BID
443,1712306040.422008,12941785.73958784,160.6,0.0,167.6,BID
444,1712306070.4202037,12941785.73958784,160.6,0.0,167.6,BID
445,1712306100.311022,12941785.73958784,160.6,0.0,167.6,BID
446,1712306130.2611966,12941785.73958784,160.6,0.0,167.6,BID
447,1712306160.390006,12941785.73958784,160.6,0.0,167.6,BID
448,1712306190.420531,12941785.73958784,160.6,0.0,167.6,BID
449,1712306195.9802094,12941985.73958784,160.6,-5.6076471593535064e-08,167.6,ASK
450,1712306200.9000883,12942085.31775161,161.2,2.7919960360192762e-08,167.6,BID
451,1712306220.2799327,12942085.31775161,161.2,0.0,167.6,BID
452,1712306250.2863493,12942085.31775161,161.2,0.0,167.6,BID
453,1712306271.6905978,12944873.34365161,160.9,7.817027177871544e-07,167.6,BID
454,1712306271.702233,12945373.34365161,161.6,1.4018928550618534e-07,167.6,BID
455,1712306271.7062385,12948138.70105161,160.9,7.753469561505114e-07,167.6,BID
456,1712306271.7095537,12949618.70105161,161.2,4.1496028509830853e-07,167.6,BID
457,1712306271.717723,12950829.24605161,160.9,3.394108772461493e-07,167.6,BID
458,1712306271.719677,12952745.92515161,161.0,5.373957471476217e-07,167.6,BID
459,1712306271.7215934,12954185.92515161,161.3,4.037451422578138e-07,167.6,BID
460,1712306271.7238126,12954250.07250403,161.9,1.7985543005688666e-08,167.6,BID
461,1712306271.725768,12954373.68189835,161.8,3.4657425342965537e-08,167.6,BID
462,1712306271.7277155,12954639.41018122,162.0,7.450451622886483e-08,167.6,BID
463,1712306271.7296562,12955861.84435049,161.9,3.4274434553664455e-07,167.6,BID
464,1712306271.7316124,12956897.62638594,162.0,2.9041108697962096e-07,167.6,BID
465,1712306271.7336204,12958316.20655766,162.2,3.977394814131108e-07,167.6,BID
466,1712306271.735594,12959697.24927159,162.1,3.872147826389724e-07,167.6,BID
467,1712306271.7375937,12966741.7270719,162.2,1.97512061917919e-06,167.6,BID
468,1712306272.1694193,12967666.51128892,160.7,-2.592896772630009e-07,167.6,ASK
469,1712306272.3809154,12968221.7270719,160.7,-1.5567060783530762e-07,167.6,ASK
470,1712306272.385172,12968591.29550594,160.6,-1.036190694276933e-07,167.6,ASK
471,1712306272.4803722,12968653.56200656,160.6,-1.745819246530231e-08,167.6,ASK
472,1712306272.484535,12969516.07972296,160.6,-2.418314847971764e-07,167.6,ASK
473,1712306272.6001437,12970749.12534565,160.6,-3.4571956968278264e-07,167.6,ASK
474,1712306272.7404408,12971673.90956267,160.6,-2.592896772630009e-07,167.6,ASK
475,1712306277.251173,12972616.90956267,160.7,-2.643969924646655e-07,167.6,ASK
476,1712306280.347025,12974096.90956267,161.5,4.1496028509830853e-07,167.6,BID
477,1712306280.3501732,12977337.56847347,161.5,9.086113145485456e-07,167.6,BID
478,1712306280.409914,12977337.56847347,161.5,0.0,167.6,BID
479,1712306284.8004758,12977530.19896267,161.5,5.392342753735703e-08,167.6,BID
480,1712306284.8049517,12978312.45947408,161.5,2.1897970657413522e-07,167.6,BID
481,1712306291.2900355,12978496.77030373,161.4,5.15944890565985e-08,167.6,BID
482,1712306296.4701548,12978533.59346631,161.4,1.03079795276271e-08,167.6,BID
483,1712306299.420196,12981310.25390609,161.4,7.772759579330753e-07,167.6,BID
484,1712306299.424718,12982830.25390609,161.4,4.254965566304144e-07,167.6,BID
485,1712306299.4800708,12988441.89829778,161.4,-1.5708785300646296e-06,167.6,ASK
486,1712306310.4198723,12988441.89829778,161.4,-0.0,167.6,ASK
487,1712306340.27007,12988441.89829778,161.4,-0.0,167.6,ASK
488,1712306370.2599783,12988441.89829778,161.4,-0.0,167.6,ASK
489,1712306400.3150368,12988441.89829778,161.4,-0.0,167.6,ASK
490,1712306424.8001246,12988540.82477531,162.1,2.7701348990134544e-08,167.6,BID
491,1712306430.259945,12988540.82477531,162.1,0.0,167.6,BID
492,1712306460.4200938,12988540.82477531,162.1,0.0,167.6,BID
493,1712306490.430065,12988540.82477531,162.1,0.0,167.6,BID
494,1712306495.3901784,12991701.63594331,161.4,-8.850849870631966e-07,167.6,ASK
495,1712306495.4099216,12991701.63594345,161.4,-3.9118105373568635e-17,167.6,ASK
496,1712306520.2999778,12991701.63594345,161.4,-0.0,167.6,ASK
497,1712306550.2570112,12991701.63594345,161.4,-0.0,167.6,ASK
498,1712306580.3501596,12991701.63594345,161.4,-0.0,167.6,ASK
499,1712306610.2832286,12991701.63594345,161.4,-0.0,167.6,ASK
500,1712306614.6300404,12991763.63222367,161.3,1.7357613748024105e-08,167.6,BID
501,1712306640.3999228,12991763.63222367,161.3,0.0,167.6,BID
502,1712306664.950097,12994405.61359012,161.0,7.396954064429409e-07,167.6,BID
503,1712306670.4099202,12994405.61359012,161.0,0.0,167.6,BID
504,1712306700.3401835,12994405.61359012,161.0,0.0,167.6,BID
505,1712306730.2799294,12994405.61359012,161.0,0.0,167.6,BID
506,1712306760.419731,12994405.61359012,161.0,0.0,167.6,BID
507,1712306781.060142,13006836.73371875,160.9,3.4828597370800265e-06,167.6,BID
508,1712306790.4242897,13006836.73371875,160.9,0.0,167.6,BID
509,1712306801.7199771,13007036.73371875,160.9,-5.6003144157752615e-08,167.6,ASK
510,1712306801.7999997,13007683.79471875,160.9,-1.8118725230948973e-07,167.6,ASK
511,1712306801.8198123,13008796.38431875,160.9,-3.115425787862301e-07,167.6,ASK
512,1712306801.85996,13017059.43583996,160.9,-2.313784327626303e-06,167.6,ASK
513,1712306808.0499237,13017159.32403871,161.0,2.7970265971298686e-08,167.6,BID
514,1712306820.2822096,13017159.32403871,161.0,0.0,167.6,BID
515,1712306850.3100965,13017159.32403871,161.0,0.0,167.6,BID
516,1712306880.4197855,13017159.32403871,161.0,0.0,167.6,BID
517,1712306910.3997571,13017159.32403871,161.0,0.0,167.6,BID
518,1712306940.309744,13017159.32403871,161.0,0.0,167.6,BID
519,1712306970.2922378,13017159.32403871,161.0,0.0,167.6,BID
520,1712307000.2999096,13017159.32403871,161.0,0.0,167.6,BID
521,1712307016.2697866,13023839.20549045,160.8,-1.8772700938279536e-06,167.6,ASK
522,1712307016.2739408,13025702.55952771,160.8,-5.236648035800575e-07,167.6,ASK
523,1712307016.2941244,13025702.55952827,160.8,-1.5756314028290987e-16,167.6,ASK
524,1712307016.4899092,13025764.78728184,160.7,-1.7488079934370342e-08,167.6,ASK
525,1712307016.4945786,13027624.35762827,160.7,-5.226014599126483e-07,167.6,ASK
526,1712307016.6148026,13028628.51005627,160.7,-2.822004157335111e-07,167.6,ASK
527,1712307016.6246045,13028628.51005642,160.7,-4.1877246586819896e-17,167.6,ASK
528,1712307030.2596488,13028628.51005642,160.7,-0.0,167.6,ASK
529,1712307049.296689,13032840.40704874,160.5,-1.1830708381130298e-06,167.6,ASK
530,1712307049.2989142,13032902.67354936,160.6,-1.7489905667064214e-08,167.6,ASK
531,1712307049.301037,13057824.79192942,160.5,-7.000321122100404e-06,167.6,ASK
532,1712307049.305169,13059843.42453211,160.5,-5.670094424106326e-07,167.6,ASK
533,1712307049.3100684,13059937.72982806,160.5,-2.648921512593051e-08,167.6,ASK
534,1712307049.3121948,13062429.94166606,160.5,-7.000321122082093e-07,167.6,ASK
535,1712307049.329989,13064972.70344073,160.4,-7.142309770077853e-07,167.6,ASK
536,1712307049.3321168,13067668.97225683,160.4,-7.573492452114239e-07,167.6,ASK
537,1712307060.409635,13067668.97225683,160.4,-0.0,167.6,ASK
538,1712307090.410005,13067668.97225683,160.4,-0.0,167.6,ASK
539,1712307104.5697556,13073950.37929201,160.4,-1.7612714816696524e-06,167.6,ASK
540,1712307120.2898386,13073950.37929201,160.4,-0.0,167.6,ASK
541,1712307150.291381,13073950.37929201,160.4,-0.0,167.6,ASK
542,1712307152.7598426,13087367.5975264,160.4,-3.7610505965797214e-06,167.6,ASK
543,1712307152.7647085,13089736.12584157,160.4,-6.639345561177786e-07,167.6,ASK
544,1712307180.4195468,13089736.12584157,160.4,-0.0,167.6,ASK
545,1712307185.919825,13089836.22532453,160.5,2.8039507914426373e-08,167.6,BID
546,1712307188.529779,13093695.14438293,160.4,-1.0809465571493032e-06,167.6,ASK
547,1712307188.533584,13093757.48852258,160.4,-1.746361664853342e-08,167.6,ASK
548,1712307188.569681,13093819.87155439,160.3,-1.747451098059706e-08,167.6,ASK
549,1712307210.4250543,13093819.87155439,160.3,-0.0,167.6,ASK
550,1712307240.2695968,13093819.87155439,160.3,-0.0,167.6,ASK
551,1712307256.571603,13094526.61046756,160.1,-1.9793284989754632e-07,167.6,ASK
552,1712307256.5758815,13100046.52161665,160.1,-1.5459340423445875e-06,167.6,ASK
553,1712307270.2996614,13100046.52161665,160.1,-0.0,167.6,ASK
554,1712307291.040043,13105759.44376407,160.4,1.5995430906333184e-06,167.6,BID
555,1712307300.2996826,13105759.44376407,160.4,0.0,167.6,BID
556,1712307330.2756934,13105759.44376407,160.4,0.0,167.6,BID
557,1712307344.0197358,13106059.44376407,160.4,-8.452133207241784e-08,167.6,ASK
558,1712307344.079726,13106850.17656407,160.4,-2.2277929856434455e-07,167.6,ASK
559,1712307360.4197123,13106850.17656407,160.4,-0.0,167.6,ASK
560,1712307390.4199166,13106850.17656407,160.4,-0.0,167.6,ASK
561,1712307404.5902536,13107847.60860432,160.4,-2.810004315138974e-07,167.6,ASK
562,1712307420.2700694,13107847.60860432,160.4,-0.0,167.6,ASK
563,1712307450.280254,13107847.60860432,160.4,-0.0,167.6,ASK
564,1712307480.415098,13107847.60860432,160.4,-0.0,167.6,ASK
565,1712307490.0502446,13108638.34140432,160.4,2.227582778213706e-07,167.6,BID
566,1712307490.0526989,13110341.37419035,160.4,4.797633922463024e-07,167.6,BID
567,1712307510.4105558,13110341.37419035,160.4,0.0,167.6,BID
568,1712307526.0102928,13111873.93305859,160.1,-4.316903372544476e-07,167.6,ASK
569,1712307526.0143237,13111936.39402048,160.1,-1.7593969316337165e-08,167.6,ASK
570,1712307526.1103988,13113154.49922606,160.1,3.4311520288429306e-07,167.6,BID
571,1712307526.11545,13114024.09478054,160.1,2.44947196462052e-07,167.6,BID
572,1712307526.1329224,13114784.69177496,160.1,2.1424454214477255e-07,167.6,BID
573,1712307535.7905216,13114934.70737071,160.3,4.225631032148789e-08,167.6,BID
574,1712307540.29044,13114934.70737071,160.3,0.0,167.6,BID
575,1712307553.6703672,13121177.68051249,160.1,1.758153025972228e-06,167.6,BID
576,1712307553.7502725,13123318.73411238,160.1,6.029658913993898e-07,167.6,BID
577,1712307553.760171,13123321.85716049,160.1,8.795162753449225e-10,167.6,BID
578,1712307553.770233,13123321.8571606,160.1,3.0949051474767026e-17,167.6,BID
579,1712307570.3027928,13123321.8571606,160.1,0.0,167.6,BID
580,1712307593.020475,13124780.16034213,160.3,4.105337149521999e-07,167.6,BID
581,1712307593.1403651,13125962.08587913,160.3,3.327293580967793e-07,167.6,BID
582,1712307593.1447096,13126860.75554213,160.3,2.529886788551845e-07,167.6,BID
583,1712307600.360287,13126860.75554213,160.3,0.0,167.6,BID
584,1712307630.271067,13126860.75554213,160.3,0.0,167.6,BID
585,1712307653.0208309,13127588.81322258,160.3,-2.0498453842935449e-07,167.6,ASK
586,1712307653.1807897,13128161.55962258,160.2,-1.612566690712689e-07,167.6,ASK
587,1712307660.4103725,13128161.55962258,160.2,-0.0,167.6,ASK
588,1712307672.170545,13128318.05479561,160.2,-4.4058608246052224e-08,167.6,ASK
589,1712307672.1803036,13128398.27495096,160.1,-2.2584648009383792e-08,167.6,ASK
590,1712307690.410351,13128398.27495096,160.1,-0.0,167.6,ASK
591,1712307720.262637,13128398.27495096,160.1,-0.0,167.6,ASK
592,1712307746.000687,13128598.27495096,160.1,-5.630606633668127e-08,167.6,ASK
593,1712307750.2659783,13128598.27495096,160.1,-0.0,167.6,ASK
594,1712307750.6905923,13128835.044636,160.3,6.665724707318805e-08,167.6,BID
595,1712307750.6931286,13128946.82500698,160.7,3.1469281234813675e-08,167.6,BID
596,1712307780.39135,13128946.82500698,160.7,0.0,167.6,BID
597,1712307810.410769,13128946.82500698,160.7,0.0,167.6,BID
598,1712307840.2876134,13128946.82500698,160.7,0.0,167.6,BID
599,1712307870.280662,13128946.82500698,160.7,0.0,167.6,BID
600,1712307894.7109506,13129446.82500698,160.7,-1.4076168100289008e-07,167.6,ASK
601,1712307900.4107242,13129446.82500698,160.7,-0.0,167.6,ASK
602,1712307930.401789,13129446.82500698,160.7,-0.0,167.6,ASK
603,1712307931.7155926,13129509.05276055,160.7,-1.7561176780846988e-08,167.6,ASK
604,1712307931.719761,13129549.83896785,160.3,-1.1510198512963171e-08,167.6,ASK
605,1712307960.291195,13129549.83896785,160.3,-0.0,167.6,ASK
606,1712307990.2709212,13129549.83896785,160.3,-0.0,167.6,ASK
607,1712308004.3110766,13132191.33024285,160.1,-7.454467835619768e-07,167.6,ASK
608,1712308004.316331,13137538.12731432,160.1,-1.5089024586260246e-06,167.6,ASK
609,1712308004.4108765,13139973.79913664,160.1,6.873631357203165e-07,167.6,BID
610,1712308020.4208548,13139973.79913664,160.1,0.0,167.6,BID
611,1712308050.4309323,13139973.79913664,160.1,0.0,167.6,BID
612,1712308064.931677,13141173.33507364,160.0,-3.383578350616163e-07,167.6,ASK
613,1712308065.0541844,13143080.33507364,160.0,-5.379150149317008e-07,167.6,ASK
614,1712308065.843507,13144010.53288905,159.9,-2.623845683089304e-07,167.6,ASK
615,1712308065.846049,13145570.53288955,160.0,-4.400353558274654e-07,167.6,ASK
616,1712308070.201011,13146502.24440355,159.8,-2.62811543243454e-07,167.6,ASK
617,1712308077.7312286,13146502.24440394,159.8,-1.0980936643500543e-16,167.6,ASK
618,1712308077.7368312,13147123.87715284,159.7,-1.753464024156097e-07,167.6,ASK
619,1712308077.742016,13148643.87715284,159.8,-4.287523978480258e-07,167.6,ASK
620,1712308077.7443688,13150790.05122923,159.7,-6.053797904284733e-07,167.6,ASK
621,1712308077.790856,13156701.05975671,159.7,1.667341499906057e-06,167.6,BID
622,1712308080.2510695,13156701.05975671,159.7,0.0,167.6,BID
623,1712308110.361203,13156701.05975671,159.7,0.0,167.6,BID
624,1712308140.4133627,13156701.05975671,159.7,0.0,167.6,BID
625,1712308170.3909588,13156701.05975671,159.7,0.0,167.6,BID
626,1712308200.350913,13156701.05975671,159.7,0.0,167.6,BID
627,1712308207.8611257,13156801.05975671,159.7,-2.8239034308981813e-08,167.6,ASK
628,1712308213.2011466,13156900.99111108,160.6,2.8219649445965505e-08,167.6,BID
629,1712308230.3283613,13156900.99111108,160.6,0.0,167.6,BID
630,1712308260.4112537,13156900.99111108,160.6,0.0,167.6,BID
631,1712308271.144559,13157097.97883137,159.7,-5.56269269469299e-08,167.6,ASK
632,1712308278.1326125,13157427.16518747,159.7,-9.29582075257803e-08,167.6,ASK
633,1712308278.1381094,13158256.66550075,159.6,-2.3424076009059842e-07,167.6,ASK
634,1712308278.1428652,13159363.54481109,159.5,-3.125692020021695e-07,167.6,ASK
635,1712308278.1452382,13159582.48355712,159.7,-6.182562858890046e-08,167.6,ASK
636,1712308278.147655,13159627.68408849,159.5,-1.2764078150807828e-08,167.6,ASK
637,1712308278.150151,13162760.51616869,159.6,-8.846735268851602e-07,167.6,ASK
638,1712308278.1525786,13174679.05565756,159.5,-3.365650023690811e-06,167.6,ASK
639,1712308290.4214773,13174679.05565756,159.5,-0.0,167.6,ASK
640,1712308320.2915692,13174679.05565756,159.5,-0.0,167.6,ASK
641,1712308326.2314067,13174879.05565756,159.5,-5.6432361664150406e-08,167.6,ASK
642,1712308332.611617,13174959.05565756,159.5,-2.2572944665660163e-08,167.6,ASK
643,1712308337.2114563,13175098.28522711,160.1,3.928526711611823e-08,167.6,BID
644,1712308350.291626,13175098.28522711,160.1,0.0,167.6,BID
645,1712308380.411975,13175098.28522711,160.1,0.0,167.6,BID
646,1712308386.3114526,13175160.746189,160.0,1.7623765027094642e-08,167.6,BID
647,1712308410.3914027,13175160.746189,160.0,0.0,167.6,BID
648,1712308437.851389,13175230.58984128,159.9,1.9706783377557693e-08,167.6,BID
649,1712308440.2813396,13175230.58984128,159.9,0.0,167.6,BID
650,1712308446.561357,13175299.92745339,160.7,1.956393961957802e-08,167.6,BID
651,1712308470.3471985,13175299.92745339,160.7,0.0,167.6,BID
652,1712308500.2926953,13175299.92745339,160.7,0.0,167.6,BID
653,1712308518.7415862,13175926.49386943,159.6,-1.772047400612753e-07,167.6,ASK
654,1712308518.8017766,13183913.53009043,159.6,2.258883721134565e-06,167.6,BID
655,1712308518.8071623,13183913.53009059,159.6,4.477723508461199e-17,167.6,BID
656,1712308530.2910943,13183913.53009059,159.6,0.0,167.6,BID
657,1712308536.9911635,13191913.53009059,159.6,2.2616707841384795e-06,167.6,BID
658,1712308543.1112504,13191945.54262977,159.5,-9.050228073685571e-09,167.6,ASK
659,1712308543.115802,13196804.75947591,159.5,-1.373743596838574e-06,167.6,ASK
660,1712308560.281194,13196804.75947591,159.5,-0.0,167.6,ASK
661,1712308571.2512343,13199965.57064405,159.5,-8.930699476526448e-07,167.6,ASK
662,1712308590.2969406,13199965.57064405,159.5,-0.0,167.6,ASK
663,1712308620.4010894,13199965.57064405,159.5,-0.0,167.6,ASK
664,1712308641.81247,13200843.42531771,159.4,-2.479977218171426e-07,167.6,ASK
665,1712308641.8169613,13201900.7672553,159.4,-2.987036460272581e-07,167.6,ASK
666,1712308650.414111,13201900.7672553,159.4,-0.0,167.6,ASK
667,1712308662.6413846,13205796.51184254,159.4,-1.100468705825728e-06,167.6,ASK
668,1712308662.6471765,13205831.24724254,159.4,-9.812044868187146e-09,167.6,ASK
669,1712308680.265847,13205831.24724254,159.4,-0.0,167.6,ASK
670,1712308710.281319,13205831.24724254,159.4,-0.0,167.6,ASK
671,1712308740.421162,13205831.24724254,159.4,-0.0,167.6,ASK
672,1712308761.8910992,13206458.993633,159.3,-1.772942256456911e-07,167.6,ASK
673,1712308768.8513615,13206584.55899102,159.2,-3.546338657850246e-08,167.6,ASK
674,1712308768.8611248,13206849.88047276,159.2,-7.493466687686474e-08,167.6,ASK
675,1712308770.4133022,13206849.88047276,159.2,-0.0,167.6,ASK
676,1712308773.7390692,13209992.55803404,159.1,-8.875448195639348e-07,167.6,ASK
677,1712308773.7436354,13212666.29504044,159.1,-7.5510814667873e-07,167.6,ASK
678,1712308773.7480483,13213043.22788137,159.1,-1.0645215227075641e-07,167.6,ASK
679,1712308774.4714956,13214300.29890588,159.1,3.5501792782483746e-07,167.6,BID
680,1712308774.5611503,13215557.36993039,159.1,3.550179278253635e-07,167.6,BID
681,1712308774.6412222,13216500.17319877,159.1,2.662634458682336e-07,167.6,BID
682,1712308782.521459,13217500.17319877,159.0,-2.8241676158549804e-07,167.6,ASK
683,1712308782.5312245,13218486.48340212,159.0,-2.785505335486201e-07,167.6,ASK
684,1712308796.121354,13218570.68183617,159.0,-2.377904907476316e-08,167.6,ASK
685,1712308796.1262548,13221805.48397197,159.0,-9.135623435627546e-07,167.6,ASK
686,1712308800.3210845,13221805.48397197,159.0,-0.0,167.6,ASK
687,1712308824.2312636,13222005.48397197,159.0,-5.657953023902589e-08,167.6,ASK
688,1712308830.2611618,13222005.48397197,159.0,-0.0,167.6,ASK
689,1712308832.2213924,13222105.16422275,159.4,2.8199055133591777e-08,167.6,BID
690,1712308860.4219496,13222105.16422275,159.4,0.0,167.6,BID
691,1712308887.3774168,13222105.16422305,159.0,-8.483586344371653e-17,167.6,ASK
692,1712308887.39615,13224959.67026305,159.0,-8.075221596637187e-07,167.6,ASK
693,1712308890.8334882,13224959.67026305,159.0,-0.0,167.6,ASK
694,1712308920.3742847,13224959.67026305,159.0,-0.0,167.6,ASK
695,1712308931.5411613,13225588.99688357,158.9,-1.7800976517487806e-07,167.6,ASK
696,1712308950.2844503,13225588.99688357,158.9,-0.0,167.6,ASK
697,1712308953.7711856,13226847.6501246,158.9,-3.560094603524552e-07,167.6,ASK
698,1712308956.54134,13233639.3539846,158.8,-1.9210301513162365e-06,167.6,ASK
699,1712308956.641527,13234898.79982842,158.8,-3.562336476678055e-07,167.6,ASK
700,1712308956.6473992,13242808.3157426,158.8,-2.2372027501002205e-06,167.6,ASK
701,1712308956.7814753,13245753.09024472,158.8,-8.329280433905931e-07,167.6,ASK
702,1712308956.7873,13256346.9150186,158.8,-2.99645821253233e-06,167.6,ASK
703,1712308956.8812969,13257290.90494937,158.9,2.6700709526381456e-07,167.6,BID
704,1712308957.0013566,13259688.21414937,158.8,-6.780777475224003e-07,167.6,ASK
705,1712308957.161708,13260632.20408014,158.9,2.670070952632877e-07,167.6,BID
706,1712308958.895037,13262917.62601803,158.8,-6.464304895601104e-07,167.6,ASK
707,1712308959.031623,13310613.36229769,158.8,-1.3490715933903456e-05,167.6,ASK
708,1712308959.0376973,13318385.04712136,158.8,-2.198217292825246e-06,167.6,ASK
709,1712308959.111493,13321081.3159381,158.7,-7.626383304954874e-07,167.6,ASK
710,1712308959.1318998,13324003.06220558,158.7,-8.264145183625321e-07,167.6,ASK
711,1712308959.4713182,13325262.5080494,158.8,3.562336476683323e-07,167.6,BID
712,1712308959.5715585,13326836.81535418,158.8,4.452920595860739e-07,167.6,BID
713,1712308959.6729493,13327781.39973705,158.8,2.6717523575269805e-07,167.6,BID
714,1712308975.5113366,13334078.62895619,158.7,-1.7811682383506178e-06,167.6,ASK
715,1712308980.401156,13334078.62895619,158.7,-0.0,167.6,ASK
716,1712308982.7416706,13335598.62895619,158.8,4.278464856275851e-07,167.6,BID
717,1712308982.7467315,13338580.19967719,158.8,8.392464175198291e-07,167.6,BID
718,1712309010.4131818,13338580.19967719,158.8,0.0,167.6,BID
719,1712309016.0465224,13338680.21889351,158.9,2.8147540388202612e-08,167.6,BID
720,1712309040.2812438,13338680.21889351,158.9,0.0,167.6,BID
721,1712309068.4911933,13344178.64817251,158.8,-1.5473683326224565e-06,167.6,ASK
722,1712309070.2870796,13344178.64817251,158.8,-0.0,167.6,ASK
723,1712309083.221244,13344808.37109442,158.8,1.771731311257094e-07,167.6,BID
724,1712309084.8113575,13351069.73100225,158.7,-1.7616394470935434e-06,167.6,ASK
725,1712309085.6332874,13354726.85339042,158.7,-1.0289347931894248e-06,167.6,ASK
726,1712309086.221265,13355356.57631233,158.8,1.771731311257094e-07,167.6,BID
727,1712309100.413351,13355356.57631233,158.8,0.0,167.6,BID
728,1712309107.9816298,13359830.05527842,158.7,-1.2595684150208348e-06,167.6,ASK
729,1712309107.985783,13360495.12850116,158.7,-1.8726034734683848e-07,167.6,ASK
730,1712309107.990522,13363019.59222355,158.5,-7.107968526710157e-07,167.6,ASK
731,1712309107.9947472,13363082.64392594,158.6,-1.7753058290301004e-08,167.6,ASK
732,1712309107.9974911,13363114.81783898,158.7,-9.058999708967215e-09,167.6,ASK
733,1712309108.0006998,13369517.55923067,158.6,-1.8027783046820049e-06,167.6,ASK
734,1712309108.0034945,13396323.54979192,158.3,-7.54758864414706e-06,167.6,ASK
735,1712309108.0062928,13402625.5690219,158.6,-1.7744186198490444e-06,167.6,ASK
736,1712309108.0090697,13403125.5690219,158.2,-1.4078175225237672e-07,167.6,ASK
737,1712309108.0118482,13403788.37028372,158.5,-1.8662064606818345e-07,167.6,ASK
738,1712309108.0146525,13410101.50159685,158.4,-1.7775473769236518e-06,167.6,ASK
739,1712309108.0174644,13423537.77340468,158.2,-3.7831637776912537e-06,167.6,ASK
740,1712309108.020266,13427956.96532386,158.4,-1.2442831638433046e-06,167.6,ASK
741,1712309108.023093,13428589.87671626,158.0,-1.782047496851388e-07,167.6,ASK
742,1712309108.0259988,13428622.13478077,158.0,-9.082693692060692e-09,167.6,ASK
743,1712309108.0288243,13428654.3724546,158.0,-9.076952420723825e-09,167.6,ASK
744,1712309108.031665,13440684.58546519,158.0,-3.387268935200024e-06,167.6,ASK
745,1712309108.0344837,13455624.04972831,158.0,-4.2064079133477785e-06,167.6,ASK
746,1712309108.0373063,13456256.16097989,158.0,-1.7797945923163736e-07,167.6,ASK
747,1712309108.0401762,13457887.87291924,158.0,-4.594305319855691e-07,167.6,ASK
748,1712309108.043029,13457945.97291924,158.0,-1.6358839612145737e-08,167.6,ASK
749,1712309108.04586,13459425.97291924,158.0,-4.167139866670351e-07,167.6,ASK
750,1712309108.0487418,13468934.81925108,158.0,-2.677344096989623e-06,167.6,ASK
751,1712309108.0516264,13476117.19433012,158.0,-2.022294697922488e-06,167.6,ASK
752,1712309108.0545049,13476676.10002632,158.0,-1.573674465097993e-07,167.6,ASK
753,1712309108.057613,13489606.92235469,158.0,-3.640847650904191e-06,167.6,ASK
754,1712309108.7411678,13490555.6889581,158.1,2.671380498127355e-07,167.6,BID
755,1712309109.2138815,13490617.0763123,158.0,-1.7284438581025346e-08,167.6,ASK
756,1712309112.1822598,13540906.30884425,158.1,1.4159612550550262e-05,167.6,BID
757,1712309112.185324,13542426.30884425,158.1,4.279765268472252e-07,167.6,BID
758,1712309112.1882255,13543906.30884425,158.2,4.167139866670351e-07,167.6,BID
759,1712309119.4412527,13547462.61568735,158.3,1.0013262178375049e-06,167.6,BID
760,1712309130.4113846,13547462.61568735,158.3,0.0,167.6,BID
761,1712309132.4337597,13547562.61568735,158.3,-2.79174508896099e-08,167.6,ASK
762,1712309136.8513117,13547612.4330677,158.7,1.3907742693724626e-08,167.6,BID
763,1712309160.2674398,13547612.4330677,158.7,0.0,167.6,BID
764,1712309182.8820646,13549122.61568735,158.7,4.216016974442344e-07,167.6,BID
765,1712309182.8871207,13558281.26482446,158.7,2.556844432096996e-06,167.6,BID
766,1712309190.2725224,13558281.26482446,158.7,0.0,167.6,BID
767,1712309192.2039914,13561597.96078273,158.7,-9.254933679845196e-07,167.6,ASK
768,1712309192.209777,13561635.7301778,158.7,-1.0539200785967381e-08,167.6,ASK
769,1712309196.8022892,13562635.7301778,158.7,2.790407621406838e-07,167.6,BID
770,1712309196.807321,13564358.78872446,158.7,4.808035700731561e-07,167.6,BID
771,1712309196.9021204,13565698.12728167,158.8,3.737300517682319e-07,167.6,BID
772,1712309196.962081,13568619.87354916,158.8,8.152863052621327e-07,167.6,BID
773,1712309196.9670396,13568947.28079545,158.8,9.135996753508133e-08,167.6,BID
774,1712309196.9699678,13571316.1423659,158.8,6.610089380245383e-07,167.6,BID
775,1712309197.0901616,13581962.01613722,158.8,2.9706327308024163e-06,167.6,BID
776,1712309197.1820855,13586426.07611589,158.9,1.2456546986896646e-06,167.6,BID
777,1712309199.2019508,13589406.24571589,158.9,8.315887964926657e-07,167.6,BID
778,1712309201.751966,13589455.3945411,160.5,1.3714525644802638e-08,167.6,BID
779,1712309220.4390266,13589455.3945411,160.5,0.0,167.6,BID
780,1712309226.2284212,13589697.99598181,160.4,6.760230243544195e-08,167.6,BID
781,1712309247.091868,13590197.99598181,160.3,1.3932790802340754e-07,167.6,BID
782,1712309250.4219272,13590197.99598181,160.3,0.0,167.6,BID
783,1712309270.6558003,13594603.28232542,158.9,-1.2275179348099087e-06,167.6,ASK
784,1712309270.6626258,13598165.67676346,158.9,-9.92648995428794e-07,167.6,ASK
785,1712309270.6676226,13599645.67676346,158.9,-4.123969253789636e-07,167.6,ASK
786,1712309270.6704495,13601125.67676346,159.0,-4.123969253789636e-07,167.6,ASK
787,1712309270.6732874,13609306.92283017,158.9,-2.2796761646486048e-06,167.6,ASK
788,1712309280.2457557,13609306.92283017,158.9,-0.0,167.6,ASK
789,1712309310.2606905,13609306.92283017,158.9,-0.0,167.6,ASK
790,1712309313.5560913,13609406.92283017,159.0,-2.7841100040185685e-08,167.6,ASK
791,1712309338.6122818,13609506.57225357,159.5,2.7743495658245534e-08,167.6,BID
792,1712309340.4122343,13609506.57225357,159.5,0.0,167.6,BID
793,1712309370.4320636,13609506.57225357,159.5,0.0,167.6,BID
794,1712309400.3920505,13609506.57225357,159.5,0.0,167.6,BID
795,1712309402.0119083,13609631.96410309,159.5,3.4968032500541973e-08,167.6,BID
796,1712309430.299549,13609631.96410309,159.5,0.0,167.6,BID
797,1712309439.5125303,13619211.6990682,159.0,-2.6714863570261696e-06,167.6,ASK
798,1712309460.4022183,13619211.6990682,159.0,-0.0,167.6,ASK
799,1712309490.4019322,13619211.6990682,159.0,-0.0,167.6,ASK
800,1712309520.3362694,13619211.6990682,159.0,-0.0,167.6,ASK
801,1712309530.5120397,13620466.40421249,159.4,3.497491846866015e-07,167.6,BID
802,1712309535.49784,13623705.7336364,159.1,-9.029634014811144e-07,167.6,ASK
803,1712309535.5009575,13624844.79537927,159.0,-3.1751357495390054e-07,167.6,ASK
804,1712309550.3059988,13624844.79537927,159.0,-0.0,167.6,ASK
805,1712309559.5818737,13625344.79537927,159.0,-1.3934022951006565e-07,167.6,ASK
806,1712309568.5319674,13625407.53063648,159.4,1.7483090276087316e-08,167.6,BID
807,1712309580.3231957,13625407.53063648,159.4,0.0,167.6,BID
808,1712309580.6221616,13625470.26589369,159.4,1.7482654225454972e-08,167.6,BID
809,1712309582.0019765,13627220.7701889,159.4,4.878191733681053e-07,167.6,BID
810,1712309590.0431845,13627920.7701889,159.0,-1.9507145586113588e-07,167.6,ASK
811,1712309597.7921908,13629400.7701889,159.6,4.12436792392116e-07,167.6,BID
812,1712309597.79922,13632963.16462694,159.7,9.92744956257115e-07,167.6,BID
813,1712309598.0725343,13640919.36942073,159.7,-2.2171835032200474e-06,167.6,ASK
814,1712309598.0800316,13645324.65576434,159.7,-1.227636600761666e-06,167.6,ASK
815,1712309602.221975,13674816.14529408,159.7,-8.218496854399772e-06,167.6,ASK
816,1712309610.3023777,13674816.14529408,159.7,-0.0,167.6,ASK
817,1712309634.8849812,13681077.88605801,159.7,-1.7411532382618038e-06,167.6,ASK
818,1712309640.4219542,13681077.88605801,159.7,-0.0,167.6,ASK
819,1712309670.422089,13681077.88605801,159.7,-0.0,167.6,ASK
820,1712309700.2920008,13681077.88605801,159.7,-0.0,167.6,ASK
821,1712309730.2818708,13681077.88605801,159.7,-0.0,167.6,ASK
822,1712309756.43199,13681395.53443951,159.1,-8.831590480642975e-08,167.6,ASK
823,1712309759.9420097,13681426.80398297,159.9,8.693883502522106e-09,167.6,BID
824,1712309760.4192512,13681426.80398297,159.9,0.0,167.6,BID
825,1712309780.6681757,13682629.15560147,159.1,-3.342851329979515e-07,167.6,ASK
826,1712309780.674595,13685470.55398297,159.0,-7.899829145191209e-07,167.6,ASK
827,1712309790.4220474,13685470.55398297,159.0,-0.0,167.6,ASK
828,1712309810.0921266,13686814.61743782,159.0,-3.736179224666525e-07,167.6,ASK
829,1712309820.2819965,13686814.61743782,159.0,-0.0,167.6,ASK
830,1712309839.5327609,13689692.82722477,159.0,-8.000268733267131e-07,167.6,ASK
831,1712309839.536551,13691212.82722477,158.9,-4.224990315057477e-07,167.6,ASK
832,1712309839.5396266,13693341.95134195,159.0,-5.918111035944678e-07,167.6,ASK
833,1712309839.542941,13693406.95134195,159.0,-1.8067392794653685e-08,167.6,ASK
834,1712309839.5459652,13693733.45889272,158.8,-9.075600261829929e-08,167.6,ASK
835,1712309850.3024683,13693733.45889272,158.8,-0.0,167.6,ASK
836,1712309880.4141195,13693733.45889272,158.8,-0.0,167.6,ASK
837,1712309910.4121797,13693733.45889272,158.8,-0.0,167.6,ASK
838,1712309919.958957,13695213.45889272,158.5,-4.1125490622496283e-07,167.6,ASK
839,1712309919.966228,13696162.71964948,158.7,-2.637757726383208e-07,167.6,ASK
840,1712309920.09199,13696162.71964972,158.5,6.625054756128512e-17,167.6,BID
841,1712309920.1019754,13703733.45889272,158.5,2.10371868745535e-06,167.6,BID
842,1712309940.2920427,13703733.45889272,158.5,0.0,167.6,BID
843,1712309970.2919598,13703733.45889272,158.5,0.0,167.6,BID
844,1712310000.3120766,13703733.45889272,158.5,0.0,167.6,BID
845,1712310030.282056,13703733.45889272,158.5,0.0,167.6,BID
846,1712310060.4120774,13703733.45889272,158.5,0.0,167.6,BID
847,1712310090.4020352,13703733.45889272,158.5,0.0,167.6,BID
848,1712310098.8455477,13703859.64185801,159.5,3.517584698120515e-08,167.6,BID
849,1712310120.2619703,13703859.64185801,159.5,0.0,167.6,BID
850,1712310150.262871,13703859.64185801,159.5,0.0,167.6,BID
851,1712310154.3019469,13703944.03408858,159.5,2.352577090676674e-08,167.6,BID
852,1712310171.8621535,13705173.45889272,159.5,3.427230930363005e-07,167.6,BID
853,1712310171.9821155,13710213.62656506,159.5,-1.4050325390127217e-06,167.6,ASK
854,1712310180.4054215,13710213.62656506,159.5,-0.0,167.6,ASK
855,1712310210.402023,13710213.62656506,159.5,-0.0,167.6,ASK
856,1712310234.7461104,13710652.73511436,158.7,-1.2237441005655754e-07,167.6,ASK
857,1712310239.1621158,13711099.782856,158.7,1.2458696998155416e-07,167.6,BID
858,1712310240.286709,13711099.782856,158.7,0.0,167.6,BID
859,1712310270.2852666,13711099.782856,158.7,0.0,167.6,BID
860,1712310300.3123562,13711099.782856,158.7,0.0,167.6,BID
861,1712310330.2620316,13711099.782856,158.7,0.0,167.6,BID
862,1712310358.8920834,13717400.98008348,158.7,-1.757175578231188e-06,167.6,ASK
863,1712310360.4171114,13717400.98008348,158.7,-0.0,167.6,ASK
864,1712310378.40203,13717600.98008348,158.7,-5.5757204189153786e-08,167.6,ASK
865,1712310382.2020886,13717700.7098132,159.0,2.7803254518485248e-08,167.6,BID
866,1712310390.410176,13717700.7098132,159.0,0.0,167.6,BID
867,1712310420.271937,13717700.7098132,159.0,0.0,167.6,BID
868,1712310450.282074,13717700.7098132,159.0,0.0,167.6,BID
869,1712310461.3921237,13721470.31228106,159.0,1.050898527783833e-06,167.6,BID
870,1712310461.4921691,13723990.0179893,159.0,-7.024494072827026e-07,167.6,ASK
871,1712310480.4029691,13723990.0179893,159.0,-0.0,167.6,ASK
872,1712310510.4129832,13723990.0179893,159.0,-0.0,167.6,ASK
873,1712310510.9222806,13724052.87964023,159.0,-1.7519832771171012e-08,167.6,ASK
874,1712310535.5321836,13724544.95865483,159.0,1.3714469662090925e-07,167.6,BID
875,1712310540.2767637,13724544.95865483,159.0,0.0,167.6,BID
876,1712310541.0421495,13724594.73594466,159.4,1.3872819677914412e-08,167.6,BID
877,1712310570.30372,13724594.73594466,159.4,0.0,167.6,BID
878,1712310600.3121152,13724594.73594466,159.4,0.0,167.6,BID
879,1712310630.2920814,13724594.73594466,159.4,0.0,167.6,BID
880,1712310644.5971208,13724657.35335229,159.4,1.7513792868639643e-08,167.6,BID
881,1712310660.4298658,13724657.35335229,159.4,0.0,167.6,BID
882,1712310666.4320257,13724694.90028595,159.0,-1.0501670511278883e-08,167.6,ASK
883,1712310690.3919911,13724694.90028595,159.0,-0.0,167.6,ASK
884,1712310720.29213,13724694.90028595,159.0,-0.0,167.6,ASK
885,1712310750.2720268,13724694.90028595,159.0,-0.0,167.6,ASK
886,1712310765.122359,13724744.56217179,159.4,1.3890132705687962e-08,167.6,BID
887,1712310780.4022436,13724744.56217179,159.4,0.0,167.6,BID
888,1712310810.412471,13724744.56217179,159.4,0.0,167.6,BID
889,1712310840.312035,13724744.56217179,159.4,0.0,167.6,BID
890,1712310870.2719953,13724744.56217179,159.4,0.0,167.6,BID
891,1712310900.4119277,13724744.56217179,159.4,0.0,167.6,BID
892,1712310930.4020605,13724744.56217179,159.4,0.0,167.6,BID
893,1712310960.2866533,13724744.56217179,159.4,0.0,167.6,BID
894,1712310990.2821844,13724744.56217179,159.4,0.0,167.6,BID
895,1712311011.9722238,13724871.83592982,158.8,-3.5726575300906065e-08,167.6,ASK
896,1712311020.4021032,13724871.83592982,158.8,-0.0,167.6,ASK
897,1712311026.732251,13725133.94435456,159.0,-7.35751296408302e-08,167.6,ASK
898,1712311049.9858289,13725165.45378853,159.0,-8.844853772028589e-09,167.6,ASK
899,1712311050.4020302,13725165.45378853,159.0,-0.0,167.6,ASK
900,1712311054.9621236,13725196.9632225,159.0,-8.844737863708054e-09,167.6,ASK
901,1712311056.7220566,13725228.47265647,159.0,-8.844737863708054e-09,167.6,ASK
902,1712311058.9921446,13725259.98209044,159.0,-8.844737863708054e-09,167.6,ASK
903,1712311080.2621963,13725259.98209044,159.0,-0.0,167.6,ASK
1104,1712311080.9521508,13725463.69119044,159.0,-5.718116010025456e-08,167.6,ASK
904,1712311080.9521508,13725463.69119044,159.0,-5.718116010025457e-08,167.6,ASK
905,1712311085.9721563,13730067.14410592,159.0,-1.2921895888467526e-06,167.6,ASK
906,1712311098.2422426,13730103.64140592,158.8,-1.0244794927983192e-08,167.6,ASK
907,1712311098.2521307,13733210.01530768,158.8,-8.719593940934113e-07,167.6,ASK
908,1712311102.2421763,13738083.64383968,158.8,1.368027905266321e-06,167.6,BID
909,1712311110.2964926,13738083.64383968,158.8,0.0,167.6,BID
910,1712311129.4423037,13738083.64384037,158.8,1.9386449186351472e-16,167.6,BID
911,1712311136.1421852,13739643.64384037,159.4,4.3764183886750265e-07,167.6,BID
912,1712311136.3121858,13739965.7015568,159.4,-9.034995592279392e-08,167.6,ASK
913,1712311140.4120724,13739965.7015568,159.4,-0.0,167.6,ASK
914,1712311170.4021225,13739965.7015568,159.4,-0.0,167.6,ASK
915,1712311200.3819888,13739965.7015568,159.4,-0.0,167.6,ASK
916,1712311230.2875562,13739965.7015568,159.4,-0.0,167.6,ASK
917,1712311260.3121476,13739965.7015568,159.4,-0.0,167.6,ASK
918,1712311290.2671096,13739965.7015568,159.4,-0.0,167.6,ASK
919,1712311315.772628,13740091.64614119,158.8,-3.5391405602325475e-08,167.6,ASK
920,1712311320.402084,13740091.64614119,158.8,-0.0,167.6,ASK
921,1712311340.7420812,13740123.03973817,159.3,8.821794800675665e-09,167.6,BID
922,1712311350.426159,13740123.03973817,159.3,0.0,167.6,BID
923,1712311353.9122462,13740181.30598426,158.8,-1.6373152295271572e-08,167.6,ASK
924,1712311380.2922273,13740181.30598426,158.8,-0.0,167.6,ASK
925,1712311394.3324482,13740247.80695608,158.8,-1.8687109286321285e-08,167.6,ASK
926,1712311410.3173711,13740247.80695608,158.8,-0.0,167.6,ASK
927,1712311440.4629245,13740247.80695608,158.8,-0.0,167.6,ASK
928,1712311465.5434198,13740347.80695608,158.8,-2.8100422175438254e-08,167.6,ASK
929,1712311470.413446,13740347.80695608,158.8,-0.0,167.6,ASK
930,1712311478.0141406,13740447.45581338,159.2,2.8001624641119146e-08,167.6,BID
931,1712311500.2839887,13740447.45581338,159.2,0.0,167.6,BID
932,1712311530.2645786,13740447.45581338,159.2,0.0,167.6,BID
933,1712311546.994973,13741077.1787353,158.8,-1.779638565641654e-07,167.6,ASK
934,1712311560.4050384,13741077.1787353,158.8,-0.0,167.6,ASK
935,1712311590.405499,13741077.1787353,158.8,-0.0,167.6,ASK
936,1712311619.4863143,13741985.91277613,158.8,-2.5680698388352815e-07,167.6,ASK
937,1712311619.494068,13742136.50518718,158.8,-4.2557207213664886e-08,167.6,ASK
938,1712311620.2659397,13742136.50518718,158.8,-0.0,167.6,ASK
939,1712311650.296342,13742136.50518718,158.8,-0.0,167.6,ASK
940,1712311680.406825,13742136.50518718,158.8,-0.0,167.6,ASK
941,1712311710.4073582,13742136.50518718,158.8,-0.0,167.6,ASK
942,1712311740.2876437,13742136.50518718,158.8,-0.0,167.6,ASK
943,1712311770.2779486,13742136.50518718,158.8,-0.0,167.6,ASK
944,1712311775.528051,13750952.62609399,158.8,-2.49130514835977e-06,167.6,ASK
945,1712311800.3384287,13750952.62609399,158.8,-0.0,167.6,ASK
946,1712311830.2939775,13750952.62609399,158.8,-0.0,167.6,ASK
947,1712311860.4491122,13750952.62609399,158.8,-0.0,167.6,ASK
948,1712311890.4139483,13750952.62609399,158.8,-0.0,167.6,ASK
949,1712311920.3194866,13750952.62609399,158.8,-0.0,167.6,ASK
950,1712311950.2996905,13750952.62609399,158.8,-0.0,167.6,ASK
951,1712311980.4501314,13750952.62609399,158.8,-0.0,167.6,ASK
952,1712312010.4341545,13750952.62609399,158.8,-0.0,167.6,ASK
1153,1712312015.3810005,13751152.62609399,159.0,-5.681774334750642e-08,167.6,ASK
953,1712312015.3810005,13751152.62609399,159.0,-5.6817743347506424e-08,167.6,ASK
954,1712312019.9004624,13751252.42207641,159.2,2.8350912581385388e-08,167.6,BID
955,1712312040.2906396,13751252.42207641,159.2,0.0,167.6,BID
956,1712312070.2910595,13751252.42207641,159.2,0.0,167.6,BID
957,1712312082.0707378,13751352.17759726,159.3,2.8339033983200336e-08,167.6,BID
958,1712312086.9309294,13752772.42207641,159.3,4.034699655312677e-07,167.6,BID
959,1712312086.934661,13756892.55483234,159.3,1.170467370529441e-06,167.6,BID
960,1712312086.9381566,13801515.30180679,159.4,1.2676647188569172e-05,167.6,BID
961,1712312100.3109426,13801515.30180679,159.4,0.0,167.6,BID
962,1712312126.244446,13802770.00695108,159.4,3.577774603514068e-07,167.6,BID
963,1712312130.3131816,13802770.00695108,159.4,0.0,167.6,BID
964,1712312160.4213576,13802770.00695108,159.4,0.0,167.6,BID
965,1712312190.4114685,13802770.00695108,159.4,0.0,167.6,BID
966,1712312216.4698024,13802832.74220829,159.4,1.7887852876979328e-08,167.6,BID
967,1712312220.2971165,13802832.74220829,159.4,0.0,167.6,BID
968,1712312221.562086,13802895.4774655,159.4,1.7887801872533937e-08,167.6,BID
969,1712312250.3021224,13802895.4774655,159.4,0.0,167.6,BID
970,1712312251.1521077,13803745.74409034,159.4,2.424371594871407e-07,167.6,BID
971,1712312252.2720196,13809702.92092405,159.4,1.6985742917986957e-06,167.6,BID
972,1712312271.342148,13809765.65618126,159.4,1.7887750868910505e-08,167.6,BID
973,1712312274.15561,13809828.39143847,159.4,1.7887750869441602e-08,167.6,BID
974,1712312280.422291,13809828.39143847,159.4,0.0,167.6,BID
975,1712312310.422403,13809828.39143847,159.4,0.0,167.6,BID
976,1712312340.2727523,13809828.39143847,159.4,0.0,167.6,BID
977,1712312370.3084364,13809828.39143847,159.4,0.0,167.6,BID
978,1712312400.312817,13809828.39143847,159.4,0.0,167.6,BID
979,1712312430.2928748,13809828.39143847,159.4,0.0,167.6,BID
980,1712312460.4232144,13809828.39143847,159.4,0.0,167.6,BID
981,1712312490.2032938,13819012.85817624,159.4,2.62800219746528e-06,167.6,BID
982,1712312490.4332328,13819012.85817624,159.4,0.0,167.6,BID
983,1712312520.3043532,13819012.85817624,159.4,0.0,167.6,BID
984,1712312550.3134527,13819012.85817624,159.4,0.0,167.6,BID
985,1712312570.4936156,13819138.40745433,159.3,-3.5909065967633675e-08,167.6,ASK
986,1712312580.4438436,13819138.40745433,159.3,-0.0,167.6,ASK
987,1712312610.4301262,13819138.40745433,159.3,-0.0,167.6,ASK
988,1712312634.7439146,13819201.22152468,159.2,-1.7965708186939913e-08,167.6,ASK
989,1712312634.7939453,13820905.81611927,159.1,-4.875380451071272e-07,167.6,ASK
990,1712312634.8739388,13822760.91706594,159.0,-5.305849800805056e-07,167.6,ASK
991,1712312637.1127713,13826819.04855681,159.2,1.1606827219357792e-06,167.6,BID
992,1712312637.119384,13829035.24380715,159.3,6.338630330961605e-07,167.6,BID
993,1712312640.2988906,13829035.24380715,159.3,0.0,167.6,BID
994,1712312670.3042152,13829035.24380715,159.3,0.0,167.6,BID
995,1712312671.4385407,13830311.43698601,159.0,-3.648448315320312e-07,167.6,ASK
996,1712312671.5340774,13832478.74273841,159.0,-6.196007902337684e-07,167.6,ASK
997,1712312671.574048,13832541.63582017,159.0,-1.798020566115141e-08,167.6,ASK
998,1712312671.5802014,13833332.34411834,159.0,-2.260518553265333e-07,167.6,ASK
999,1712312671.6614354,13834047.56740402,158.9,-2.044718021490597e-07,167.6,ASK
1000,1712312671.6656184,13834173.5119884,158.9,-3.600570151232708e-08,167.6,ASK
1201,1712312685.2049444,13839751.55490788,158.9,-1.5946803062007685e-06,167.6,ASK
1202,1712312685.304238,13844625.18343988,158.8,-1.3932986088320132e-06,167.6,ASK
1203,1712312685.30694,13851342.32130288,158.8,-1.9203307717030488e-06,167.6,ASK
1204,1712312685.3840804,13851774.70410154,158.8,-1.2361187314565856e-07,167.6,ASK
1205,1712312688.6667233,13853135.81597258,158.8,-3.8912183477509874e-07,167.6,ASK
1206,1712312689.7249193,13854379.66841621,158.8,-3.55599091708093e-07,167.6,ASK
1207,1712312689.7275476,13854542.48455819,158.8,-4.6546736712968015e-08,167.6,ASK
1208,1712312695.4522734,13854574.86399253,158.8,-9.256803329727134e-09,167.6,ASK
1209,1712312700.4141295,13854574.86399253,158.8,-0.0,167.6,ASK
1210,1712312702.575105,13855982.63329788,158.7,-4.021967540021554e-07,167.6,ASK
1211,1712312711.1095796,13860876.06122,158.7,-1.3980421499055425e-06,167.6,ASK
1212,1712312711.112178,13861065.09713682,158.7,-5.400716711611873e-08,167.6,ASK
1213,1712312711.1149676,13873888.62866027,158.7,-3.663656207008461e-06,167.6,ASK
1214,1712312711.204438,13873958.62866027,158.6,-1.999885398352492e-08,167.6,ASK
1215,1712312711.206992,13878953.3303864,158.6,-1.4269758644593792e-06,167.6,ASK
1216,1712312711.285011,13888062.37204719,158.6,-2.6024342014853216e-06,167.6,ASK
1217,1712312711.3907902,13896343.31901154,158.6,-2.365849274076307e-06,167.6,ASK
1218,1712312712.7393286,13901467.15494574,158.6,-1.4638692383375554e-06,167.6,ASK
1219,1712312721.8319345,13901530.20664813,158.6,-1.8013739850002163e-08,167.6,ASK
1220,1712312721.8340347,13905452.36067233,158.6,-1.120551223298296e-06,167.6,ASK
1221,1712312730.4041438,13905452.36067233,158.6,-0.0,167.6,ASK
1222,1712312760.3144166,13905452.36067233,158.6,-0.0,167.6,ASK
1223,1712312782.4586112,13905552.36067233,158.5,-2.8504063966441857e-08,167.6,ASK
1224,1712312789.9519358,13905615.49198546,158.4,-1.7994989877503882e-08,167.6,ASK
1225,1712312789.9548302,13905774.58289455,158.4,-4.5347374491777e-08,167.6,ASK
1226,1712312790.2958665,13905774.58289455,158.4,-0.0,167.6,ASK
1227,1712312792.7976382,13905837.75408849,158.3,-1.8006095516111134e-08,167.6,ASK
1228,1712312792.79888,13905900.92528242,158.3,-1.8006095513987447e-08,167.6,ASK
1229,1712312813.398247,13909262.08289455,158.3,9.58052574840425e-07,167.6,BID
1230,1712312813.4005473,13912408.71599713,158.3,8.96905261188724e-07,167.6,BID
1231,1712312820.4345846,13912408.71599713,158.3,0.0,167.6,BID
1232,1712312827.3656142,13912444.09186573,158.3,-1.0080396016024845e-08,167.6,ASK
1233,1712312827.3668888,13913986.37535057,158.3,-4.394755213510285e-07,167.6,ASK
1234,1712312827.4508245,13916414.66242073,158.4,6.919433013692756e-07,167.6,BID
1235,1712312827.4647005,13917251.65312835,158.4,2.3850150196977137e-07,167.6,BID
1236,1712312845.6748395,13918691.65312835,158.4,-4.103297201621916e-07,167.6,ASK
1237,1712312848.9547644,13924172.17044544,158.4,1.5616799562955973e-06,167.6,BID
1238,1712312849.474826,13929672.17044544,158.3,-1.5672315700639262e-06,167.6,ASK
1239,1712312850.222845,13929722.17044544,158.3,-1.4247559727853874e-08,167.6,ASK
1240,1712312850.4345193,13929722.17044544,158.3,-0.0,167.6,ASK
1241,1712312880.314757,13929722.17044544,158.3,-0.0,167.6,ASK
1242,1712312910.305029,13929722.17044544,158.3,-0.0,167.6,ASK
1243,1712312914.1250312,13929822.17044544,158.4,-2.847287469100048e-08,167.6,ASK
1244,1712312918.7948503,13929921.56798285,158.9,2.8301336272763443e-08,167.6,BID
1245,1712312940.4449787,13929921.56798285,158.9,0.0,167.6,BID
1246,1712312950.7350914,13929984.5006449,158.9,1.7918576609063673e-08,167.6,BID
1247,1712312970.4350886,13929984.5006449,158.9,0.0,167.6,BID
1248,1712312998.7850983,13935297.6270439,158.5,-1.5127818885292354e-06,167.6,ASK
1249,1712313000.3766556,13935297.6270439,158.5,-0.0,167.6,ASK
1250,1712313030.2943854,13935297.6270439,158.5,-0.0,167.6,ASK
1251,1712313056.915671,13936082.96333857,158.5,-2.236036905223639e-07,167.6,ASK
1252,1712313060.3654428,13936082.96333857,158.5,-0.0,167.6,ASK
1253,1712313073.7753923,13948880.41546351,158.5,-3.643606096444968e-06,167.6,ASK
1254,1712313073.7779582,13948943.50694615,158.5,-1.7962990487016598e-08,167.6,ASK
1255,1712313089.0655408,13950206.13320877,158.4,-3.594866152340129e-07,167.6,ASK
1256,1712313089.0759475,13950301.01310763,158.2,-2.7013578526282922e-08,167.6,ASK
1257,1712313089.0781963,13950364.26421452,158.1,-1.800843765001195e-08,167.6,ASK
1258,1712313089.080472,13988601.35100712,158.0,-1.0886610958778485e-05,167.6,ASK
1259,1712313089.0826817,13988664.56213227,158.2,-1.799705431249279e-08,167.6,ASK
1260,1712313089.084944,13989549.51788448,158.2,-2.519587604125518e-07,167.6,ASK
1261,1712313089.0867703,13989958.82294777,158.0,-1.1653463590652833e-07,167.6,ASK
1262,1712313089.0880938,14017716.41790108,158.1,-7.90295921462584e-06,167.6,ASK
1263,1712313089.0894291,14022594.14154257,158.0,-1.3887532786524698e-06,167.6,ASK
1264,1712313089.0907395,14074405.94618905,158.0,-1.475151502304277e-05,167.6,ASK
1265,1712313089.191514,14074438.28311115,157.9,-9.206755012861428e-09,167.6,ASK
1266,1712313089.2020657,14078230.39350386,157.9,-1.0796646403032129e-06,167.6,ASK
1267,1712313089.2034216,14079682.21682372,157.9,-4.133535525319931e-07,167.6,ASK
1268,1712313090.2852972,14079682.21682372,157.9,-0.0,167.6,ASK
1269,1712313091.8462436,14079717.0447517,158.0,9.85230774186176e-09,167.6,BID
1270,1712313120.4355564,14079717.0447517,158.0,0.0,167.6,BID
1271,1712313141.305656,14081436.50780498,158.0,4.864100095249913e-07,167.6,BID
1272,1712313141.3656826,14081773.4985126,157.8,-9.53295582537352e-08,167.6,ASK
1273,1712313141.3686829,14082273.4985126,157.8,-1.4144241383872458e-07,167.6,ASK
1274,1712313145.775706,14082906.409905,158.0,1.790410301741801e-07,167.6,BID
1275,1712313150.42549,14082906.409905,158.0,0.0,167.6,BID
1276,1712313169.9999187,14083203.13275885,157.8,-8.392643353694353e-08,167.6,ASK
1277,1712313170.001371,14083829.95584065,157.7,-1.772934744706446e-07,167.6,ASK
1278,1712313170.0027602,14083862.27523228,157.8,-9.141362852371058e-09,167.6,ASK
1279,1712313170.004141,14090207.45289725,157.6,-1.7946987388017686e-06,167.6,ASK
1280,1712313170.0054994,14090707.45289725,157.7,-1.414222606176605e-07,167.6,ASK
1281,1712313170.0068898,14091007.45289725,157.6,-8.48533563705963e-08,167.6,ASK
1282,1712313170.0082784,14091103.204324,157.7,-2.7082766456400413e-08,167.6,ASK
1283,1712313170.009658,14091283.204324,157.6,-5.0912013822357786e-08,167.6,ASK
1284,1712313170.0110629,14091355.966224,157.5,-2.0580304769749854e-08,167.6,ASK
1285,1712313170.0124435,14092828.32663009,157.6,-4.164490741462484e-07,167.6,ASK
1286,1712313170.0138352,14092945.86220823,157.4,-3.3244294327404675e-08,167.6,ASK
1287,1712313170.015264,14092978.85713209,157.6,-9.332433442330809e-09,167.6,ASK
1288,1712313170.0166612,14093614.58504054,157.3,-1.798121559012594e-07,167.6,ASK
1289,1712313170.0182805,14095519.3469453,157.5,-5.387514690194583e-07,167.6,ASK
1290,1712313170.0197153,14095589.3469453,157.3,-1.979911648647247e-08,167.6,ASK
1291,1712313170.021125,14096121.3469453,157.5,-1.504732852971908e-07,167.6,ASK
1292,1712313170.022542,14106282.77134171,157.4,-2.874103218471136e-06,167.6,ASK
1293,1712313170.0239773,14108819.68011475,157.3,-7.175507473282972e-07,167.6,ASK
1294,1712313170.0253923,14116786.71313062,157.5,-2.253431639039621e-06,167.6,ASK
1295,1712313170.0268693,14118306.71313062,157.4,-4.299236722776879e-07,167.6,ASK
1296,1712313170.0283513,14120325.84981212,157.3,-5.711017479877749e-07,167.6,ASK
1297,1712313170.0297842,14120452.91461516,157.4,-3.59395833816116e-08,167.6,ASK
1298,1712313170.031253,14121836.94324373,157.3,-3.914649148241308e-07,167.6,ASK
1299,1712313170.8956838,14122336.94324373,157.5,1.414222606176605e-07,167.6,BID
1300,1712313173.7258213,14123816.94324373,157.4,4.186098914282751e-07,167.6,BID
1301,1712313180.3265324,14123816.94324373,157.4,0.0,167.6,BID
1302,1712313187.0158691,14136371.13598862,157.5,3.544426476907e-06,167.6,BID
1303,1712313209.8459294,14136455.73523912,157.5,2.3884914744868817e-08,167.6,BID
1304,1712313210.310464,14136455.73523912,157.5,0.0,167.6,BID
1305,1712313230.606008,14136655.73523912,157.4,-5.6434303153517e-08,167.6,ASK
1306,1712313240.4158683,14136655.73523912,157.4,-0.0,167.6,ASK
1307,1712313241.4504569,14136755.73523912,157.4,-2.821690093281886e-08,167.6,ASK
1308,1712313245.7359602,14136855.7614165,157.5,2.8224287378266297e-08,167.6,BID
1309,1712313270.4428203,14136855.7614165,157.5,0.0,167.6,BID
1310,1712313272.3160095,14164728.63009407,157.5,7.864789850128119e-06,167.6,BID
1311,1712313272.435841,14166328.63009407,157.8,4.514664028942089e-07,167.6,BID
1312,1712313272.535897,14167768.63009407,158.0,4.06319762604788e-07,167.6,BID
1313,1712313300.2972984,14167768.63009407,158.0,0.0,167.6,BID
1314,1712313330.296177,14167768.63009407,158.0,0.0,167.6,BID
1315,1712313360.4262612,14167768.63009407,158.0,0.0,167.6,BID
1316,1712313368.9063346,14168086.29210169,157.5,-8.985132653589386e-08,167.6,ASK
1317,1712313368.908404,14168127.76360169,157.5,-1.1730295720106848e-08,167.6,ASK
1318,1712313368.9103236,14169687.76360169,157.4,-4.412490824632159e-07,167.6,ASK
1319,1712313368.9122107,14169933.30607882,157.3,-6.945217483264645e-08,167.6,ASK
1320,1712313368.914075,14170268.63009407,157.4,-9.484706029303429e-08,167.6,ASK
1321,1712313390.433349,14170268.63009407,157.4,-0.0,167.6,ASK
1322,1712313420.2664466,14170268.63009407,157.4,-0.0,167.6,ASK
1323,1712313450.3484142,14170268.63009407,157.4,-0.0,167.6,ASK
1324,1712313480.426296,14170268.63009407,157.4,-0.0,167.6,ASK
1325,1712313510.4448102,14170268.63009407,157.4,-0.0,167.6,ASK
1326,1712313510.8747866,14170368.63009407,157.5,-2.8282049647095294e-08,167.6,ASK
1327,1712313512.2202015,14171391.54690207,157.9,2.8930183948699564e-07,167.6,BID
1328,1712313512.2381349,14171391.54690213,157.9,1.6857415227350768e-17,167.6,BID
1329,1712313512.2948103,14174313.29316962,158.0,8.263297299337006e-07,167.6,BID
1330,1712313520.2843945,14175619.16248104,158.0,3.693266069820557e-07,167.6,BID
1331,1712313520.694685,14177046.11541678,158.0,4.035715377267701e-07,167.6,BID
1332,1712313533.497044,14183375.22934083,158.0,1.7900031422212412e-06,167.6,BID
1333,1712313540.2676208,14183375.22934083,158.0,0.0,167.6,BID
1334,1712313570.313403,14183375.22934083,158.0,0.0,167.6,BID
1335,1712313600.332549,14183375.22934083,158.0,0.0,167.6,BID
1336,1712313624.8321822,14183438.52048007,158.0,1.7905275410263593e-08,167.6,BID
1337,1712313630.292093,14183438.52048007,158.0,0.0,167.6,BID
1338,1712313635.5927851,14184044.69340335,158.8,1.714878664315855e-07,167.6,BID
1339,1712313635.596737,14203643.28944567,158.0,5.544492819254392e-06,167.6,BID
1340,1712313635.6001892,14205163.28944567,158.5,4.30011877742085e-07,167.6,BID
1341,1712313635.6034894,14206163.28944567,158.5,2.829025511461086e-07,167.6,BID
1342,1712313635.6067708,14213548.17028328,158.9,2.0892016288698777e-06,167.6,BID
1343,1712313635.609288,14215028.17028328,158.3,4.186957756962407e-07,167.6,BID
1344,1712313647.411719,14215127.18937033,158.9,2.801275233863476e-08,167.6,BID
1345,1712313660.4314666,14215127.18937033,158.9,0.0,167.6,BID
1346,1712313678.24114,14215627.18937033,158.7,1.412508457105531e-07,167.6,BID
1347,1712313690.430767,14215627.18937033,158.7,0.0,167.6,BID
1348,1712313720.3201995,14215627.18937033,158.7,0.0,167.6,BID
1349,1712313737.100018,14215942.4478823,158.6,8.905906647299089e-08,167.6,BID
1350,1712313750.2822747,14215942.4478823,158.6,0.0,167.6,BID
1351,1712313767.8997424,14215990.36717612,158.6,1.3536786899803102e-08,167.6,BID
1352,1712313780.5686195,14215990.36717612,158.6,0.0,167.6,BID
1353,1712313810.428679,14215990.36717612,158.6,0.0,167.6,BID
1354,1712313821.0088823,14216054.21002449,158.1,-1.803501490002711e-08,167.6,ASK
1355,1712313840.3898382,14216054.21002449,158.1,-0.0,167.6,ASK
1356,1712313870.2774243,14216054.21002449,158.1,-0.0,167.6,ASK
1357,1712313893.587869,14216151.63921063,158.1,-2.7522766581470485e-08,167.6,ASK
1358,1712313893.5915165,14216154.21002449,158.1,-7.262290958678764e-10,167.6,ASK
1359,1712313899.3276262,14216253.73178219,158.6,2.8113897031082992e-08,167.6,BID
1360,1712313900.2775965,14216253.73178219,158.6,0.0,167.6,BID
1361,1712313909.4087243,14217253.73178219,158.6,2.826447746791761e-07,167.6,BID
1362,1712313930.2932348,14217253.73178219,158.6,0.0,167.6,BID
1363,1712313960.4169178,14217253.73178219,158.6,0.0,167.6,BID
1364,1712313990.4265077,14217253.73178219,158.6,0.0,167.6,BID
1365,1712313993.3665688,14220082.66759985,158.1,-7.995480850532394e-07,167.6,ASK
1366,1712314020.2985797,14220082.66759985,158.1,-0.0,167.6,ASK
1367,1712314050.2517238,14220082.66759985,158.1,-0.0,167.6,ASK
1368,1712314050.4160745,14220582.66759985,158.2,-1.412981911999339e-07,167.6,ASK
1369,1712314056.7957408,14220831.78858283,158.6,7.040068857014754e-08,167.6,BID
1370,1712314080.405549,14220831.78858283,158.6,0.0,167.6,BID
1371,1712314082.9055717,14221082.66759985,158.6,7.089512630150288e-08,167.6,BID
1372,1712314110.4054043,14221082.66759985,158.6,0.0,167.6,BID
1373,1712314120.1854124,14223848.57434803,158.2,-7.816002541105515e-07,167.6,ASK
1374,1712314120.1892855,14224868.57434803,158.2,-2.8823540768936e-07,167.6,ASK
1375,1712314140.2980173,14224868.57434803,158.2,-0.0,167.6,ASK
1376,1712314140.8251696,14225117.75618838,158.6,7.040281911235122e-08,167.6,BID
1377,1712314145.2850783,14225748.27321233,158.6,1.781437039003208e-07,167.6,BID
1378,1712314170.304842,14225748.27321233,158.6,0.0,167.6,BID
1379,1712314200.2946956,14225748.27321233,158.6,0.0,167.6,BID
1380,1712314230.2743554,14225748.27321233,158.6,0.0,167.6,BID
1381,1712314260.4141822,14225748.27321233,158.6,0.0,167.6,BID
1382,1712314269.0072892,14226861.90346798,158.6,3.148434763941561e-07,167.6,BID
1383,1712314269.011052,14231102.53230465,158.6,1.1989027042524465e-06,167.6,BID
1384,1712314275.964126,14232762.2206521,158.6,4.692240053566228e-07,167.6,BID
1385,1712314290.393919,14232762.2206521,158.6,0.0,167.6,BID
1386,1712314320.2854218,14232762.2206521,158.6,0.0,167.6,BID
1387,1712314350.2835004,14232762.2206521,158.6,0.0,167.6,BID
1388,1712314364.5735426,14233049.57382292,158.6,8.121441260222077e-08,167.6,BID
1389,1712314380.3235545,14233049.57382292,158.6,0.0,167.6,BID
1390,1712314398.383434,14233081.41493263,158.6,8.999113202912804e-09,167.6,BID
1391,1712314410.2833388,14233081.41493263,158.6,0.0,167.6,BID
1392,1712314420.6433823,14233721.82612678,158.6,1.8099634904778426e-07,167.6,BID
1393,1712314440.443275,14233721.82612678,158.6,0.0,167.6,BID
1394,1712314470.4130208,14233721.82612678,158.6,0.0,167.6,BID
1395,1712314500.2831736,14233721.82612678,158.6,0.0,167.6,BID
1396,1712314519.8128054,14234541.08862667,158.6,2.318758000314109e-07,167.6,BID
1397,1712314530.282816,14234541.08862667,158.6,0.0,167.6,BID
1398,1712314560.422503,14234541.08862667,158.6,0.0,167.6,BID
1399,1712314590.4125214,14234541.08862667,158.6,0.0,167.6,BID
1400,1712314614.1822422,14235839.1951009,158.3,-3.673894609834143e-07,167.6,ASK
1401,1712314614.2722316,14235839.19510091,158.3,-2.635824606703449e-18,167.6,ASK
1402,1712314620.2622292,14235839.19510091,158.3,-0.0,167.6,ASK
1403,1712314644.07934,14235899.13842478,158.2,-1.6964143678876818e-08,167.6,ASK
1404,1712314644.0811613,14235957.5527651,158.2,-1.6531436665253672e-08,167.6,ASK
1405,1712314650.284716,14235957.5527651,158.2,-0.0,167.6,ASK
1406,1712314680.4020002,14235957.5527651,158.2,-0.0,167.6,ASK
1407,1712314710.411915,14235957.5527651,158.2,-0.0,167.6,ASK
1408,1712314724.112049,14235960.82056638,158.2,-9.247928395536827e-10,167.6,ASK
1409,1712314724.1219468,14240876.09259975,158.2,-1.391029622045188e-06,167.6,ASK
1410,1712314740.27221,14240876.09259975,158.2,-0.0,167.6,ASK
1411,1712314740.901877,14242189.18087503,158.1,-3.715242096792939e-07,167.6,ASK
1412,1712314740.961808,14244043.7484528,158.1,-5.247299565453729e-07,167.6,ASK
1413,1712314757.8919113,14251521.61937018,158.1,-2.11578317693167e-06,167.6,ASK
1414,1712314757.9920244,14254255.51191928,158.1,-7.735255030256714e-07,167.6,ASK
1415,1712314770.2920208,14254255.51191928,158.1,-0.0,167.6,ASK
1416,1712314800.3816817,14254255.51191928,158.1,-0.0,167.6,ASK
1417,1712314830.2715068,14254255.51191928,158.1,-0.0,167.6,ASK
1418,1712314854.091669,14255815.51191928,158.1,-4.4223386001270347e-07,167.6,ASK
1419,1712314854.0948508,14255937.05207412,158.1,-3.4454597321130566e-08,167.6,ASK
1420,1712314860.4165442,14255937.05207412,158.1,-0.0,167.6,ASK
1421,1712314883.2918303,14259443.17327612,158.1,9.938517097080456e-07,167.6,BID
1422,1712314883.2944102,14259443.17327621,158.1,2.534346705530971e-17,167.6,BID
1423,1712314890.411354,14259443.17327621,158.1,0.0,167.6,BID
1424,1712314901.4214,14260963.17327621,158.1,-4.307943687505055e-07,167.6,ASK
1425,1712314901.4816658,14264112.06849721,158.1,8.924515322318488e-07,167.6,BID
1426,1712314901.4857347,14264112.06849745,158.1,6.757196137003295e-17,167.6,BID
1427,1712314920.3012009,14264112.06849745,158.1,0.0,167.6,BID
1428,1712314950.2968898,14264112.06849745,158.1,0.0,167.6,BID
1429,1712314980.411297,14264112.06849745,158.1,0.0,167.6,BID
1430,1712315010.4211092,14264112.06849745,158.1,0.0,167.6,BID
1431,1712315038.660992,14264216.70773795,158.0,-2.9650373013699653e-08,167.6,ASK
1432,1712315038.671012,14271729.70773795,158.0,-2.12886916403834e-06,167.6,ASK
1433,1712315038.6747673,14272240.07913453,158.0,-1.4461785283959705e-07,167.6,ASK
1434,1712315038.8139627,14274362.62845888,158.0,6.014414755437302e-07,167.6,BID
1435,1712315038.8312464,14276525.16584097,158.0,6.127724143235173e-07,167.6,BID
1436,1712315040.2809968,14276525.16584097,158.0,0.0,167.6,BID
1437,1712315056.761053,14276588.45698021,158.0,-1.7924093766488795e-08,167.6,ASK
1438,1712315056.8876936,14280170.59996021,158.0,1.014465333221143e-06,167.6,BID
1439,1712315056.9009657,14280170.59996085,158.0,1.81460817235062e-16,167.6,BID
1440,1712315070.2809606,14280170.59996085,158.0,0.0,167.6,BID
1441,1712315100.4609053,14280170.59996085,158.0,0.0,167.6,BID
1442,1712315130.440979,14280170.59996085,158.0,0.0,167.6,BID
1443,1712315160.2707822,14280170.59996085,158.0,0.0,167.6,BID
1444,1712315190.3394418,14280170.59996085,158.0,0.0,167.6,BID
1445,1712315213.8912716,14280233.85106774,158.1,-1.7912971822263233e-08,167.6,ASK
1446,1712315213.8955157,14292307.0381712,158.1,-3.4191759009936705e-06,167.6,ASK
1447,1712315219.5707543,14309777.55960852,158.1,4.947723029916203e-06,167.6,BID
1448,1712315220.3968089,14309777.55960852,158.1,0.0,167.6,BID
1449,1712315233.4507947,14319777.55960852,158.0,-2.828291552387584e-06,167.6,ASK
1450,1712315250.4005852,14319777.55960852,158.0,-0.0,167.6,ASK
1451,1712315280.3105743,14319777.55960852,158.0,-0.0,167.6,ASK
1452,1712315280.4934304,14325819.86450504,158.1,-1.7081766565638686e-06,167.6,ASK
1453,1712315310.3004584,14325819.86450504,158.1,-0.0,167.6,ASK
1454,1712315340.400553,14325819.86450504,158.1,-0.0,167.6,ASK
1455,1712315370.425832,14325819.86450504,158.1,-0.0,167.6,ASK
1456,1712315400.3304596,14325819.86450504,158.1,-0.0,167.6,ASK
1457,1712315430.3003588,14325819.86450504,158.1,-0.0,167.6,ASK
1458,1712315460.3902037,14325819.86450504,158.1,-0.0,167.6,ASK
1459,1712315490.403851,14325819.86450504,158.1,-0.0,167.6,ASK
1460,1712315520.2807815,14325819.86450504,158.1,-0.0,167.6,ASK
1461,1712315550.286047,14325819.86450504,158.1,-0.0,167.6,ASK
1462,1712315550.3529737,14331297.54285928,158.5,1.5498828038348426e-06,167.6,BID
1463,1712315550.355153,14334452.11699178,158.5,8.925716124969161e-07,167.6,BID
1464,1712315580.4120667,14334452.11699178,158.5,0.0,167.6,BID
1465,1712315610.3925395,14334452.11699178,158.5,0.0,167.6,BID
1466,1712315640.2663715,14334452.11699178,158.5,0.0,167.6,BID
1467,1712315670.304464,14334452.11699178,158.5,0.0,167.6,BID
1468,1712315700.3055696,14334452.11699178,158.5,0.0,167.6,BID
1469,1712315730.277727,14334452.11699178,158.5,0.0,167.6,BID
1470,1712315760.4352348,14334452.11699178,158.5,0.0,167.6,BID
1471,1712315790.3889823,14334452.11699178,158.5,0.0,167.6,BID
1472,1712315820.27762,14334452.11699178,158.5,0.0,167.6,BID
1473,1712315850.3149836,14334452.11699178,158.5,0.0,167.6,BID
1474,1712315873.856751,14334852.60658168,158.5,1.132978383739115e-07,167.6,BID
1475,1712315880.39677,14334852.60658168,158.5,0.0,167.6,BID
1476,1712315910.419345,14334852.60658168,158.5,0.0,167.6,BID
1477,1712315940.307425,14334852.60658168,158.5,0.0,167.6,BID
1478,1712315945.7076943,14335852.60658168,158.5,2.828932554011467e-07,167.6,BID
1479,1712315960.3676903,14336852.60658168,158.5,2.828932554011467e-07,167.6,BID
1480,1712315970.284415,14336852.60658168,158.5,0.0,167.6,BID
1481,1712316000.3782344,14336852.60658168,158.5,0.0,167.6,BID
1482,1712316025.4403815,14356220.15939833,158.5,5.500168890874747e-06,167.6,BID
1483,1712316030.2789106,14356220.15939833,158.5,0.0,167.6,BID
1484,1712316046.478966,14362273.91485498,158.5,1.7177015477351063e-06,167.6,BID
1485,1712316050.8310282,14377876.33639402,158.5,4.4270542174924825e-06,167.6,BID
1486,1712316060.408677,14377876.33639402,158.5,0.0,167.6,BID
1487,1712316073.7586298,14377907.88213534,158.5,8.942126279070488e-09,167.6,BID
1488,1712316087.5887554,14381660.21417121,158.5,1.063656313090176e-06,167.6,BID
1489,1712316090.4188466,14381660.21417121,158.5,0.0,167.6,BID
1490,1712316120.2903204,14381660.21417121,158.5,0.0,167.6,BID
1491,1712316125.9893758,14381720.21417121,158.3,-1.7005033213454913e-08,167.6,ASK
1492,1712316125.99308,14384148.68574901,158.3,-6.882706639733727e-07,167.6,ASK
1493,1712316141.7495632,14386637.1573268,158.3,-7.052756971847161e-07,167.6,ASK
1494,1712316150.3102584,14386637.1573268,158.3,-0.0,167.6,ASK
1495,1712316154.2797496,14386687.1573268,158.5,1.4167697501989086e-08,167.6,BID
1496,1712316174.5997193,14392365.39076528,158.5,1.608949874040935e-06,167.6,BID
1497,1712316180.4496453,14392365.39076528,158.5,0.0,167.6,BID
1498,1712316193.5298424,14393677.87028807,158.3,-3.71800606167718e-07,167.6,ASK
1499,1712316210.4152231,14393677.87028807,158.3,-0.0,167.6,ASK
1500,1712316240.3199918,14393677.87028807,158.3,-0.0,167.6,ASK
1501,1712316270.2803166,14393677.87028807,158.3,-0.0,167.6,ASK
1502,1712316300.4203756,14393677.87028807,158.3,-0.0,167.6,ASK
1503,1712316306.1111493,14393765.56700324,158.3,-2.4890055319748546e-08,167.6,ASK
1504,1712316306.1157875,14396429.42502668,158.3,-7.560553829002845e-07,167.6,ASK
1505,1712316306.1202185,14399720.1751846,158.3,-9.339797199342774e-07,167.6,ASK
1506,1712316310.8706625,14425817.56493891,158.5,7.406953309742622e-06,167.6,BID
1507,1712316310.875291,14426327.93633549,158.5,1.4485345625277757e-07,167.6,BID
1508,1712316312.2347376,14426827.93633549,158.6,1.419098495955767e-07,167.6,BID
1509,1712316312.2383776,14427327.93633549,158.7,1.419098495955767e-07,167.6,BID
1510,1712316330.4406748,14427327.93633549,158.7,0.0,167.6,BID
1511,1712316344.6808343,14430831.64936841,158.5,-9.929200322979806e-07,167.6,ASK
1512,1712316360.280791,14430831.64936841,158.5,-0.0,167.6,ASK
1513,1712316390.290877,14430831.64936841,158.5,-0.0,167.6,ASK
1514,1712316409.881148,14432103.34842454,159.0,3.603311021838241e-07,167.6,BID
1515,1712316409.884208,14432603.34842454,159.0,1.416731027859695e-07,167.6,BID
1516,1712316420.431152,14432603.34842454,159.0,0.0,167.6,BID
1517,1712316441.3131592,14432669.76208677,158.5,-1.8816557278098595e-08,167.6,ASK
1518,1712316450.4212246,14432669.76208677,158.5,-0.0,167.6,ASK
1519,1712316480.2828128,14432669.76208677,158.5,-0.0,167.6,ASK
1520,1712316510.321861,14432669.76208677,158.5,-0.0,167.6,ASK
1521,1712316527.3817377,14436167.09760939,158.5,-9.908747042019988e-07,167.6,ASK
1522,1712316532.6917558,14445235.70073915,158.5,-2.5693415417562936e-06,167.6,ASK
1523,1712316532.6955795,14445735.70073915,158.5,-1.416613730357348e-07,167.6,ASK
1524,1712316540.431743,14445735.70073915,158.5,-0.0,167.6,ASK
1525,1712316570.431881,14445735.70073915,158.5,-0.0,167.6,ASK
1526,1712316600.3719234,14445735.70073915,158.5,-0.0,167.6,ASK
1527,1712316630.312054,14445735.70073915,158.5,-0.0,167.6,ASK
1528,1712316660.4321134,14445735.70073915,158.5,-0.0,167.6,ASK
1529,1712316690.472687,14445735.70073915,158.5,-0.0,167.6,ASK
1530,1712316720.315845,14445735.70073915,158.5,-0.0,167.6,ASK
1531,1712316733.5225823,14447867.80384443,158.3,-6.043283218432154e-07,167.6,ASK
1532,1712316742.9026804,14450935.09532172,158.2,-8.694003148749813e-07,167.6,ASK
1533,1712316750.283981,14450935.09532172,158.2,-0.0,167.6,ASK
1534,1712316761.40249,14452092.30517737,158.2,-3.279258111481537e-07,167.6,ASK
1535,1712316761.4049542,14452831.42907646,158.2,-2.0945017272752128e-07,167.6,ASK
1536,1712316780.4356616,14452831.42907646,158.2,-0.0,167.6,ASK
1537,1712316810.4227011,14452831.42907646,158.2,-0.0,167.6,ASK
1538,1712316840.3127182,14452831.42907646,158.2,-0.0,167.6,ASK
1539,1712316860.8252964,14454149.66380787,158.2,-3.735246852210224e-07,167.6,ASK
1540,1712316870.383792,14454149.66380787,158.2,-0.0,167.6,ASK
1541,1712316900.4244435,14454149.66380787,158.2,-0.0,167.6,ASK
1542,1712316905.3130276,14457310.22006577,158.2,-8.970890586681716e-07,167.6,ASK
1543,1712316905.317074,14458124.32086888,158.2,-2.310735400758985e-07,167.6,ASK
1544,1712316914.2531414,14464445.43338468,158.2,-1.7941781173363433e-06,167.6,ASK
1545,1712316914.2577846,14470100.91611255,158.2,-1.6052464384957885e-06,167.6,ASK
1546,1712316914.4013724,14472881.10493113,158.1,-7.891259533651137e-07,167.6,ASK
1547,1712316914.4103758,14473059.33766901,158.1,-5.0589398195064883e-08,167.6,ASK
1548,1712316916.7880714,14474336.31748154,158.1,-3.624566451231998e-07,167.6,ASK
1549,1712316919.5932672,14474978.14433802,158.1,-1.8217547910042178e-07,167.6,ASK
1550,1712316926.983837,14489254.48091874,158.1,-4.052180786979494e-06,167.6,ASK
1551,1712316926.988789,14489289.61690861,158.1,-9.97296346115743e-09,167.6,ASK
1552,1712316926.9935734,14490117.54471685,158.0,-2.3499818308338094e-07,167.6,ASK
1553,1712316926.9977057,14496484.14100628,158.1,-1.8070881851665005e-06,167.6,ASK
1554,1712316926.99989,14502735.73929133,158.0,-1.7744472691128804e-06,167.6,ASK
1555,1712316930.453683,14502735.73929133,158.0,-0.0,167.6,ASK
1556,1712316950.8731897,14502772.07136203,158.3,1.0290019927469711e-08,167.6,BID
1557,1712316951.7131102,14502808.40343273,158.3,1.0290019927997253e-08,167.6,BID
1558,1712316953.3831575,14502844.73550343,158.3,1.0290019927469711e-08,167.6,BID
1559,1712316955.573135,14502881.06757413,158.3,1.0290019927997253e-08,167.6,BID
1560,1712316956.593216,14502917.39964483,158.3,1.0290019927469711e-08,167.6,BID
1561,1712316957.373294,14502953.73171553,158.3,1.0290019927997253e-08,167.6,BID
1562,1712316959.0030773,14502990.06378623,158.3,1.0290019927469711e-08,167.6,BID
1563,1712316960.2748184,14502990.06378623,158.3,0.0,167.6,BID
