,time,acc_trade_volume,trade_price,dev,high,ask_bid
0,1712300395.4506383,19560998.64892247,53.57,0.0,54.4,ASK
1,1712300400.565303,19560998.64892247,53.57,-0.0,54.4,ASK
2,1712300430.4552014,19560998.64892247,53.57,-0.0,54.4,ASK
3,1712300459.6455402,19561465.92403925,53.41,-2.2061657914566614e-07,54.4,ASK
4,1712300460.616013,19561465.92403925,53.41,-0.0,54.4,ASK
5,1712300472.2556758,19563206.2651461,53.41,-8.216649329178301e-07,54.4,ASK
6,1712300474.295461,19567765.00398552,53.41,-2.1523113072134936e-06,54.4,ASK
7,1712300490.597204,19567765.00398552,53.41,-0.0,54.4,ASK
8,1712300513.9157689,19568694.30677598,53.41,-4.386808108197148e-07,54.4,ASK
9,1712300520.42553,19568694.30677598,53.41,-0.0,54.4,ASK
10,1712300526.2857068,19573707.4522762,53.41,-2.3664183839062696e-06,54.4,ASK
11,1712300550.4157102,19573707.4522762,53.41,-0.0,54.4,ASK
12,1712300580.565775,19573707.4522762,53.41,-0.0,54.4,ASK
13,1712300601.9559453,19593918.15051655,53.42,-9.539105489653657e-06,54.4,ASK
14,1712300601.9960084,19596861.71996993,53.42,1.3893146687939685e-06,54.4,BID
15,1712300602.0958889,19602058.09583065,53.42,-2.452600939849841e-06,54.4,ASK
16,1712300602.107123,19615784.33033169,53.4,-6.47854900033798e-06,54.4,ASK
17,1712300602.1083882,19644728.05395866,53.41,-1.3660944795555244e-05,54.4,ASK
18,1712300602.1096454,19660444.16517378,53.41,-7.417736932454413e-06,54.4,ASK
19,1712300610.606105,19660444.16517378,53.41,-0.0,54.4,ASK
20,1712300640.4458294,19660444.16517378,53.41,-0.0,54.4,ASK
21,1712300670.4460485,19660444.16517378,53.41,-0.0,54.4,ASK
22,1712300700.6094933,19660444.16517378,53.41,-0.0,54.4,ASK
23,1712300711.5190346,19660631.7120605,53.32,-8.832580607992288e-08,54.4,ASK
24,1712300711.6160858,19663122.73021118,53.31,1.1731529643958834e-06,54.4,BID
25,1712300711.6967936,19663873.05847978,53.31,3.533694976636212e-07,54.4,BID
26,1712300711.938338,19668343.28446078,53.31,2.105267221637669e-06,54.4,BID
27,1712300712.0560937,19670223.28446078,53.31,8.853920122831703e-07,54.4,BID
28,1712300712.0995605,19672653.70190918,53.3,-1.144612869855473e-06,54.4,ASK
29,1712300712.1008716,19680291.04586078,53.3,-3.5968315584063216e-06,54.4,ASK
30,1712300712.1163566,19684896.04586078,53.31,2.1687394768957443e-06,54.4,BID
31,1712300713.206062,19703596.61486078,53.31,8.807092775400022e-06,54.4,BID
32,1712300715.716172,19706846.25521678,53.3,-1.5304285180829212e-06,54.4,ASK
33,1712300716.0962448,19725544.24921678,53.31,8.80588007091371e-06,54.4,BID
34,1712300717.0007184,19730974.74921678,53.31,2.5575113418637e-06,54.4,BID
35,1712300717.597186,19730974.74921768,53.3,-4.245738458691426e-16,54.4,ASK
36,1712300717.6061256,19733262.50664679,53.29,-1.0774266775392156e-06,54.4,ASK
37,1712300730.596195,19733262.50664679,53.29,-0.0,54.4,ASK
38,1712300737.8662577,19738107.88764679,53.31,2.2777835898928025e-06,54.4,BID
39,1712300748.0063455,19756822.47617513,53.31,8.79761212615429e-06,54.4,BID
40,1712300748.0078297,19756822.47664679,53.31,2.2172397607203242e-13,54.4,BID
41,1712300751.7863097,19769851.74564679,53.31,6.124978637695535e-06,54.4,BID
42,1712300756.2212362,19818532.84648874,53.28,-2.288468391560732e-05,54.4,ASK
43,1712300756.229458,19841231.67518182,53.28,-1.0670578744349844e-05,54.4,ASK
44,1712300760.3969653,19841231.67518182,53.28,-0.0,54.4,ASK
45,1712300760.9654524,19860069.29676923,53.28,-8.831561805386065e-06,54.4,ASK
46,1712300790.4063497,19860069.29676923,53.28,-0.0,54.4,ASK
47,1712300790.706301,19860069.29708911,53.31,1.4989720951236994e-13,54.4,BID
48,1712300790.7074294,19878783.18776923,53.31,8.76942715623135e-06,54.4,BID
49,1712300804.8665943,19897551.956538,53.29,-8.795143315907063e-06,54.4,ASK
50,1712300805.3463817,19913225.893338,53.3,7.344888851199116e-06,54.4,BID
51,1712300805.347314,19920555.86915788,53.31,3.4348650480084083e-06,54.4,BID
52,1712300816.6665354,19964237.87816181,53.31,-2.0469618132628755e-05,54.4,ASK
53,1712300816.6680703,19984915.97454586,53.31,-9.689864233421232e-06,54.4,ASK
54,1712300820.6064725,19984915.97454586,53.31,-0.0,54.4,ASK
55,1712300821.3895068,20014703.68541679,53.29,-1.39152812413929e-05,54.4,ASK
56,1712300829.796648,20018472.29291631,53.28,-1.7604989343233242e-06,54.4,ASK
57,1712300832.6665409,20046739.32611663,53.28,-1.3204899112474962e-05,54.4,ASK
58,1712300843.556605,20049233.87276503,53.27,-1.165323456128928e-06,54.4,ASK
59,1712300843.5578735,20071832.37973317,53.27,-1.0556856196832232e-05,54.4,ASK
60,1712300843.559131,20092405.12699437,53.28,-9.610525806702592e-06,54.4,ASK
61,1712300843.6393583,20098037.87201877,53.26,-2.631327781955868e-06,54.4,ASK
62,1712300843.640607,20098413.38835373,53.26,-1.754218521314353e-07,54.4,ASK
63,1712300843.6418612,20098413.38835469,53.25,-4.472476869881015e-16,54.4,ASK
64,1712300843.6431327,20102169.25689833,53.25,-1.7545479515664328e-06,54.4,ASK
65,1712300843.6565218,20104047.71294641,53.24,-8.775177227254238e-07,54.4,ASK
66,1712300843.6580384,20104604.14607939,53.24,-2.599368434518403e-07,54.4,ASK
67,1712300843.736689,20110240.0656736,53.23,-2.632810777139393e-06,54.4,ASK
68,1712300843.7383866,20115133.57121558,53.23,-2.285993246275854e-06,54.4,ASK
69,1712300850.5966988,20115133.57121558,53.23,-0.0,54.4,ASK
70,1712300862.2865715,20115297.8506628,53.23,-7.649498279324488e-08,54.4,ASK
71,1712300867.0867238,20161331.13082793,53.29,2.143490883206309e-05,54.4,BID
72,1712300873.1866918,20197509.69040885,53.29,1.684616267862226e-05,54.4,BID
73,1712300873.1884103,20208154.59160885,53.29,4.956685379139475e-06,54.4,BID
74,1712300880.3665345,20208154.59160885,53.29,0.0,54.4,BID
75,1712300901.946893,20208253.56251722,53.23,-4.597862571339849e-08,54.4,ASK
76,1712300902.70674,20222053.56251722,53.47,6.411025677097551e-06,54.4,BID
77,1712300902.8068302,20250097.76030292,53.47,-1.302841102157502e-05,54.4,ASK
78,1712300910.426086,20250097.76030292,53.47,-0.0,54.4,ASK
79,1712300916.16685,20259822.83978652,53.47,4.513249521619593e-06,54.4,BID
80,1712300916.168641,20274522.83978652,53.46,6.822028352539403e-06,54.4,BID
81,1712300916.2067106,20274522.83978732,53.47,-3.7170188762398893e-16,54.4,ASK
82,1712300916.2088528,20287783.73625632,53.47,-6.154164060653919e-06,54.4,ASK
83,1712300916.8266902,20301044.63225632,53.23,-6.154163842999125e-06,54.4,ASK
84,1712300940.56742,20301044.63225632,53.23,-0.0,54.4,ASK
85,1712300970.6068172,20301044.63225632,53.23,-0.0,54.4,ASK
86,1712300992.9270146,20305953.03225632,53.24,-2.2750351151048494e-06,54.4,ASK
87,1712301000.458618,20305953.03225632,53.24,-0.0,54.4,ASK
88,1712301030.4128067,20305953.03225632,53.24,-0.0,54.4,ASK
89,1712301060.6170876,20305953.03225632,53.24,-0.0,54.4,ASK
90,1712301084.0111935,20315644.63225632,53.24,-4.5154227337849245e-06,54.4,ASK
91,1712301084.0129356,20320544.63225632,53.24,-2.282963741337109e-06,54.4,ASK
92,1712301084.017728,20321584.76534795,53.23,-4.846094151740514e-07,54.4,ASK
93,1712301084.019495,20364053.62919771,53.25,-1.978670944995558e-05,54.4,ASK
94,1712301084.0211945,20370582.73145756,53.23,-3.041980351576384e-06,54.4,ASK
95,1712301084.0246158,20413059.1119985,53.24,-1.979021155881566e-05,54.4,ASK
96,1712301090.598977,20413059.1119985,53.24,-0.0,54.4,ASK
97,1712301118.4872732,20413092.1119985,53.4,1.533431957038246e-08,54.4,BID
98,1712301120.387176,20413092.1119985,53.4,0.0,54.4,BID
99,1712301139.077291,20446861.84514456,53.4,1.569198351022067e-05,54.4,BID
100,1712301150.4472437,20446861.84514456,53.4,0.0,54.4,BID
101,1712301180.5667725,20446861.84514456,53.4,0.0,54.4,BID
102,1712301204.7861624,20455527.97584826,53.4,4.023571132745613e-06,54.4,BID
103,1712301210.596112,20455527.97584826,53.4,0.0,54.4,BID
104,1712301216.9156475,20455593.97584826,53.41,3.063635423284967e-08,54.4,BID
105,1712301217.0013704,20475738.67408861,53.41,9.350910775835462e-06,54.4,BID
106,1712301240.410034,20475738.67408861,53.41,0.0,54.4,BID
107,1712301270.3942845,20475738.67408861,53.41,0.0,54.4,BID
108,1712301300.4735827,20475738.67408861,53.41,0.0,54.4,BID
109,1712301303.833936,20477993.88927372,53.4,-1.0505251623651412e-06,54.4,ASK
110,1712301307.0037785,20479861.65169434,53.54,8.700417738982616e-07,54.4,BID
111,1712301330.4029107,20479861.65169434,53.54,0.0,54.4,BID
112,1712301338.932946,20491993.88927372,53.54,5.65086311546606e-06,54.4,BID
113,1712301339.013029,20504238.43727472,53.54,-5.703174225831215e-06,54.4,ASK
114,1712301339.0151162,20504238.43727521,53.54,-2.273030682061449e-16,54.4,ASK
115,1712301355.262311,20518238.43727521,53.54,6.520815562577243e-06,54.4,BID
116,1712301355.365274,20553808.88841008,53.54,-1.656773938058319e-05,54.4,ASK
117,1712301360.432227,20553808.88841008,53.54,-0.0,54.4,ASK
118,1712301378.3121855,20557582.56480611,53.38,-1.7544395553375582e-06,54.4,ASK
119,1712301390.3940475,20557582.56480611,53.38,-0.0,54.4,ASK
120,1712301420.5810466,20557582.56480611,53.38,-0.0,54.4,ASK
121,1712301450.5804667,20557582.56480611,53.38,-0.0,54.4,ASK
122,1712301480.4120655,20557582.56480611,53.38,-0.0,54.4,ASK
123,1712301510.4205532,20557582.56480611,53.38,-0.0,54.4,ASK
124,1712301535.081971,20557769.69055461,53.44,-8.698945998466489e-08,54.4,ASK
125,1712301540.5990057,20557769.69055461,53.44,-0.0,54.4,ASK
126,1712301548.128976,20561613.64322747,53.36,-1.7869364074809307e-06,54.4,ASK
127,1712301570.5985415,20561613.64322747,53.36,-0.0,54.4,ASK
128,1712301600.4184031,20561613.64322747,53.36,-0.0,54.4,ASK
129,1712301630.4307113,20561613.64322747,53.36,-0.0,54.4,ASK
130,1712301645.4376535,20562465.1632873,53.36,-3.9583007935571867e-07,54.4,ASK
131,1712301660.5820022,20562465.1632873,53.36,-0.0,54.4,ASK
132,1712301690.636878,20562465.1632873,53.36,-0.0,54.4,ASK
133,1712301720.4308815,20562465.1632873,53.36,-0.0,54.4,ASK
134,1712301750.405918,20562465.1632873,53.36,-0.0,54.4,ASK
135,1712301780.616068,20562465.1632873,53.36,-0.0,54.4,ASK
136,1712301810.6054256,20562465.1632873,53.36,-0.0,54.4,ASK
137,1712301840.4250758,20562465.1632873,53.36,-0.0,54.4,ASK
138,1712301870.4754045,20562465.1632873,53.36,-0.0,54.4,ASK
139,1712301898.6276844,20563392.34348198,53.36,-4.309916768875737e-07,54.4,ASK
140,1712301900.6146326,20563392.34348198,53.36,-0.0,54.4,ASK
141,1712301911.074673,20568600.23276502,53.56,2.4208495356978425e-06,54.4,BID
142,1712301911.0769238,20568699.23276502,53.55,4.601943148342975e-08,54.4,BID
143,1712301911.0791268,20583499.23276502,53.54,6.879672585401619e-06,54.4,BID
144,1712301915.9746883,20588899.23276502,53.56,2.5101508081870774e-06,54.4,BID
145,1712301915.9768553,20594387.37071535,53.57,2.551121094715826e-06,54.4,BID
146,1712301915.9789753,20603579.48143231,53.56,4.27288595280103e-06,54.4,BID
147,1712301930.5942698,20603579.48143231,53.56,0.0,54.4,BID
148,1712301960.44506,20603579.48143231,53.56,0.0,54.4,BID
149,1712301990.4138048,20603579.48143231,53.56,0.0,54.4,BID
150,1712302020.6187484,20603579.48143231,53.56,0.0,54.4,BID
151,1712302050.5832863,20603579.48143231,53.56,0.0,54.4,BID
152,1712302080.4031425,20603579.48143231,53.56,0.0,54.4,BID
153,1712302087.9831345,20607458.05747418,53.37,-1.8011260305524535e-06,54.4,ASK
154,1712302098.887715,20609397.34549511,53.37,-9.005630152727668e-07,54.4,ASK
155,1712302110.388755,20609397.34549511,53.37,-0.0,54.4,ASK
156,1712302140.5928152,20609397.34549511,53.37,-0.0,54.4,ASK
157,1712302170.5423713,20609397.34549511,53.37,-0.0,54.4,ASK
158,1712302178.3125415,20609491.04982338,53.37,-4.350797076950581e-08,54.4,ASK
159,1712302178.3148887,20620616.56093343,53.37,-5.165699611699926e-06,54.4,ASK
160,1712302200.6936162,20620616.56093343,53.37,-0.0,54.4,ASK
161,1712302230.6126325,20620616.56093343,53.37,-0.0,54.4,ASK
162,1712302231.5021148,20621550.26774948,53.55,4.349927680470967e-07,54.4,BID
163,1712302260.4316652,20621550.26774948,53.55,0.0,54.4,BID
164,1712302290.411697,20621550.26774948,53.55,0.0,54.4,BID
165,1712302320.6217237,20621550.26774948,53.55,0.0,54.4,BID
166,1712302346.68147,20621650.26774948,53.55,4.658664027546968e-08,54.4,BID
167,1712302346.6942663,20669725.96768241,53.55,2.2396853387667912e-05,54.4,BID
168,1712302350.57126,20669725.96768241,53.55,0.0,54.4,BID
169,1712302380.4311352,20669725.96768241,53.55,0.0,54.4,BID
170,1712302410.391039,20669725.96768241,53.55,0.0,54.4,BID
171,1712302440.5631464,20669725.96768241,53.55,0.0,54.4,BID
172,1712302460.3409111,20712313.529665,53.57,1.981629816001309e-05,54.4,BID
173,1712302470.5907977,20712313.529665,53.57,0.0,54.4,BID
174,1712302479.8507886,20712500.09682917,53.6,8.671898279844237e-08,54.4,BID
175,1712302500.4105363,20712500.09682917,53.6,0.0,54.4,BID
176,1712302521.2904975,20714709.63041125,53.6,1.028020516031499e-06,54.4,BID
177,1712302526.7130442,20715863.09320473,53.61,5.366668448916332e-07,54.4,BID
178,1712302528.640622,20720306.23024596,53.63,2.067239923832024e-06,54.4,BID
179,1712302528.643044,20730272.26583596,53.63,4.636856001244917e-06,54.4,BID
180,1712302530.4420693,20730272.26583596,53.63,0.0,54.4,BID
181,1712302560.5604365,20730272.26583596,53.63,0.0,54.4,BID
182,1712302590.560162,20730272.26583596,53.63,0.0,54.4,BID
183,1712302620.4363704,20730272.26583596,53.63,0.0,54.4,BID
184,1712302650.4097989,20730272.26583596,53.63,0.0,54.4,BID
185,1712302680.5607977,20730272.26583596,53.63,0.0,54.4,BID
186,1712302710.5895169,20730272.26583596,53.63,0.0,54.4,BID
187,1712302740.380532,20730272.26583596,53.63,0.0,54.4,BID
188,1712302742.1797402,20738987.84898002,53.72,-4.053265911535692e-06,54.4,ASK
189,1712302742.1823423,20746723.62792173,53.72,-3.597598527296724e-06,54.4,ASK
190,1712302742.279714,20762307.66778704,53.72,-7.2475078839813855e-06,54.4,ASK
191,1712302742.362982,20767502.34774204,53.72,-2.4158359612780417e-06,54.4,ASK
192,1712302742.3649862,20767502.34774214,53.72,-4.6777017905648036e-17,54.4,ASK
193,1712302758.4995954,20768478.86651198,53.72,4.541394621948856e-07,54.4,BID
194,1712302758.593581,20774285.06955998,53.72,-2.700230667406e-06,54.4,ASK
195,1712302758.5961096,20774285.06956067,53.72,-3.205091967609217e-16,54.4,ASK
196,1712302764.3493595,20774635.31321907,53.72,1.628841877661327e-07,54.4,BID
197,1712302765.719622,20797946.99941698,53.73,1.0841324263057632e-05,54.4,BID
198,1712302765.7794788,20804466.38046351,53.73,3.0319009667433456e-06,54.4,BID
199,1712302765.819358,20812181.7578823,53.73,3.588110602504277e-06,54.4,BID
200,1712302770.419323,20812181.7578823,53.73,0.0,54.4,BID
201,1712302789.4021974,20849411.83978848,53.72,-1.7278846783022194e-05,54.4,ASK
202,1712302789.4042032,20903975.03665479,53.72,-2.532331572679896e-05,54.4,ASK
203,1712302789.5193274,20941218.98451279,53.7,-1.7285282107489734e-05,54.4,ASK
204,1712302789.5796795,20941218.98451326,53.7,-2.1784692219863831e-16,54.4,ASK
205,1712302789.5831518,20959844.42686752,53.69,-8.644250783982565e-06,54.4,ASK
206,1712302789.5993576,20978469.86922177,53.69,-8.644250783979108e-06,54.4,ASK
207,1712302789.6993308,20988518.07422777,53.67,-4.663470662798636e-06,54.4,ASK
208,1712302794.7991138,21025762.02208577,53.7,-1.7285282107489734e-05,54.4,ASK
209,1712302794.809095,21025762.02208624,53.7,-2.1784692219863831e-16,54.4,ASK
210,1712302800.4357102,21025762.02208624,53.7,-0.0,54.4,ASK
211,1712302806.7195148,21030445.39272604,53.61,-2.162622523242854e-06,54.4,ASK
212,1712302806.7792647,21032544.74390477,53.61,9.694095326836209e-07,54.4,BID
213,1712302806.8864913,21039468.2913232,53.67,-3.197060565864959e-06,54.4,ASK
214,1712302806.888648,21047183.668742,53.67,-3.5627009400920808e-06,54.4,ASK
215,1712302830.430815,21047183.668742,53.67,-0.0,54.4,ASK
216,1712302833.623122,21070495.35493991,53.71,1.0758840277480884e-05,54.4,BID
217,1712302833.6791718,21084420.68233291,53.71,-6.42683553480295e-06,54.4,ASK
218,1712302833.6991792,21084420.68233351,53.71,-2.7680744661151683e-16,54.4,ASK
219,1712302859.0090787,21084546.74339084,53.72,5.817986607663564e-08,54.4,BID
220,1712302860.568842,21084546.74339084,53.72,0.0,54.4,BID
221,1712302890.5888028,21084546.74339084,53.72,0.0,54.4,BID
222,1712302895.153049,21121776.82529702,53.72,1.7166577555962028e-05,54.4,BID
223,1712302902.608909,21145236.34526078,53.72,1.081705030621128e-05,54.4,BID
224,1712302908.379532,21182727.68706428,53.73,1.7287042998419813e-05,54.4,BID
225,1712302920.4445798,21182727.68706428,53.73,0.0,54.4,BID
226,1712302936.914191,21185802.3434011,53.73,1.4142667717842155e-06,54.4,BID
227,1712302950.408728,21185802.3434011,53.73,0.0,54.4,BID
228,1712302952.5412636,21191902.8686891,53.73,-2.805879323802084e-06,54.4,ASK
229,1712302957.1683848,21205884.29863061,53.72,-6.4306274194503e-06,54.4,ASK
230,1712302957.1696925,21207177.8264441,53.73,-5.94945971910778e-07,54.4,ASK
231,1712302957.182222,21207272.71049266,53.72,-4.36410271970107e-08,54.4,ASK
232,1712302957.1844103,21244502.79239884,53.72,-1.7123626591546527e-05,54.4,ASK
233,1712302966.6888084,21253630.46381284,53.73,-4.198186760306454e-06,54.4,ASK
234,1712302966.6986442,21253630.46381345,53.73,-2.809996160895557e-16,54.4,ASK
235,1712302980.5687313,21253630.46381345,53.73,-0.0,54.4,ASK
236,1712302998.4384615,21258239.00867622,53.73,-2.1161103908857425e-06,54.4,ASK
237,1712303010.568452,21258239.00867622,53.73,-0.0,54.4,ASK
238,1712303015.9082117,21258616.36716678,53.73,-1.7325239637582624e-07,54.4,ASK
239,1712303037.858225,21259909.89497946,53.73,-5.938830023212475e-07,54.4,ASK
240,1712303040.4308052,21259909.89497946,53.73,-0.0,54.4,ASK
241,1712303049.2882714,21270617.28556654,53.73,-4.915762238359379e-06,54.4,ASK
242,1712303070.4003038,21270617.28556654,53.73,-0.0,54.4,ASK
243,1712303100.4378211,21270617.28556654,53.73,-0.0,54.4,ASK
244,1712303130.4199166,21270617.28556654,53.73,-0.0,54.4,ASK
245,1712303137.468036,21287355.5615825,53.74,-7.739692221181212e-06,54.4,ASK
246,1712303160.4481757,21287355.5615825,53.74,-0.0,54.4,ASK
247,1712303184.617658,21300267.54212547,53.74,-5.967950736736802e-06,54.4,ASK
248,1712303190.4376323,21300267.54212547,53.74,-0.0,54.4,ASK
249,1712303200.5079334,21300639.42612547,53.74,-1.718306356247409e-07,54.4,ASK
250,1712303202.9776351,21305738.46706734,53.74,-2.35603426369154e-06,54.4,ASK
251,1712303202.9805849,21328515.42612547,53.74,-1.052419397597531e-05,54.4,ASK
252,1712303218.1977444,21335587.35812547,53.74,-3.267617242624625e-06,54.4,ASK
253,1712303220.5881095,21335587.35812547,53.74,-0.0,54.4,ASK
254,1712303229.7880125,21336785.59012547,53.74,-5.531632237154261e-07,54.4,ASK
255,1712303246.372898,21341790.18591641,53.74,-2.3103692282511848e-06,54.4,ASK
256,1712303247.4088397,21360396.26691641,53.74,-8.589488301650945e-06,54.4,ASK
257,1712303250.597942,21360396.26691641,53.74,-0.0,54.4,ASK
258,1712303256.3496108,21376391.61591641,53.74,-7.379703036574615e-06,54.4,ASK
259,1712303280.3682327,21376391.61591641,53.74,-0.0,54.4,ASK
260,1712303310.4219365,21376391.61591641,53.74,-0.0,54.4,ASK
261,1712303325.5321655,21381074.98655621,53.74,-2.159889304845143e-06,54.4,ASK
262,1712303329.6688414,21384998.86555621,53.74,-1.80962493414101e-06,54.4,ASK
263,1712303340.579322,21384998.86555621,53.74,-0.0,54.4,ASK
264,1712303346.299114,21386197.88355621,53.74,-5.528483697821421e-07,54.4,ASK
265,1712303349.6088784,21389527.12555621,53.74,-1.53506120200923e-06,54.4,ASK
266,1712303350.919098,21389733.97425621,53.75,9.537468710865409e-08,54.4,BID
267,1712303351.03908,21433203.92493644,53.76,2.004331158338799e-05,54.4,BID
268,1712303354.3499792,21441712.65938051,53.76,3.923243826461852e-06,54.4,BID
269,1712303354.3689034,21449852.60469461,53.76,3.753200950292537e-06,54.4,BID
270,1712303354.448975,21459711.23564689,53.76,4.545659906903229e-06,54.4,BID
271,1712303355.3289542,21463089.20088882,53.76,1.5575267236886426e-06,54.4,BID
272,1712303359.4090517,21469283.72188882,53.76,-2.856196351042545e-06,54.4,ASK
273,1712303365.9190671,21471142.45794829,53.8,8.570340064394055e-07,54.4,BID
274,1712303370.5815294,21471142.45794829,53.8,0.0,54.4,BID
275,1712303373.3891609,21472071.82597802,53.8,4.276039364222473e-07,54.4,BID
276,1712303387.453025,21479494.05627624,53.74,-3.414981784427076e-06,54.4,ASK
277,1712303387.456175,21484809.5972404,53.74,-2.4456901547952964e-06,54.4,ASK
278,1712303387.4579432,21484810.43073741,53.76,-3.8349350434356615e-10,54.4,ASK
279,1712303387.4593873,21486790.57122866,53.74,-9.110662747623176e-07,54.4,ASK
280,1712303387.4608135,21486887.72896675,53.76,-4.470245363735342e-08,54.4,ASK
281,1712303387.4622557,21495454.4360636,53.74,-3.941557660272526e-06,54.4,ASK
282,1712303399.5892973,21519454.75806786,53.74,-1.1042592209053904e-05,54.4,ASK
283,1712303400.469102,21519454.75806786,53.74,-0.0,54.4,ASK
284,1712303407.2293286,21522245.97503846,53.74,-1.2844987040883317e-06,54.4,ASK
285,1712303430.4300196,21522245.97503846,53.74,-0.0,54.4,ASK
286,1712303460.589728,21522245.97503846,53.74,-0.0,54.4,ASK
287,1712303490.6018813,21522245.97503846,53.74,-0.0,54.4,ASK
288,1712303493.144251,21524732.74550275,53.75,-1.1443155410753744e-06,54.4,ASK
289,1712303520.439963,21524732.74550275,53.75,-0.0,54.4,ASK
290,1712303550.4200382,21524732.74550275,53.75,-0.0,54.4,ASK
291,1712303580.5802488,21524732.74550275,53.75,-0.0,54.4,ASK
292,1712303602.0505698,21524852.84782833,53.75,-5.526304376066948e-08,54.4,ASK
293,1712303602.0540955,21526652.84782833,53.76,-8.282394057822918e-07,54.4,ASK
294,1712303602.0607133,21527111.44863074,53.74,-2.110173644887038e-07,54.4,ASK
295,1712303602.0636036,21527219.51596704,53.76,-4.97253480019173e-08,54.4,ASK
296,1712303610.5706437,21527219.51596704,53.76,-0.0,54.4,ASK
297,1712303622.1170027,21527314.51596704,53.76,-4.370994671304473e-08,54.4,ASK
298,1712303630.570547,21552292.47116304,53.76,-1.1492474638082566e-05,54.4,ASK
299,1712303630.6104176,21566451.27551804,53.76,-6.514532461869518e-06,54.4,ASK
300,1712303640.4210238,21566451.27551804,53.76,-0.0,54.4,ASK
301,1712303652.3306713,21575084.68308586,53.76,-3.968420437150445e-06,54.4,ASK
302,1712303670.3905685,21575084.68308586,53.76,-0.0,54.4,ASK
303,1712303671.3807237,21603698.12177726,53.74,-1.3149609132455324e-05,54.4,ASK
304,1712303700.4608643,21603698.12177726,53.74,-0.0,54.4,ASK
305,1712303730.4208505,21603698.12177726,53.74,-0.0,54.4,ASK
306,1712303739.9809065,21603800.7812528,53.77,4.71501106405964e-08,54.4,BID
307,1712303760.580981,21603800.7812528,53.77,0.0,54.4,BID
308,1712303763.500952,21605443.72024452,53.77,7.545777769943398e-07,54.4,BID
309,1712303790.6109638,21605443.72024452,53.77,0.0,54.4,BID
310,1712303820.4034507,21605443.72024452,53.77,0.0,54.4,BID
311,1712303830.4210598,21624720.24784711,53.74,-8.853067140144056e-06,54.4,ASK
312,1712303850.4211264,21624720.24784711,53.74,-0.0,54.4,ASK
313,1712303880.5911682,21624720.24784711,53.74,-0.0,54.4,ASK
314,1712303910.6011992,21624720.24784711,53.74,-0.0,54.4,ASK
315,1712303940.411656,21624720.24784711,53.74,-0.0,54.4,ASK
316,1712303960.892282,21625182.02950974,53.77,2.1198008595919185e-07,54.4,BID
317,1712303970.3754368,21625182.02950974,53.77,0.0,54.4,BID
318,1712303990.2816658,21627040.6873112,53.76,8.532039740737383e-07,54.4,BID
319,1712304000.5512028,21627040.6873112,53.76,0.0,54.4,BID
320,1712304023.8666923,21629207.85758948,53.76,9.948618824960532e-07,54.4,BID
321,1712304030.409919,21629207.85758948,53.76,0.0,54.4,BID
322,1712304030.9916172,21632927.40380484,53.77,1.7074047592347316e-06,54.4,BID
323,1712304033.7117028,21655279.3630215,53.77,1.0260348799312924e-05,54.4,BID
324,1712304040.2514403,21655465.21804008,53.8,8.531410147242937e-08,54.4,BID
325,1712304050.8717265,21655576.65934765,53.74,-5.1155546377134993e-08,54.4,ASK
326,1712304060.6050756,21655576.65934765,53.74,-0.0,54.4,ASK
327,1712304090.591355,21655576.65934765,53.74,-0.0,54.4,ASK
328,1712304120.4361255,21655576.65934765,53.74,-0.0,54.4,ASK
329,1712304150.382134,21655576.65934765,53.74,-0.0,54.4,ASK
330,1712304180.5812588,21655576.65934765,53.74,-0.0,54.4,ASK
331,1712304180.6443846,21692785.96167323,53.75,-1.7069291261656434e-05,54.4,ASK
332,1712304180.6459458,21699976.66792368,53.75,-3.298644470460548e-06,54.4,ASK
333,1712304210.601218,21699976.66792368,53.75,-0.0,54.4,ASK
334,1712304240.3811672,21699976.66792368,53.75,-0.0,54.4,ASK
335,1712304270.4056284,21699976.66792368,53.75,-0.0,54.4,ASK
336,1712304295.2014048,21727836.64046717,53.76,-1.27664294831327e-05,54.4,ASK
337,1712304295.215487,21747841.8350425,53.75,-9.167091081788012e-06,54.4,ASK
338,1712304300.6113024,21747841.8350425,53.75,-0.0,54.4,ASK
339,1712304330.6048036,21747841.8350425,53.75,-0.0,54.4,ASK
340,1712304341.6713886,21757841.8350425,53.78,4.5839071375202496e-06,54.4,BID
341,1712304346.69127,21769867.8759345,53.8,5.512625468095488e-06,54.4,BID
342,1712304346.6929677,21769867.87593472,53.8,1.007506702518816e-16,54.4,BID
343,1712304347.9312706,21770053.0954198,53.9,8.49028919673978e-08,54.4,BID
344,1712304360.381384,21770053.0954198,53.9,0.0,54.4,BID
345,1712304365.1613078,21770596.47059265,53.76,-2.489417933637824e-07,54.4,ASK
346,1712304390.439123,21770596.47059265,53.76,-0.0,54.4,ASK
347,1712304417.9932702,21776311.68199358,53.77,-2.618330770444226e-06,54.4,ASK
348,1712304417.9968364,21790811.68199358,53.77,-6.642938206146568e-06,54.4,ASK
349,1712304420.5811613,21790811.68199358,53.77,-0.0,54.4,ASK
350,1712304425.441357,21800919.28769405,53.78,-4.62832967993713e-06,54.4,ASK
351,1712304450.5711365,21800919.28769405,53.78,-0.0,54.4,ASK
352,1712304480.4277036,21800919.28769405,53.78,-0.0,54.4,ASK
353,1712304510.39416,21800919.28769405,53.78,-0.0,54.4,ASK
354,1712304540.5811057,21800919.28769405,53.78,-0.0,54.4,ASK
355,1712304570.5810292,21800919.28769405,53.78,-0.0,54.4,ASK
356,1712304600.4694955,21800919.28769405,53.78,-0.0,54.4,ASK
357,1712304630.416605,21800919.28769405,53.78,-0.0,54.4,ASK
358,1712304660.5809803,21800919.28769405,53.78,-0.0,54.4,ASK
359,1712304690.5821917,21800919.28769405,53.78,-0.0,54.4,ASK
360,1712304692.781233,21817906.10944714,53.81,-7.812203429128844e-06,54.4,ASK
361,1712304720.411941,21817906.10944714,53.81,-0.0,54.4,ASK
362,1712304738.9110396,21830191.10783757,53.81,-5.647470746505784e-06,54.4,ASK
363,1712304750.4223552,21830191.10783757,53.81,-0.0,54.4,ASK
364,1712304780.5910065,21830191.10783757,53.81,-0.0,54.4,ASK
365,1712304796.641122,21831379.01076458,53.98,5.459185864546545e-07,54.4,BID
366,1712304810.5709765,21831379.01076458,53.98,0.0,54.4,BID
367,1712304813.4608798,21831777.59391404,53.98,1.8316945987009028e-07,54.4,BID
368,1712304820.2511718,21837353.80209247,53.98,2.5625544922110856e-06,54.4,BID
369,1712304820.2548954,21850267.316016,53.98,5.934423905293173e-06,54.4,BID
370,1712304820.4178138,21858982.89916006,53.98,-4.0052587750298965e-06,54.4,ASK
371,1712304831.8812304,21862795.11843944,53.99,1.7519108553824796e-06,54.4,BID
372,1712304831.885335,21864201.68250396,53.99,6.463885398080969e-07,54.4,BID
373,1712304831.8883438,21964201.45789716,54.0,4.5955040675338446e-05,54.4,BID
374,1712304837.081135,21964625.04349716,54.0,-1.946593719930069e-07,54.4,ASK
375,1712304840.3911412,21964625.04349716,54.0,-0.0,54.4,ASK
376,1712304870.425044,21964625.04349716,54.0,-0.0,54.4,ASK
377,1712304872.7310083,21970166.56682231,54.1,2.5382228252538136e-06,54.4,BID
378,1712304872.7344253,21970262.7514454,54.09,4.4056118046752896e-08,54.4,BID
379,1712304872.7381043,22014625.04349716,54.1,2.031957201286752e-05,54.4,BID
380,1712304883.7782009,22051130.00464202,54.09,-1.67206235860062e-05,54.4,ASK
381,1712304885.6507494,22069614.45164202,54.09,-8.466561004024053e-06,54.4,ASK
382,1712304887.760969,22071439.35221882,54.09,-8.358720203940249e-07,54.4,ASK
383,1712304900.458354,22071439.35221882,54.09,-0.0,54.4,ASK
384,1712304917.0310576,22082160.23946466,54.1,4.901869041635812e-06,54.4,BID
385,1712304930.4121642,22082160.23946466,54.1,0.0,54.4,BID
386,1712304939.2858632,22314016.21794206,54.1,0.0001059824900528,54.4,BID
387,1712304942.7470713,22333301.52277196,54.1,-8.815406187599929e-06,54.4,ASK
388,1712304948.5332932,22333455.12107829,54.17,7.021052931156339e-08,54.4,BID
389,1712304948.732675,22334219.92107829,54.17,-3.495937819883672e-07,54.4,ASK
390,1712304960.5707982,22334219.92107829,54.17,-0.0,54.4,ASK
391,1712304963.85085,22334224.5428938,54.17,-2.0995669957799486e-09,54.4,ASK
392,1712304963.8540275,22352678.42707829,54.17,-8.383105317181568e-06,54.4,ASK
393,1712304966.320837,22371132.51007829,54.17,-8.383195633740858e-06,54.4,ASK
394,1712304968.6919465,22389586.59307829,54.17,-8.38319563374255e-06,54.4,ASK
395,1712304970.110977,22389586.59307886,54.18,2.589218395065597e-16,54.4,BID
396,1712304970.114932,22393460.88783286,54.18,1.759988337842757e-06,54.4,BID
397,1712304970.3527565,22401649.73070704,54.17,-3.719971988215326e-06,54.4,ASK
398,1712304970.3564794,22401668.88783286,54.17,-8.702569158061111e-09,54.4,ASK
399,1712304982.0409229,22411985.71083286,54.17,-4.6866563636720975e-06,54.4,ASK
400,1712304990.590741,22411985.71083286,54.17,-0.0,54.4,ASK
401,1712305010.87403,22423591.65283286,54.17,-5.26219845159648e-06,54.4,ASK
402,1712305020.427692,22423591.65283286,54.17,-0.0,54.4,ASK
403,1712305047.0009377,22423687.14563256,54.28,4.328462641714724e-08,54.4,BID
404,1712305047.004857,22460885.24245708,54.31,1.6861017055583003e-05,54.4,BID
405,1712305047.008654,22465867.93476909,54.3,2.25853651738814e-06,54.4,BID
406,1712305047.011746,22560012.77301062,54.28,4.267362738405449e-05,54.4,BID
407,1712305050.393222,22560012.77301062,54.28,0.0,54.4,BID
408,1712305053.380682,22575913.10865662,54.28,-7.183131871221738e-06,54.4,ASK
409,1712305053.401007,22579519.05565662,54.28,-1.6290217639624097e-06,54.4,ASK
410,1712305053.460643,22589467.47127938,54.28,-4.494293889071648e-06,54.4,ASK
411,1712305053.4638045,22607202.57162641,54.28,-8.012004738662442e-06,54.4,ASK
412,1712305055.7512538,22625619.57162641,54.28,-8.32005956462768e-06,54.4,ASK
413,1712305055.830695,22704241.78230846,54.28,-3.551835130462929e-05,54.4,ASK
414,1712305058.1682274,22722672.05530846,54.18,-8.326055771969657e-06,54.4,ASK
415,1712305059.4912248,22742863.03264817,54.28,-9.12147114809212e-06,54.4,ASK
416,1712305064.430839,22745659.81684677,54.18,-1.2634745681581223e-06,54.4,ASK
417,1712305064.4340494,22748772.66364817,54.18,-1.4062589348542265e-06,54.4,ASK
418,1712305072.4405646,22759023.36064817,54.18,-4.630852452568577e-06,54.4,ASK
419,1712305076.1113622,22760465.52764817,54.19,-6.515130228666828e-07,54.4,ASK
420,1712305077.9443326,22774691.73964817,54.19,-6.4268301688131205e-06,54.4,ASK
421,1712305079.6706977,22793121.36164817,54.19,-8.325761676361684e-06,54.4,ASK
422,1712305080.6105807,22793121.36164817,54.19,-0.0,54.4,ASK
423,1712305081.4526083,22799018.75264817,54.19,-2.6490692273516487e-06,54.4,ASK
424,1712305083.6679354,22809738.20064817,54.19,-4.815105498512937e-06,54.4,ASK
425,1712305083.6697965,22809742.80864817,54.19,-2.069883275025103e-09,54.4,ASK
426,1712305110.337195,22809744.28517299,54.19,-6.632452334389627e-10,54.4,ASK
427,1712305110.4940934,22818459.86831704,54.19,3.914982592356105e-06,54.4,BID
428,1712305110.5718398,22818459.86831704,54.19,0.0,54.4,BID
429,1712305110.9406347,22821656.60364817,54.18,-1.435067346004291e-06,54.4,ASK
430,1712305112.1436627,22830371.88864817,54.18,-3.91243553785323e-06,54.4,ASK
431,1712305140.4118638,22830371.88864817,54.18,-0.0,54.4,ASK
432,1712305143.1083684,22830374.86831704,54.18,-1.337235188727143e-09,54.4,ASK
433,1712305143.1103098,22846691.12748567,54.18,-7.322516983076998e-06,54.4,ASK
434,1712305146.6654031,22848564.48829496,54.18,-8.407390566475027e-07,54.4,ASK
435,1712305170.400671,22848564.48829496,54.18,-0.0,54.4,ASK
436,1712305173.760827,22862764.48829496,54.11,-6.369950623360622e-06,54.4,ASK
437,1712305173.7701068,22876964.48829496,54.14,-6.369950623360622e-06,54.4,ASK
438,1712305173.7734456,22899216.68137138,54.18,-9.982068391428602e-06,54.4,ASK
439,1712305173.776975,23181723.17676252,54.1,-0.0001267290441141,54.4,ASK
440,1712305173.779992,23202650.40544469,54.18,-9.387705168252482e-06,54.4,ASK
441,1712305173.7818987,23209822.09179195,54.19,-3.217132951991727e-06,54.4,ASK
442,1712305183.154218,23216098.05599198,54.1,2.8153226808575e-06,54.4,BID
443,1712305188.2905638,23234582.34434687,54.1,8.29183127666196e-06,54.4,BID
444,1712305188.3335738,23245552.75562921,54.1,4.921195646934955e-06,54.4,BID
445,1712305191.242118,23245728.10233663,54.1,7.865844142430248e-08,54.4,BID
446,1712305199.6505046,23247321.73144675,54.09,-7.148830100997208e-07,54.4,ASK
447,1712305199.6604135,23259732.10233663,54.09,-5.567144351135641e-06,54.4,ASK
448,1712305200.521936,23259732.10233663,54.09,-0.0,54.4,ASK
449,1712305202.6709154,23273854.84177195,54.1,6.2734161373251255e-06,54.4,BID
450,1712305213.2104795,23277551.69944292,54.1,1.6421691185818722e-06,54.4,BID
451,1712305230.3779347,23277551.69944292,54.1,0.0,54.4,BID
452,1712305236.9506629,23277908.96934292,54.1,1.5863376768979017e-07,54.4,BID
453,1712305237.0304873,23394457.25771171,54.1,5.1749375196888615e-05,54.4,BID
454,1712305237.130515,23420921.92333437,54.1,1.1750750954264068e-05,54.4,BID
455,1712305259.3442311,23430718.59616252,54.1,4.349885399096255e-06,54.4,BID
456,1712305259.4306283,23440124.77217501,54.1,4.1764983291567095e-06,54.4,BID
457,1712305259.4348607,23512132.81212146,54.1,3.197276535361998e-05,54.4,BID
458,1712305259.593015,23526132.81212146,54.19,6.216232455203212e-06,54.4,BID
459,1712305260.5604196,23526132.81212146,54.19,0.0,54.4,BID
460,1712305262.701259,23527982.81212146,54.27,8.165544172065833e-07,54.4,BID
461,1712305268.1404953,23532108.77002146,54.27,1.8211184586246047e-06,54.4,BID
462,1712305289.2306988,23538200.41962146,54.27,2.6887369670021914e-06,54.4,BID
463,1712305290.383271,23538648.32943044,54.1,-1.9769877461162209e-07,54.4,ASK
464,1712305290.5905235,23538648.32943044,54.1,-0.0,54.4,ASK
465,1712305320.4140773,23538648.32943044,54.1,-0.0,54.4,ASK
466,1712305350.422407,23538648.32943044,54.1,-0.0,54.4,ASK
467,1712305380.5109937,23538648.32943044,54.1,-0.0,54.4,ASK
468,1712305410.3856025,23538648.32943044,54.1,-0.0,54.4,ASK
469,1712305419.191297,23547885.86553209,54.11,-4.076048925559696e-06,54.4,ASK
470,1712305419.1935666,23567885.86553209,54.12,-8.824969950226098e-06,54.4,ASK
471,1712305419.1956704,23585838.12804623,54.11,-7.921408861292998e-06,54.4,ASK
472,1712305435.6614363,23591314.68075691,54.12,2.4165206551299646e-06,54.4,BID
473,1712305435.6888833,23602183.26937823,54.14,4.7957483992251824e-06,54.4,BID
474,1712305435.692988,23611589.44539072,54.14,4.150461032838065e-06,54.4,BID
475,1712305435.6963823,23660984.7836064,54.14,2.179561877173107e-05,54.4,BID
476,1712305435.69984,23667252.34400517,54.14,2.7655516090196583e-06,54.4,BID
477,1712305440.591381,23667252.34400517,54.14,0.0,54.4,BID
478,1712305470.5842202,23667252.34400517,54.14,0.0,54.4,BID
479,1712305498.5415702,23668174.00299134,54.25,4.054354591270876e-07,54.4,BID
480,1712305500.394546,23668174.00299134,54.25,0.0,54.4,BID
481,1712305517.3117602,23677385.98686115,54.25,4.053259458616802e-06,54.4,BID
482,1712305520.941886,23679310.18605187,54.25,8.466448357137105e-07,54.4,BID
483,1712305530.421895,23679310.18605187,54.25,0.0,54.4,BID
484,1712305560.5919092,23679310.18605187,54.25,0.0,54.4,BID
485,1712305589.9819665,23679647.05627105,54.23,1.481830148248356e-07,54.4,BID
486,1712305590.101977,23686991.85575092,54.23,-3.230842230176677e-06,54.4,ASK
487,1712305590.5822136,23686991.85575092,54.23,-0.0,54.4,ASK
488,1712305599.9935455,23688868.94845092,54.23,-8.255472844801033e-07,54.4,ASK
489,1712305620.4526362,23688868.94845092,54.23,-0.0,54.4,ASK
490,1712305621.172361,23693902.63470037,54.25,2.213721240864473e-06,54.4,BID
491,1712305621.1770835,23712956.40052785,54.25,8.379490504669746e-06,54.4,BID
492,1712305626.2120638,23716905.00235121,54.25,-1.7365213672272417e-06,54.4,ASK
493,1712305626.3135004,23716985.52909608,54.25,-3.5414159076966294e-08,54.4,ASK
494,1712305650.426437,23716985.52909608,54.25,-0.0,54.4,ASK
495,1712305675.4520946,23720039.04309608,54.25,-1.3419782411050325e-06,54.4,ASK
496,1712305680.6031995,23720039.04309608,54.25,-0.0,54.4,ASK
497,1712305699.8823855,23773407.09299878,54.25,-2.345283110123248e-05,54.4,ASK
498,1712305710.5821626,23773407.09299878,54.25,-0.0,54.4,ASK
499,1712305711.5322423,23805189.90654789,54.31,1.394935329306337e-05,54.4,BID
500,1712305711.535714,23808169.17395315,54.27,1.3075888805838652e-06,54.4,BID
501,1712305711.5421846,23808440.81275315,54.28,1.192212131702486e-07,54.4,BID
502,1712305711.5455506,23809440.81275315,54.28,4.388961119351409e-07,54.4,BID
503,1712305731.5321655,23810451.74842566,54.28,4.436957360813582e-07,54.4,BID
504,1712305731.6999907,23811219.63962563,54.28,-3.370244620571315e-07,54.4,ASK
505,1712305731.7074103,23829978.96764504,54.25,-8.23339613023516e-06,54.4,ASK
506,1712305740.1015403,23830145.58169344,54.25,-7.312625803610819e-08,54.4,ASK
507,1712305740.1038043,23841122.28688922,54.25,-4.817633232286471e-06,54.4,ASK
508,1712305740.3879378,23841122.28688922,54.25,-0.0,54.4,ASK
509,1712305770.416982,23841122.28688922,54.25,-0.0,54.4,ASK
510,1712305784.8738155,23855722.28688922,54.16,-6.3975626237302025e-06,54.4,ASK
511,1712305784.876195,23866895.58341346,54.16,-4.896018097761548e-06,54.4,ASK
512,1712305792.43238,23880259.12721486,54.16,-5.855760845508442e-06,54.4,ASK
513,1712305798.4169033,23885168.62721486,54.16,-2.1512899795344814e-06,54.4,ASK
514,1712305800.4665823,23885168.62721486,54.16,-0.0,54.4,ASK
515,1712305803.315354,23895961.00061341,54.16,-4.724558886168618e-06,54.4,ASK
516,1712305813.9138837,23899682.20061341,54.16,-1.6290233740031142e-06,54.4,ASK
517,1712305830.4062512,23899682.20061341,54.16,-0.0,54.4,ASK
518,1712305832.6948872,23908929.20061341,54.16,-4.046650917460361e-06,54.4,ASK
519,1712305839.9224396,23944962.92036778,54.16,-1.5768993738892412e-05,54.4,ASK
520,1712305860.612822,23944962.92036778,54.16,-0.0,54.4,ASK
521,1712305890.592888,23944962.92036778,54.16,-0.0,54.4,ASK
522,1712305896.543008,23954497.62166648,54.16,-4.168080851299396e-06,54.4,ASK
523,1712305905.8732817,23982357.59420997,54.16,-1.2178946611792828e-05,54.4,ASK
524,1712305907.453137,23985647.47994369,54.16,-1.4381687795036026e-06,54.4,ASK
525,1712305918.6929417,23989156.90826621,54.16,-1.5341415039504247e-06,54.4,ASK
526,1712305918.70292,24003610.07994369,54.16,-6.31818304760887e-06,54.4,ASK
527,1712305920.364683,24003610.07994369,54.16,-0.0,54.4,ASK
528,1712305929.223006,24019850.63385869,54.2,-7.089690367283034e-06,54.4,ASK
529,1712305929.3239,24021699.57763027,54.2,-8.071423496786186e-07,54.4,ASK
530,1712305935.4034312,24040093.98013441,54.31,8.029936597488087e-06,54.4,BID
531,1712305950.4247513,24040093.98013441,54.31,0.0,54.4,BID
532,1712305965.1229868,24056875.73946141,54.2,-7.319624484813967e-06,54.4,ASK
533,1712305967.612988,24073995.51802341,54.2,-7.467056814202458e-06,54.4,ASK
534,1712305967.9585211,24079490.06202341,54.2,-2.3965305431698765e-06,54.4,ASK
535,1712305968.3831604,24083212.28625541,54.2,-1.623505801486499e-06,54.4,ASK
536,1712305971.013008,24094083.01015178,54.2,-4.741434747636363e-06,54.4,ASK
537,1712305976.9812362,24107524.81015178,54.2,-5.86284944759294e-06,54.4,ASK
538,1712305980.4532824,24107524.81015178,54.2,-0.0,54.4,ASK
539,1712305980.4633982,24112906.41015178,54.2,-2.343532497078032e-06,54.4,ASK
540,1712305984.2431762,24118407.11015178,54.2,-2.3953971322045137e-06,54.4,ASK
541,1712305991.656175,24130026.48013441,54.2,-5.059902473215939e-06,54.4,ASK
542,1712306010.3914676,24130026.48013441,54.2,-0.0,54.4,ASK
543,1712306040.6031256,24130026.48013441,54.2,-0.0,54.4,ASK
544,1712306047.5130613,24134449.58013441,54.2,-1.925110809492602e-06,54.4,ASK
545,1712306070.5977185,24134449.58013441,54.2,-0.0,54.4,ASK
546,1712306080.3932843,24140672.22736688,54.2,-2.708063496324616e-06,54.4,ASK
547,1712306100.413648,24140672.22736688,54.2,-0.0,54.4,ASK
548,1712306130.3758175,24140672.22736688,54.2,-0.0,54.4,ASK
549,1712306160.565501,24140672.22736688,54.2,-0.0,54.4,ASK
550,1712306163.8913124,24141902.03657396,54.2,5.351351108294671e-07,54.4,BID
551,1712306190.5955043,24141902.03657396,54.2,0.0,54.4,BID
552,1712306208.3527892,24146508.27274027,54.22,-2.004284237576085e-06,54.4,ASK
553,1712306220.407511,24146508.27274027,54.22,-0.0,54.4,ASK
554,1712306250.4127784,24146508.27274027,54.22,-0.0,54.4,ASK
555,1712306280.582661,24146508.27274027,54.22,-0.0,54.4,ASK
556,1712306310.6033432,24146508.27274027,54.22,-0.0,54.4,ASK
557,1712306336.7629328,24151697.87274027,54.2,-2.257874515988481e-06,54.4,ASK
558,1712306336.842848,24152988.12965959,54.2,-5.613608403755988e-07,54.4,ASK
559,1712306336.8466957,24158817.59632113,54.2,-2.536265649934266e-06,54.4,ASK
560,1712306340.386313,24158817.59632113,54.2,-0.0,54.4,ASK
561,1712306359.6936452,24160596.42319361,54.2,-7.737017069430934e-07,54.4,ASK
562,1712306370.3826458,24160596.42319361,54.2,-0.0,54.4,ASK
563,1712306385.1230445,24174143.36701399,54.22,5.892003437241647e-06,54.4,BID
564,1712306385.1289291,24185252.34224861,54.22,4.831652152284523e-06,54.4,BID
565,1712306385.152656,24185252.34224932,54.22,3.0784732494023324e-16,54.4,BID
566,1712306389.6528523,24187281.11392029,54.22,-8.823783295504198e-07,54.4,ASK
567,1712306391.4028926,24190076.26598721,54.2,-1.2157019180318622e-06,54.4,ASK
568,1712306391.407986,24196854.43365923,54.2,-2.948044057114834e-06,54.4,ASK
569,1712306397.8528426,24222868.11916423,54.22,1.13141920748352e-05,54.4,BID
570,1712306400.4726813,24222868.11916423,54.22,0.0,54.4,BID
571,1712306430.382872,24222868.11916423,54.22,0.0,54.4,BID
572,1712306439.312813,24222868.11916498,54.22,3.269524159559642e-16,54.4,BID
573,1712306439.3177948,24224776.54778835,54.22,8.291803119373077e-07,54.4,BID
574,1712306442.0230875,24235211.12060955,54.2,-4.533647337322443e-06,54.4,ASK
575,1712306442.0281568,24237130.61304135,54.2,-8.339873516189375e-07,54.4,ASK
576,1712306445.5527997,24240778.61304135,54.2,-1.5849949748733886e-06,54.4,ASK
577,1712306446.822735,24247641.71304135,54.2,-2.981902141462696e-06,54.4,ASK
578,1712306447.582653,24258419.90070135,54.2,-4.682942236662363e-06,54.4,ASK
579,1712306447.622728,24264555.90070135,54.2,-2.665989354666424e-06,54.4,ASK
580,1712306458.372902,24291761.20594737,54.21,-1.1820250028737655e-05,54.4,ASK
581,1712306460.5948331,24291761.20594737,54.21,-0.0,54.4,ASK
582,1712306468.512848,24299561.28741037,54.21,-3.3835151676259145e-06,54.4,ASK
583,1712306469.742792,24310508.62065937,54.21,-4.748728365048304e-06,54.4,ASK
584,1712306476.5570598,24328318.41919837,54.21,-7.725524890336715e-06,54.4,ASK
585,1712306476.6336064,24374357.76953684,54.2,-1.9970924780304933e-05,54.4,ASK
586,1712306476.6376247,24386933.9494272,54.2,-5.4552885904655424e-06,54.4,ASK
587,1712306476.641583,24440701.11050984,54.2,-2.332309039414712e-05,54.4,ASK
588,1712306478.2928417,24441588.37535675,54.22,3.8487727102087083e-07,54.4,BID
589,1712306490.6128492,24441588.37535675,54.22,0.0,54.4,BID
590,1712306493.539135,24450984.93132545,54.22,4.061724445467221e-06,54.4,BID
591,1712306493.5927627,24451588.37535675,54.22,-2.608427365897594e-07,54.4,ASK
592,1712306510.1828787,24453472.43854087,54.16,-8.143989688597858e-07,54.4,ASK
593,1712306517.07688,24471943.07023647,54.14,-7.984054639927108e-06,54.4,ASK
594,1712306520.4327495,24471943.07023647,54.14,-0.0,54.4,ASK
595,1712306541.952815,24495048.43068009,54.1,-9.980353899882872e-06,54.4,ASK
596,1712306541.9580607,24496222.02403839,54.1,-5.069333187410832e-07,54.4,ASK
597,1712306550.3696065,24496222.02403839,54.1,-0.0,54.4,ASK
598,1712306551.3353465,24504296.91496844,54.1,-3.485969043121052e-06,54.4,ASK
599,1712306551.3407435,24515688.32901649,54.1,-4.917727938728528e-06,54.4,ASK
600,1712306551.3455188,24525352.67652111,54.09,-4.172145049996713e-06,54.4,ASK
601,1712306551.347838,24525537.31463041,54.1,-7.970915505570566e-08,54.4,ASK
602,1712306551.3501704,24536144.00327094,54.09,-4.578958226334507e-06,54.4,ASK
603,1712306551.352515,24540573.7008117,54.09,-1.912321619108856e-06,54.4,ASK
604,1712306551.373093,24540757.39485535,54.06,-7.930159739878938e-08,54.4,ASK
605,1712306551.3782012,24540879.85185553,54.07,-5.286527278729613e-08,54.4,ASK
606,1712306566.6927829,24545653.94099923,54.07,2.060997121595473e-06,54.4,BID
607,1712306580.478148,24545653.94099923,54.07,0.0,54.4,BID
608,1712306583.5027933,24571402.17285623,54.07,-1.1102818655639995e-05,54.4,ASK
609,1712306583.603062,24571402.17285703,54.07,-3.4536984572091637e-16,54.4,ASK
610,1712306610.2806537,24572292.38800468,54.07,-3.838670322580557e-07,54.4,ASK
611,1712306610.3928792,24572292.38800468,54.07,-0.0,54.4,ASK
612,1712306640.5726342,24572292.38800468,54.07,-0.0,54.4,ASK
613,1712306640.6926486,24576580.64520755,54.07,1.8479789116314683e-06,54.4,BID
614,1712306640.815826,24586156.77675955,54.07,-4.126732219153166e-06,54.4,ASK
615,1712306661.4327233,24586156.77675999,54.07,-1.894341675646534e-16,54.4,ASK
616,1712306670.5866044,24586156.77675999,54.07,-0.0,54.4,ASK
617,1712306693.8426902,24586341.72220108,54.07,7.967453513809666e-08,54.4,BID
618,1712306700.467863,24586341.72220108,54.07,0.0,54.4,BID
619,1712306711.9928737,24591706.60091308,54.05,-2.3123860460844103e-06,54.4,ASK
620,1712306712.0726416,24593107.48449051,54.05,-6.038130236547553e-07,54.4,ASK
621,1712306722.8826537,24597006.34363689,54.05,-1.68049791425211e-06,54.4,ASK
622,1712306730.3930418,24597006.34363689,54.05,-0.0,54.4,ASK
623,1712306760.6005208,24597006.34363689,54.05,-0.0,54.4,ASK
624,1712306760.8526366,24598783.82363145,54.01,-7.659444361500667e-07,54.4,ASK
625,1712306764.4826756,24598878.12874176,54.01,-4.063757384775777e-08,54.4,ASK
626,1712306777.8031173,24684911.76959538,54.01,-3.707326593558646e-05,54.4,ASK
627,1712306781.252757,24685836.2099284,54.05,3.983560612753953e-07,54.4,BID
628,1712306790.5957377,24685836.2099284,54.05,0.0,54.4,BID
629,1712306793.5477226,24688617.75051246,54.01,-1.1961372138280777e-06,54.4,ASK
630,1712306820.412404,24688617.75051246,54.01,-0.0,54.4,ASK
631,1712306850.43246,24688617.75051246,54.01,-0.0,54.4,ASK
632,1712306854.8470263,24695167.35051246,54.01,-2.8163220972738314e-06,54.4,ASK
633,1712306855.6882484,24702077.95051246,54.01,-2.971551771928104e-06,54.4,ASK
634,1712306880.6024785,24702077.95051246,54.01,-0.0,54.4,ASK
635,1712306910.5720942,24702077.95051246,54.01,-0.0,54.4,ASK
636,1712306940.4146545,24702077.95051246,54.01,-0.0,54.4,ASK
637,1712306970.4241812,24702077.95051246,54.01,-0.0,54.4,ASK
638,1712306973.982634,24706852.03965616,54.01,-2.0522125012915474e-06,54.4,ASK
639,1712307000.4467745,24706852.03965616,54.01,-0.0,54.4,ASK
640,1712307009.3625226,24765259.97748794,54.05,2.520170278873804e-05,54.4,BID
641,1712307009.3724267,24774211.2592005,54.05,3.8622753973588445e-06,54.4,BID
642,1712307017.2025504,24784999.33825406,54.07,4.654811863967999e-06,54.4,BID
643,1712307030.3957314,24784999.33825406,54.07,0.0,54.4,BID
644,1712307058.4791076,24788805.43825406,54.07,-1.6392582761382938e-06,54.4,ASK
645,1712307060.582496,24788805.43825406,54.07,-0.0,54.4,ASK
646,1712307065.054844,24790729.63744478,54.07,-8.286644849803228e-07,54.4,ASK
647,1712307070.6028883,24792377.65223849,54.07,-7.09724511295062e-07,54.4,ASK
648,1712307084.7925436,24809935.58130749,54.07,-7.561396096333359e-06,54.4,ASK
649,1712307084.8724685,24958845.85146604,54.07,-6.412883495860189e-05,54.4,ASK
650,1712307086.99245,24975675.28690039,54.05,-7.247667244621049e-06,54.4,ASK
651,1712307090.5843115,24975675.28690039,54.05,-0.0,54.4,ASK
652,1712307098.2431676,24975675.2869004,54.05,-4.792084510734374e-18,54.4,ASK
653,1712307120.4130814,24975675.2869004,54.05,-0.0,54.4,ASK
654,1712307150.4222834,24975675.2869004,54.05,-0.0,54.4,ASK
655,1712307180.5943367,24975675.2869004,54.05,-0.0,54.4,ASK
656,1712307181.1023593,24985100.97767628,54.01,-4.041627466250475e-06,54.4,ASK
657,1712307192.2824936,24987009.4063004,54.02,-8.183121776452872e-07,54.4,ASK
658,1712307210.599574,24987009.4063004,54.02,-0.0,54.4,ASK
659,1712307229.0548668,25003951.53514156,54.02,-7.262682988835419e-06,54.4,ASK
660,1712307229.0597355,25020868.73961629,54.02,-7.251998512651887e-06,54.4,ASK
661,1712307240.3948605,25020868.73961629,54.02,-0.0,54.4,ASK
662,1712307249.3925457,25021064.22527023,54.01,-8.373434157300702e-08,54.4,ASK
663,1712307249.3982484,25040868.73961629,54.01,-8.48306735308797e-06,54.4,ASK
664,1712307270.4282544,25040868.73961629,54.01,-0.0,54.4,ASK
665,1712307272.7724144,25041082.45020187,54.01,-9.149847463535525e-08,54.4,ASK
666,1712307274.9036832,25041245.96409075,54.0,-7.000716119754832e-08,54.4,ASK
667,1712307274.9112484,25098494.33422974,54.0,-2.451043091234646e-05,54.4,ASK
668,1712307274.9138598,25099936.64697003,54.01,-6.175146417096819e-07,54.4,ASK
669,1712307274.9165282,25100151.36919225,54.0,-9.193159875634596e-08,54.4,ASK
670,1712307275.1023226,25100369.50553904,53.98,-9.339332883207124e-08,54.4,ASK
671,1712307281.82224,25103837.69736905,54.0,1.4848785394906404e-06,54.4,BID
672,1712307300.4223197,25103837.69736905,54.0,0.0,54.4,BID
673,1712307330.402368,25103837.69736905,54.0,0.0,54.4,BID
674,1712307334.5324247,25109161.37709648,53.99,2.2825582276519203e-06,54.4,BID
675,1712307360.592569,25109161.37709648,53.99,0.0,54.4,BID
676,1712307367.5927367,25113098.67162354,53.99,-1.6879296060887748e-06,54.4,ASK
677,1712307380.2740262,25123025.76585179,53.99,4.255774145201406e-06,54.4,BID
678,1712307390.592635,25123025.76585179,53.99,0.0,54.4,BID
679,1712307420.126933,25123581.73323503,53.96,-2.3826837246133925e-07,54.4,ASK
680,1712307420.1296215,25123678.72545148,53.96,-4.156750602880119e-08,54.4,ASK
681,1712307420.1321795,25127417.17030782,53.95,-1.6021680377365088e-06,54.4,ASK
682,1712307420.1347382,25132745.06603378,53.96,-2.283351652507743e-06,54.4,ASK
683,1712307420.1373074,25139027.20593118,53.9,-2.692307667755761e-06,54.4,ASK
684,1712307420.402769,25139027.20593118,53.9,-0.0,54.4,ASK
685,1712307424.9330106,25143183.84274706,53.9,-1.7807320084752806e-06,54.4,ASK
686,1712307434.1129415,25152666.49096,53.9,-4.0624321887789e-06,54.4,ASK
687,1712307434.653082,25161841.67258563,53.9,-3.930711372693701e-06,54.4,ASK
688,1712307450.389852,25161841.67258563,53.9,-0.0,54.4,ASK
689,1712307468.8930964,25165156.0195244,53.9,-1.419141569207722e-06,54.4,ASK
690,1712307468.9029958,25169454.58922487,53.9,-1.8405674067242017e-06,54.4,ASK
691,1712307469.0129726,25176072.84154301,53.9,2.8338122573440828e-06,54.4,BID
692,1712307469.033091,25181877.31021142,53.9,2.4853652700459024e-06,54.4,BID
693,1712307469.0932462,25186137.83435143,53.9,1.8242770070253127e-06,54.4,BID
694,1712307480.593611,25186137.83435143,53.9,0.0,54.4,BID
695,1712307491.21307,25196109.97349799,53.9,-4.267491157643017e-06,54.4,ASK
696,1712307492.983121,25199926.61887145,53.81,-1.6333005530432816e-06,54.4,ASK
697,1712307492.9890406,25200034.67349798,53.82,-4.6241047830797465e-08,54.4,ASK
698,1712307504.7930007,25213701.35971386,53.9,5.8485407918400486e-06,54.4,BID
699,1712307510.5829864,25213701.35971386,53.9,0.0,54.4,BID
700,1712307523.635361,25236479.17007366,53.9,9.741376068533438e-06,54.4,BID
701,1712307530.9832928,25237570.09263757,53.98,4.665543697499993e-07,54.4,BID
702,1712307540.4056106,25237570.09263757,53.98,0.0,54.4,BID
703,1712307570.4330914,25237570.09263757,53.98,0.0,54.4,BID
704,1712307600.4932556,25237570.09263757,53.98,0.0,54.4,BID
705,1712307617.003219,25249295.45858161,53.97,5.022863679828533e-06,54.4,BID
706,1712307630.407328,25249295.45858161,53.97,0.0,54.4,BID
707,1712307660.583351,25249295.45858161,53.97,0.0,54.4,BID
708,1712307683.9134586,25298176.0907293,53.82,-2.0933607900574992e-05,54.4,ASK
709,1712307683.9198143,25304634.08218229,53.82,-2.765697884054748e-06,54.4,ASK
710,1712307683.9934776,25306969.55882798,53.82,1.0001906729474085e-06,54.4,BID
711,1712307683.9996717,25321481.91141179,53.82,6.215056666747259e-06,54.4,BID
712,1712307690.5932922,25321481.91141179,53.82,0.0,54.4,BID
713,1712307720.388286,25321481.91141179,53.82,0.0,54.4,BID
714,1712307728.8838353,25325198.0020844,53.82,-1.5888086142955957e-06,54.4,ASK
715,1712307728.8900352,25325383.84114777,53.81,-7.945519384900356e-08,54.4,ASK
716,1712307728.8961432,25325554.35068853,53.8,-7.290108101347718e-08,54.4,ASK
717,1712307728.8998196,25340441.70085493,53.81,-6.365062715703036e-06,54.4,ASK
718,1712307728.902548,25355141.70085493,53.79,-6.284961452172463e-06,54.4,ASK
719,1712307728.9053607,25400283.42781613,53.8,-1.9300273050042945e-05,54.4,ASK
720,1712307729.003532,25402380.75864206,53.79,8.967104349261412e-07,54.4,BID
721,1712307729.033476,25452886.14347429,53.79,2.1593496380795782e-05,54.4,BID
722,1712307736.6335063,25505082.92613559,53.8,-2.231665081317656e-05,54.4,ASK
723,1712307736.636623,25560824.28622477,53.82,-2.3832129214433934e-05,54.4,ASK
724,1712307736.6934664,25584290.3755368,53.8,1.0032888895192727e-05,54.4,BID
725,1712307750.3834832,25584290.3755368,53.8,0.0,54.4,BID
726,1712307780.5634544,25584290.3755368,53.8,0.0,54.4,BID
727,1712307794.5842144,25617466.55852964,53.8,1.4099188200665875e-05,54.4,BID
728,1712307804.8639026,25636074.67166696,53.8,-7.90806131130151e-06,54.4,ASK
729,1712307810.598238,25636074.67166696,53.8,-0.0,54.4,ASK
730,1712307840.396001,25636074.67166696,53.8,-0.0,54.4,ASK
731,1712307862.793703,25636472.22404967,53.93,1.6875169914430844e-07,54.4,BID
732,1712307866.383844,25636583.47938065,53.93,4.72252889388833e-08,54.4,BID
733,1712307870.4167385,25636583.47938065,53.93,0.0,54.4,BID
734,1712307900.5836363,25636583.47938065,53.93,0.0,54.4,BID
735,1712307930.574081,25636583.47938065,53.93,0.0,54.4,BID
736,1712307939.4037416,25641199.71381859,53.93,1.96039590182159e-06,54.4,BID
737,1712307960.409458,25641199.71381859,53.93,0.0,54.4,BID
738,1712307990.378034,25641199.71381859,53.93,0.0,54.4,BID
739,1712307998.0837128,25649633.23115967,53.93,3.581119048338011e-06,54.4,BID
740,1712308020.5945325,25649633.23115967,53.93,0.0,54.4,BID
741,1712308040.435994,25650566.93797572,53.81,-3.964027680408168e-07,54.4,ASK
742,1712308050.6137476,25650566.93797572,53.81,-0.0,54.4,ASK
743,1712308080.3645437,25650566.93797572,53.81,-0.0,54.4,ASK
744,1712308110.5000527,25650566.93797572,53.81,-0.0,54.4,ASK
745,1712308117.712895,25656142.10987685,53.81,-2.366874051232232e-06,54.4,ASK
746,1712308125.534015,25659087.19724009,53.8,-1.2503024090181382e-06,54.4,ASK
747,1712308125.540401,25683101.37700853,53.81,-1.0194939270667731e-05,54.4,ASK
748,1712308129.5970569,25691210.91232451,53.8,-3.442808409738029e-06,54.4,ASK
749,1712308129.6082797,25705874.26980947,53.8,-6.225156990775867e-06,54.4,ASK
750,1712308140.6049478,25705874.26980947,53.8,-0.0,54.4,ASK
751,1712308154.32894,25705988.14371685,53.77,-4.828283776167473e-08,54.4,ASK
752,1712308154.3326051,25706143.60087199,53.75,-6.591424474069434e-08,54.4,ASK
753,1712308154.3354783,25706314.35208061,53.78,-7.239896384541266e-08,54.4,ASK
754,1712308154.3382638,25706466.26370851,53.75,-6.441093181721566e-08,54.4,ASK
755,1712308154.341077,25707517.20880119,53.74,-4.456034975346936e-07,54.4,ASK
756,1712308170.5739212,25707517.20880119,53.74,-0.0,54.4,ASK
757,1712308192.5540514,25707886.28058565,53.74,-1.5648155337122328e-07,54.4,ASK
758,1712308200.4938014,25707886.28058565,53.74,-0.0,54.4,ASK
759,1712308230.4505036,25707886.28058565,53.74,-0.0,54.4,ASK
760,1712308240.41475,25711607.90321311,53.74,-1.578566839760302e-06,54.4,ASK
761,1712308240.4213412,25756703.39270129,53.74,-1.9127743851180323e-05,54.4,ASK
762,1712308240.42773,25769703.39270129,53.7,-5.514091827975762e-06,54.4,ASK
763,1712308240.4322305,25784003.39270129,53.74,-6.0655010107733375e-06,54.4,ASK
764,1712308240.4350607,25814810.51246289,53.7,-1.3067175947762706e-05,54.4,ASK
765,1712308240.4378772,25824111.83659841,53.73,-3.945258108078627e-06,54.4,ASK
766,1712308240.4407356,25927746.79196986,53.7,-4.395789696202682e-05,54.4,ASK
767,1712308260.5944743,25927746.79196986,53.7,-0.0,54.4,ASK
768,1712308271.970103,25937746.79196986,53.7,-4.220468564493124e-06,54.4,ASK
769,1712308290.5847378,25937746.79196986,53.7,-0.0,54.4,ASK
770,1712308316.434703,26086256.54664056,53.7,-6.266387302316256e-05,54.4,ASK
771,1712308316.441219,26106698.48577595,53.7,-8.625501275439912e-06,54.4,ASK
772,1712308316.7145417,26114603.99355059,53.7,3.335738695899958e-06,54.4,BID
773,1712308316.79451,26114712.09375546,53.69,-4.561301395170004e-08,54.4,ASK
774,1712308316.8003297,26116574.63799088,53.69,-7.859028231993853e-07,54.4,ASK
775,1712308317.074505,26259943.58454875,53.7,6.049470273846894e-05,54.4,BID
776,1712308317.079568,26265084.42469858,53.69,2.169183802745507e-06,54.4,BID
777,1712308317.2151728,26375839.15949908,53.7,4.673309610969193e-05,54.4,BID
778,1712308317.2975488,26423471.5376339,53.7,2.009854034066752e-05,54.4,BID
779,1712308317.303822,26429058.1298126,53.7,2.3572694177188364e-06,54.4,BID
780,1712308317.39453,26430276.16308173,53.7,5.139506309481758e-07,54.4,BID
781,1712308317.6772738,26430944.30516839,53.77,2.819233724588997e-07,54.4,BID
782,1712308320.411128,26430944.30516839,53.77,0.0,54.4,BID
783,1712308350.4146397,26430944.30516839,53.77,0.0,54.4,BID
784,1712308375.2244728,26443828.07592719,53.7,-5.376242047184738e-06,54.4,ASK
785,1712308376.0485687,26448504.89591879,53.7,1.95158053932142e-06,54.4,BID
786,1712308378.975335,26458504.89591829,53.68,-4.172879312715294e-06,54.4,ASK
787,1712308378.9804697,26458599.32214779,53.68,-3.940292596749235e-08,54.4,ASK
788,1712308379.0826583,26458599.32214829,53.68,-2.0830550340256182e-16,54.4,ASK
789,1712308379.202816,26458692.45063991,53.68,3.88613956130988e-08,54.4,BID
790,1712308379.207664,26460660.63211931,53.68,8.212983779459953e-07,54.4,BID
791,1712308380.589017,26460660.63211931,53.68,0.0,54.4,BID
792,1712308386.3645625,26465186.35884121,53.77,1.887274623096541e-06,54.4,BID
793,1712308389.0392568,26465303.01121772,53.65,-4.864524162411482e-08,54.4,ASK
794,1712308389.0459652,26465386.38027725,53.65,-3.4765755881675245e-08,54.4,ASK
795,1712308389.794559,26466321.71250911,53.65,-3.900431673906128e-07,54.4,ASK
796,1712308410.56457,26466321.71250911,53.65,-0.0,54.4,ASK
797,1712308415.2248423,26598669.80180011,53.68,5.518351373780822e-05,54.4,BID
798,1712308415.231516,26666322.21227769,53.68,2.8208172426101e-05,54.4,BID
799,1712308430.4847264,26671296.80905188,53.68,2.074194881837795e-06,54.4,BID
800,1712308430.524657,26686196.80905188,53.76,6.212665094737136e-06,54.4,BID
801,1712308439.1301138,26686785.99496842,53.68,-2.456654213434528e-07,54.4,ASK
802,1712308439.1845198,26703757.39980228,53.68,7.076352645634651e-06,54.4,BID
803,1712308440.4045956,26703757.39980228,53.68,0.0,54.4,BID
804,1712308470.450956,26703757.39980228,53.68,0.0,54.4,BID
805,1712308500.4424458,26703757.39980228,53.68,0.0,54.4,BID
806,1712308504.288317,26704287.63638946,53.68,-2.2012191322147386e-07,54.4,ASK
807,1712308504.2936358,26706757.39980228,53.68,-1.0252952375911406e-06,54.4,ASK
808,1712308530.4275367,26706757.39980228,53.68,-0.0,54.4,ASK
809,1712308536.2142396,26708873.77838404,53.83,8.785326610303526e-07,54.4,BID
810,1712308536.217364,26710990.1569658,53.85,8.785326610288063e-07,54.4,BID
811,1712308536.2203546,26731620.56751754,53.83,8.563916511136684e-06,54.4,BID
812,1712308536.2233574,26734506.84019904,53.83,1.1981244004195757e-06,54.4,BID
813,1712308536.284042,26751629.17004529,53.85,-7.107672574507456e-06,54.4,ASK
814,1712308560.3974264,26751629.17004529,53.85,-0.0,54.4,ASK
815,1712308590.4113832,26751629.17004529,53.85,-0.0,54.4,ASK
816,1712308590.9831765,26765529.17004529,53.71,-5.764266415603699e-06,54.4,ASK
817,1712308591.1140196,26768694.5185852,53.71,1.3126555598770069e-06,54.4,BID
818,1712308592.79625,26768806.4590852,53.7,-4.6421213286905294e-08,54.4,ASK
819,1712308592.810861,26803386.5947162,53.68,-1.4340224062214891e-05,54.4,ASK
820,1712308592.894231,26803386.59471689,53.68,-2.873441173078045e-16,54.4,ASK
821,1712308604.844729,26804410.74386356,53.66,-4.2470996623820666e-07,54.4,ASK
822,1712308620.5849097,26804410.74386356,53.66,-0.0,54.4,ASK
823,1712308633.247928,26818910.74386356,53.91,6.0060255851044185e-06,54.4,BID
824,1712308633.38439,26827050.68917766,53.91,-3.3716358495051247e-06,54.4,ASK
825,1712308633.3909593,26846033.23968993,53.91,-7.862736830844676e-06,54.4,ASK
826,1712308633.4840982,26860133.23968993,53.82,-5.840342120687744e-06,54.4,ASK
827,1712308650.5844505,26860133.23968993,53.82,-0.0,54.4,ASK
828,1712308680.3876371,26860133.23968993,53.82,-0.0,54.4,ASK
829,1712308685.704303,26874533.23968993,53.86,5.957195415005484e-06,54.4,BID
830,1712308685.711095,26875894.0063504,53.87,5.629411743505055e-07,54.4,BID
831,1712308698.7341838,26888042.77189708,53.87,5.025872945323312e-06,54.4,BID
832,1712308703.454331,26892224.26822652,53.86,1.729860469554859e-06,54.4,BID
833,1712308710.409347,26892224.26822652,53.86,0.0,54.4,BID
834,1712308720.872264,26901242.77189708,53.86,3.728235954119525e-06,54.4,BID
835,1712308720.875433,26907062.60836762,53.86,2.4059117087657e-06,54.4,BID
836,1712308740.5940547,26907062.60836762,53.86,0.0,54.4,BID
837,1712308746.8759856,26907266.84156479,53.86,8.44018137111406e-08,54.4,BID
838,1712308770.5841928,26907266.84156479,53.86,0.0,54.4,BID
839,1712308785.2365346,26921634.7929409,53.87,5.93770092019083e-06,54.4,BID
840,1712308785.2397966,26925489.70346398,53.86,1.5930806808129708e-06,54.4,BID
841,1712308785.242875,26939980.17125683,53.87,5.9883320659520266e-06,54.4,BID
842,1712308785.245979,26948795.67466367,53.89,3.6430957566977457e-06,54.4,BID
843,1712308787.2641332,26955491.26642778,53.68,-2.7670208743250418e-06,54.4,ASK
844,1712308788.934445,26958839.06230983,53.68,-1.3835104371602117e-06,54.4,ASK
845,1712308790.611694,26960512.96025086,53.68,-6.917552185808756e-07,54.4,ASK
846,1712308792.2447042,26961349.90922137,53.68,-3.45877609289668e-07,54.4,ASK
847,1712308793.934203,26961768.38370663,53.68,-1.7293880464637353e-07,54.4,ASK
848,1712308795.4870925,26961977.62094926,53.68,-8.646940232395653e-08,54.4,ASK
849,1712308800.4540892,26961977.62094926,53.68,-0.0,54.4,ASK
850,1712308830.3840425,26961977.62094926,53.68,-0.0,54.4,ASK
851,1712308851.8242772,26976677.62094926,53.69,-6.076499378865235e-06,54.4,ASK
852,1712308851.831772,26996905.96713293,53.68,-8.361736940172417e-06,54.4,ASK
853,1712308851.8365283,26996926.67984625,53.67,-8.561958477716223e-09,54.4,ASK
854,1712308851.8395517,27006226.67984625,53.68,-3.844315933567802e-06,54.4,ASK
855,1712308851.8425891,27009326.67984625,53.68,-1.2814386445226006e-06,54.4,ASK
856,1712308851.8456223,27023226.67984625,53.67,-5.745805535117467e-06,54.4,ASK
857,1712308860.6040454,27023226.67984625,53.67,-0.0,54.4,ASK
858,1712308890.752071,27023226.67984625,53.67,-0.0,54.4,ASK
859,1712308909.1973195,27028848.22003264,53.7,-2.32060699499908e-06,54.4,ASK
860,1712308920.5344732,27028848.22003264,53.7,-0.0,54.4,ASK
861,1712308950.414457,27028848.22003264,53.7,-0.0,54.4,ASK
862,1712308950.729045,27037426.67984625,53.7,-3.54080069290735e-06,54.4,ASK
863,1712308950.7323692,27081095.89095764,53.7,-1.802467766027336e-05,54.4,ASK
864,1712308950.8053143,27085249.79927684,53.7,1.714545708026417e-06,54.4,BID
865,1712308950.83264,27085249.79927685,53.7,4.612894653588599e-18,54.4,BID
866,1712308950.8841188,27093389.74459085,53.74,-3.359801716656009e-06,54.4,ASK
867,1712308950.9042122,27093389.74459094,53.74,-3.8440788779904985e-17,54.4,ASK
868,1712308962.2743497,27093585.19744914,53.88,8.067411059521263e-08,54.4,BID
869,1712308971.6943364,27107785.19744914,53.9,5.8611185377958166e-06,54.4,BID
870,1712308971.7000124,27122787.49718289,53.91,6.192271625285523e-06,54.4,BID
871,1712308971.7054791,27123368.46843215,53.93,2.397986872510021e-07,54.4,BID
872,1712308971.710717,27137768.46843215,53.92,5.943669503116884e-06,54.4,BID
873,1712308971.7139,27150680.46772545,53.94,5.329490029433284e-06,54.4,BID
874,1712308980.5810804,27150680.46772545,53.94,0.0,54.4,BID
875,1712309010.5974555,27150680.46772545,53.94,0.0,54.4,BID
876,1712309019.5642352,27165380.46772545,53.98,6.051123624958593e-06,54.4,BID
877,1712309019.5711873,27178980.46772545,54.0,5.598318455744004e-06,54.4,BID
878,1712309019.5782187,27183504.30567653,53.99,1.862197462672178e-06,54.4,BID
879,1712309019.5812902,27348507.77410865,54.2,6.792220313127171e-05,54.4,BID
880,1712309040.398185,27348507.77410865,54.2,0.0,54.4,BID
881,1712309070.4219308,27348507.77410865,54.2,0.0,54.4,BID
882,1712309083.922403,27349507.77410865,54.16,4.098333403933457e-07,54.4,BID
883,1712309085.2520027,27363007.77410865,54.16,5.532750095310167e-06,54.4,BID
884,1712309085.3940513,27396078.61719465,54.16,-1.355353409155978e-05,54.4,ASK
885,1712309085.4204044,27396078.61719523,54.16,-2.3817271404475693e-16,54.4,ASK
886,1712309085.4375718,27404218.56250933,54.07,3.336020978697533e-06,54.4,BID
887,1712309085.4945347,27404218.56251023,54.08,-3.6794630823581037e-16,54.4,ASK
888,1712309085.5015616,27410178.61719523,54.08,-2.442629120480695e-06,54.4,ASK
889,1712309090.3775682,27412028.61719522,53.83,-7.581916797231093e-07,54.4,ASK
890,1712309100.5842178,27412028.61719522,53.83,-0.0,54.4,ASK
891,1712309116.8440976,27423537.14696042,53.79,-4.721753237270967e-06,54.4,ASK
892,1712309129.3641727,27427537.14696042,54.09,1.6411316940062543e-06,54.4,BID
893,1712309130.5942311,27427537.14696042,54.09,0.0,54.4,BID
894,1712309140.8879137,27427883.40782194,54.08,1.4201624221879628e-07,54.4,BID
895,1712309160.3868046,27427883.40782194,54.08,0.0,54.4,BID
896,1712309183.4659877,27442683.40782194,54.02,6.070060107579459e-06,54.4,BID
897,1712309183.5848906,27505745.06936436,54.02,-2.586405919232028e-05,54.4,ASK
898,1712309183.8643217,27507625.06936436,53.94,-7.710616893411746e-07,54.4,ASK
899,1712309183.9243193,27515552.01436436,53.94,-3.2511508526674504e-06,54.4,ASK
900,1712309190.3928735,27515552.01436436,53.94,-0.0,54.4,ASK
901,1712309203.4882884,27516843.56321298,53.94,5.286880739577321e-07,54.4,BID
902,1712309203.584918,27538772.77328398,53.94,-8.976595696135984e-06,54.4,ASK
903,1712309203.5916524,27538772.77328412,53.94,-5.642226581874468e-17,54.4,ASK
904,1712309220.6168656,27538772.77328412,53.94,-0.0,54.4,ASK
905,1712309250.6035645,27538772.77328412,53.94,-0.0,54.4,ASK
906,1712309275.474513,27548043.83297112,53.94,-3.793110040403431e-06,54.4,ASK
907,1712309275.4943316,27548043.83297118,53.94,-2.5910459073364552e-17,54.4,ASK
908,1712309278.8046434,27549910.49963784,54.0,7.637176670656714e-07,54.4,BID
909,1712309280.3508763,27549910.49963784,54.0,0.0,54.4,BID
910,1712309282.6844296,27551001.01815635,54.0,4.460590504482982e-07,54.4,BID
911,1712309286.2346206,27552091.53667486,54.0,4.460590504482982e-07,54.4,BID
912,1712309310.3755524,27552091.53667486,54.0,0.0,54.4,BID
913,1712309340.5949342,27552091.53667486,54.0,0.0,54.4,BID
914,1712309370.6155825,27552091.53667486,54.0,0.0,54.4,BID
915,1712309372.654469,27558548.03116329,53.98,2.640797948310745e-06,54.4,BID
916,1712309372.914394,27573117.22516329,53.98,-5.959007274409768e-06,54.4,ASK
917,1712309372.9343312,27579355.83916482,53.99,2.551681734580732e-06,54.4,BID
918,1712309373.2544348,27581257.17047739,53.99,-7.776715117303911e-07,54.4,ASK
919,1712309374.0844612,27587175.73804339,53.98,-2.420778196781748e-06,54.4,ASK
920,1712309376.7752678,27605695.75804339,53.98,-7.574951222574483e-06,54.4,ASK
921,1712309385.5532131,27622891.12704339,53.98,-7.033150149360803e-06,54.4,ASK
922,1712309396.3345494,27641213.49573082,53.99,7.494109028463726e-06,54.4,BID
923,1712309399.7320766,27641412.20673082,53.99,-8.127562132130198e-08,54.4,ASK
924,1712309399.80821,27641416.50681368,53.99,-1.758794963899466e-09,54.4,ASK
925,1712309399.8185277,27679268.87867782,53.98,-1.5482157715251844e-05,54.4,ASK
926,1712309399.8319657,27699684.89336582,53.98,-8.350439979058801e-06,54.4,ASK
927,1712309400.52646,27699684.89336582,53.98,-0.0,54.4,ASK
928,1712309410.1280406,27709892.34036582,53.98,-4.16774292992861e-06,54.4,ASK
929,1712309418.2744598,27712732.25616807,54.08,1.1595493962815285e-06,54.4,BID
930,1712309418.2846005,27713435.73695437,54.0,2.872341216595807e-07,54.4,BID
931,1712309418.2908037,27715341.84659406,54.03,7.782724685711323e-07,54.4,BID
932,1712309418.2966373,27717247.95623375,54.06,7.782724685696112e-07,54.4,BID
933,1712309430.4248223,27717247.95623375,54.06,0.0,54.4,BID
934,1712309430.9146264,27721539.60123375,53.98,-1.7516180145814142e-06,54.4,ASK
935,1712309436.9045446,27731621.03323375,53.98,-4.114696789687737e-06,54.4,ASK
936,1712309441.8045747,27737138.50923375,53.98,-2.251936112288236e-06,54.4,ASK
937,1712309451.4445658,27782900.33786527,53.98,-1.867751023469248e-05,54.4,ASK
938,1712309451.4517658,27787138.50923375,53.98,-1.7297929623519725e-06,54.4,ASK
939,1712309451.5445576,27789976.01455082,53.98,-1.1581166265732977e-06,54.4,ASK
940,1712309451.5520227,27796956.96051185,53.98,-2.849245616577763e-06,54.4,ASK
941,1712309458.404663,27800795.63114323,53.98,-1.5667383089643015e-06,54.4,ASK
942,1712309458.4176471,27801314.64751185,53.98,-2.1183448797318642e-07,54.4,ASK
943,1712309460.574587,27801314.64751185,53.98,-0.0,54.4,ASK
944,1712309469.5673823,27807563.44975022,53.98,-2.545709043191984e-06,54.4,ASK
945,1712309469.5709598,27807564.82982472,53.98,-5.622306489391988e-10,54.4,ASK
946,1712309487.6407762,27824535.40643161,53.98,6.913669002210893e-06,54.4,BID
947,1712309487.6443372,27838935.40643161,54.01,5.866437890590298e-06,54.4,BID
948,1712309487.647766,27852612.8028194,54.05,5.572055306524347e-06,54.4,BID
949,1712309490.5766969,27852612.8028194,54.05,0.0,54.4,BID
950,1712309520.444867,27852612.8028194,54.05,0.0,54.4,BID
951,1712309533.9236991,27855925.93859777,53.91,-1.3482217326844182e-06,54.4,ASK
952,1712309544.0336878,27856792.59590241,53.92,-3.526707901727575e-07,54.4,ASK
953,1712309550.4089787,27856792.59590241,53.92,-0.0,54.4,ASK
954,1712309571.2206116,27866792.59590241,54.0,4.068949189222508e-06,54.4,BID
955,1712309576.4945488,27960758.19330581,54.0,3.823412413693716e-05,54.4,BID
956,1712309577.1145072,28064733.79070921,54.0,-4.2307142275348885e-05,54.4,ASK
957,1712309578.6045043,28073589.88037596,54.0,-3.603497886920539e-06,54.4,ASK
958,1712309580.43451,28086179.74412096,54.04,5.122751587764047e-06,54.4,BID
959,1712309580.4381344,28086179.74412096,54.04,0.0,54.4,BID
960,1712309580.4542732,28086179.74412112,54.04,6.487045977580744e-17,54.4,BID
961,1712309580.4983213,28086281.8607197,54.05,4.135373490760632e-08,54.4,BID
962,1712309580.5099034,28087281.8607197,54.08,4.049658476941519e-07,54.4,BID
963,1712309580.5135489,28180791.57367092,54.09,3.786824017292785e-05,54.4,BID
964,1712309580.5249023,28181512.78138065,54.18,2.920644915342343e-07,54.4,BID
965,1712309580.5283742,28195812.78138065,54.16,5.791011622026372e-06,54.4,BID
966,1712309580.5318809,28196461.86831941,54.17,2.628580423826212e-07,54.4,BID
967,1712309580.5354233,28207390.23177122,54.19,4.425613969171494e-06,54.4,BID
968,1712309580.538926,28211463.21021911,54.19,1.6494171697905023e-06,54.4,BID
969,1712309592.625051,28226063.21021911,54.01,-5.9125013763346175e-06,54.4,ASK
970,1712309592.6330693,28230074.34355889,54.0,-1.6243720131573055e-06,54.4,ASK
971,1712309610.4143603,28230074.34355889,54.0,-0.0,54.4,ASK
972,1712309628.1945336,28238930.43322565,54.03,-3.5741619523608048e-06,54.4,ASK
973,1712309640.6014311,28238930.43322565,54.03,-0.0,54.4,ASK
974,1712309666.9144576,28247130.43322565,54.03,-3.3087367511358224e-06,54.4,ASK
975,1712309666.919148,28252774.34355889,54.03,-2.277343114597755e-06,54.4,ASK
976,1712309666.9265964,28252959.46018236,54.02,-7.469538723528976e-08,54.4,ASK
977,1712309666.930157,28265130.43322565,54.01,-4.911042171391931e-06,54.4,ASK
978,1712309670.5956116,28265130.43322565,54.01,-0.0,54.4,ASK
979,1712309700.4144876,28265130.43322565,54.01,-0.0,54.4,ASK
980,1712309718.114488,28267859.46018236,54.01,-1.1051961320755104e-06,54.4,ASK
981,1712309718.119798,28330520.89759454,54.01,-2.537650941407236e-05,54.4,ASK
982,1712309718.2157795,28420322.59088954,54.0,-3.636771847907216e-05,54.4,ASK
983,1712309718.2945683,28422599.44274417,54.0,-9.220751216318368e-07,54.4,ASK
984,1712309730.4112954,28422599.44274417,54.0,-0.0,54.4,ASK
985,1712309731.1644833,28423292.85015157,54.0,2.7985102321756424e-07,54.4,BID
986,1712309746.3787518,28436699.44274417,54.0,5.410742104662868e-06,54.4,BID
987,1712309752.1150177,28451599.44274417,53.84,-6.0134636599587546e-06,54.4,ASK
988,1712309752.1218927,28508158.17231326,53.84,-2.282643388705851e-05,54.4,ASK
989,1712309752.1280272,28523058.17231326,53.85,-6.0134636599587546e-06,54.4,ASK
990,1712309752.194798,28527306.02917593,53.84,1.714384756802692e-06,54.4,BID
991,1712309752.2025166,28624776.70973893,53.84,3.933801311926464e-05,54.4,BID
992,1712309752.2144575,28633986.0505003,53.84,3.716780939643029e-06,54.4,BID
993,1712309752.2181015,28902627.33691685,53.84,0.0001084204438543,54.4,BID
994,1712309752.221595,28904904.18877162,53.84,9.189104622669366e-07,54.4,BID
995,1712309752.2745595,28913271.71295308,53.84,3.37703373080741e-06,54.4,BID
996,1712309760.5845957,28913271.71295308,53.84,0.0,54.4,BID
997,1712309763.0586536,28914584.2754415,53.85,-5.241457826687407e-07,54.4,ASK
998,1712309790.594435,28914584.2754415,53.85,-0.0,54.4,ASK
999,1712309794.00463,28927271.71295308,53.85,-5.066333396483023e-06,54.4,ASK
1000,1712309794.0845878,28944584.2754415,53.85,6.913233143709892e-06,54.4,BID
1201,1712309820.404667,28944584.2754415,53.85,0.0,54.4,BID
1202,1712309838.974615,28944683.2754415,54.15,3.950708357652535e-08,54.4,BID
1203,1712309850.4156249,28944683.2754415,54.15,0.0,54.4,BID
1204,1712309861.7168698,28944886.41486901,54.15,8.10649411254788e-08,54.4,BID
1205,1712309880.6053696,28944886.41486901,54.15,0.0,54.4,BID
1206,1712309892.1969085,28959486.41486901,54.15,5.8262591343560704e-06,54.4,BID
1207,1712309892.2946737,28968201.99801307,54.15,-3.478030541392244e-06,54.4,ASK
1208,1712309892.2973833,28982345.32994453,54.15,-5.644021702457588e-06,54.4,ASK
1209,1712309892.314431,28990485.27525863,54.15,-3.248317173934585e-06,54.4,ASK
1210,1712309892.3776932,29163285.27525863,54.15,-6.895736838470746e-05,54.4,ASK
1211,1712309892.3984013,29249719.13030163,54.15,-3.449219434670371e-05,54.4,ASK
1212,1712309892.4004076,29263623.36757657,54.15,-5.548608865025993e-06,54.4,ASK
1213,1712309892.4625242,29333164.31654605,54.15,-2.7750930763371247e-05,54.4,ASK
1214,1712309893.174547,29335044.31654605,54.06,-7.502306282595489e-07,54.4,ASK
1215,1712309910.5960035,29335044.31654605,54.06,-0.0,54.4,ASK
1216,1712309934.4146905,29353051.38837494,53.88,-7.125804559298214e-06,54.4,ASK
1217,1712309934.4173791,29367651.38837494,53.89,-5.77754937362093e-06,54.4,ASK
1218,1712309934.4195664,29381951.38837494,53.88,-5.658832605669815e-06,54.4,ASK
1219,1712309940.414406,29381951.38837494,53.88,-0.0,54.4,ASK
1220,1712309949.4645867,29382818.04567958,53.89,-3.4261316938098735e-07,54.4,ASK
1221,1712309970.4159906,29382818.04567958,53.89,-0.0,54.4,ASK
1222,1712310000.4598987,29382818.04567958,53.89,-0.0,54.4,ASK
1223,1712310030.0470889,29397718.04567958,53.9,-5.942180908445095e-06,54.4,ASK
1224,1712310030.1950898,29406433.62882363,53.9,3.475810185539619e-06,54.4,BID
1225,1712310030.217497,29467006.70065828,53.9,2.4156788659176502e-05,54.4,BID
1226,1712310030.4144337,29467006.70065828,53.9,0.0,54.4,BID
1227,1712310031.24458,29481006.70065828,53.97,5.573171568783075e-06,54.4,BID
1228,1712310032.2146442,29485498.99365828,54.16,1.7883085447307575e-06,54.4,BID
1229,1712310041.2846696,29516458.74779122,54.17,1.2324572965015937e-05,54.4,BID
1230,1712310041.2875607,29530758.74779122,54.15,5.692596673828427e-06,54.4,BID
1231,1712310041.2904427,29554816.50478196,54.16,9.57700051924966e-06,54.4,BID
1232,1712310060.5849202,29554816.50478196,54.16,0.0,54.4,BID
1233,1712310076.5846915,29558716.50478196,54.16,1.5495942149925616e-06,54.4,BID
1234,1712310076.587581,29569216.50478196,54.16,4.171984424979973e-06,54.4,BID
1235,1712310076.6850202,29577932.08792601,54.16,-3.462978774437616e-06,54.4,ASK
1236,1712310076.6872182,29584505.64806113,54.16,-2.6118848095604107e-06,54.4,ASK
1237,1712310090.5649407,29584505.64806113,54.16,-0.0,54.4,ASK
1238,1712310104.2547357,29621555.54710564,54.16,1.471170568981788e-05,54.4,BID
1239,1712310104.2579615,29623208.21332207,54.16,6.562376580406856e-07,54.4,BID
1240,1712310111.0946248,29633208.21332207,54.16,3.9707815862450645e-06,54.4,BID
1241,1712310120.399824,29633208.21332207,54.16,0.0,54.4,BID
1242,1712310128.7446916,29635455.54710564,54.16,8.914334862276624e-07,54.4,BID
1243,1712310128.9047785,29635455.54710607,54.16,-1.6993362639685018e-16,54.4,ASK
1244,1712310128.9078102,29642208.21332207,54.16,-2.6785308129428305e-06,54.4,ASK
1245,1712310139.8896234,29642467.08447741,54.17,1.0268453141040124e-07,54.4,BID
1246,1712310150.384482,29642467.08447741,54.17,0.0,54.4,BID
1247,1712310171.3247478,29642658.3256325,54.16,7.584314682744434e-08,54.4,BID
1248,1712310171.3277037,29644817.54373511,54.16,8.563109520545629e-07,54.4,BID
1249,1712310171.3852775,29661152.38830811,54.16,-6.478134974450586e-06,54.4,ASK
1250,1712310171.4246976,29661152.38830878,54.16,-2.6445278094703963e-16,54.4,ASK
1251,1712310180.564508,29661152.38830878,54.16,-0.0,54.4,ASK
1252,1712310189.8216784,29661852.46130878,54.16,-2.77526238230056e-07,54.4,ASK
1253,1712310192.084637,29661852.46216402,54.16,-3.3903717977056226e-13,54.4,ASK
1254,1712310192.0872078,29685075.09879622,54.16,-9.206027066168296e-06,54.4,ASK
1255,1712310210.5768578,29685075.09879622,54.16,-0.0,54.4,ASK
1256,1712310214.104885,29725592.6099199,53.94,-1.6053896974602202e-05,54.4,ASK
1257,1712310214.1120844,29739692.6099199,53.95,-5.586718953465034e-06,54.4,ASK
1258,1712310214.1177592,29754392.6099199,53.94,-5.824451674889078e-06,54.4,ASK
1259,1712310232.2349582,29759508.19029004,54.0,-2.026901405095878e-06,54.4,ASK
1260,1712310232.3145337,29769224.72552703,54.0,3.849897274503045e-06,54.4,BID
1261,1712310232.3745265,29777364.67084103,54.04,-3.225218919567369e-06,54.4,ASK
1262,1712310232.3988469,29777364.67084113,54.04,-3.9853053033657286e-17,54.4,ASK
1263,1712310240.649535,29777364.67084113,54.04,-0.0,54.4,ASK
1264,1712310247.837529,29779549.21226124,54.08,8.638571002035194e-07,54.4,BID
1265,1712310269.8545182,29784140.09359572,54.08,1.8154224042057085e-06,54.4,BID
1266,1712310270.404402,29784140.09359572,54.08,0.0,54.4,BID
1267,1712310300.447507,29784140.09359572,54.08,0.0,54.4,BID
1268,1712310319.9046185,29786574.0116025,54.08,9.623511926194378e-07,54.4,BID
1269,1712310330.3944616,29786574.0116025,54.08,0.0,54.4,BID
1270,1712310337.9147096,29787028.12587722,54.08,-1.7954371088797382e-07,54.4,ASK
1271,1712310337.9178216,29840067.58065192,54.08,-2.097027348361334e-05,54.4,ASK
1272,1712310360.5657947,29840067.58065192,54.08,-0.0,54.4,ASK
1273,1712310376.2148015,29865407.68493273,54.09,1.0007301552713688e-05,54.4,BID
1274,1712310390.574677,29865407.68493273,54.09,0.0,54.4,BID
1275,1712310420.3969803,29865407.68493273,54.09,0.0,54.4,BID
1276,1712310450.403494,29865407.68493273,54.09,0.0,54.4,BID
1277,1712310480.5645173,29865407.68493273,54.09,0.0,54.4,BID
1278,1712310498.5158658,29867601.45537994,54.19,8.658940448546463e-07,54.4,BID
1279,1712310498.5203538,29887099.83196628,54.2,7.696123444420358e-06,54.4,BID
1280,1712310498.521799,29888079.11798489,54.22,3.865299274144368e-07,54.4,BID
1281,1712310498.523211,29890022.41427724,54.19,7.670304288555494e-07,54.4,BID
1282,1712310498.52461,29894512.00215024,54.22,1.7720666298645304e-06,54.4,BID
1283,1712310499.2445817,29904292.22915024,54.19,-3.86031288159491e-06,54.4,ASK
1284,1712310506.3145635,29919099.65515024,54.12,-5.844577772179608e-06,54.4,ASK
1285,1712310510.5838175,29919099.65515024,54.12,-0.0,54.4,ASK
1286,1712310540.3845315,29919099.65515024,54.12,-0.0,54.4,ASK
1287,1712310570.4045537,29919099.65515024,54.12,-0.0,54.4,ASK
1288,1712310600.4444363,29919099.65515024,54.12,-0.0,54.4,ASK
1289,1712310630.4099822,29919099.65515024,54.12,-0.0,54.4,ASK
1290,1712310646.224764,29920821.30355113,54.2,-6.787918166929071e-07,54.4,ASK
1291,1712310646.2278976,29933937.99529134,54.19,-5.171499018456949e-06,54.4,ASK
1292,1712310660.575635,29933937.99529134,54.19,-0.0,54.4,ASK
1293,1712310690.574677,29933937.99529134,54.19,-0.0,54.4,ASK
1294,1712310694.045082,29953140.84232474,54.22,-7.568679105155164e-06,54.4,ASK
1295,1712310700.245151,29954140.84232474,54.31,3.941435919366922e-07,54.4,BID
1296,1712310700.2491918,30046652.77518409,54.31,3.646298551419031e-05,54.4,BID
1297,1712310700.5446155,30065874.82506459,54.31,-7.576247784285414e-06,54.4,ASK
1298,1712310700.646046,30080301.84293288,54.31,-5.686316643543286e-06,54.4,ASK
1299,1712310711.5346298,30131236.64140198,54.29,2.007562442318266e-05,54.4,BID
1300,1712310711.5447314,30137949.37711092,54.3,2.6457817640436142e-06,54.4,BID
1301,1712310712.5763988,30166001.53770525,54.3,1.105657933823386e-05,54.4,BID
1302,1712310712.654637,30172466.04585283,54.3,2.547944461390676e-06,54.4,BID
1303,1712310712.7345736,30172714.27341419,54.3,9.783730265293892e-08,54.4,BID
1304,1712310720.4204242,30172714.27341419,54.3,0.0,54.4,BID
1305,1712310741.5846703,30173861.79509673,54.25,-4.499888817299649e-07,54.4,ASK
1306,1712310744.3146737,30174163.16747816,54.3,1.1818009451820017e-07,54.4,BID
1307,1712310744.3971486,30174486.52014074,54.3,1.2679943678086317e-07,54.4,BID
1308,1712310746.6247072,30174787.89252217,54.3,1.1818009451820017e-07,54.4,BID
1309,1712310750.4045942,30174787.89252217,54.3,0.0,54.4,BID
1310,1712310765.384658,30178460.09252217,54.3,-1.4399520940204635e-06,54.4,ASK
1311,1712310771.3047955,30193055.7398681,54.35,5.723281128304797e-06,54.4,BID
1312,1712310771.504583,30211449.6078681,54.35,-7.212648751087196e-06,54.4,ASK
1313,1712310771.5245566,30258673.52518697,54.3,-1.8517558583728828e-05,54.4,ASK
1314,1712310771.5266094,30308164.96380052,54.35,-1.94067046096834e-05,54.4,ASK
1315,1712310771.5286105,30317373.43507133,54.3,-3.610848398544197e-06,54.4,ASK
1316,1712310777.7847843,30326373.52716272,54.3,3.52913824230032e-06,54.4,BID
1317,1712310780.5870793,30326373.52716272,54.3,0.0,54.4,BID
1318,1712310781.1446636,30326678.78318882,54.36,1.193124578534071e-07,54.4,BID
1319,1712310781.884777,30337160.78318882,54.36,-4.096997524328017e-06,54.4,ASK
1320,1712310785.3977404,30337272.0385198,54.36,-4.348529055453477e-08,54.4,ASK
1321,1712310785.98493,30338740.32260054,54.36,-5.738939366344477e-07,54.4,ASK
1322,1712310786.8647654,30345372.12140205,54.36,2.592106780350528e-06,54.4,BID
1323,1712310786.8682518,30345556.0125385,54.38,7.187574229886696e-08,54.4,BID
1324,1712310787.00487,30362858.89099979,54.38,-6.763008034693218e-06,54.4,ASK
1325,1712310787.0076363,30368720.75349579,54.38,-2.2911692553007405e-06,54.4,ASK
1326,1712310790.4767046,30383242.39260179,54.36,-5.675932023132408e-06,54.4,ASK
1327,1712310790.5590758,30383242.39260265,54.36,-3.3489564777202613e-16,54.4,ASK
1328,1712310800.867285,30409842.39260265,54.3,-1.0396883624034082e-05,54.4,ASK
1329,1712310801.9046545,30423868.10557865,54.36,-5.482094193819144e-06,54.4,ASK
1330,1712310803.6781695,30428233.67257865,54.36,-1.7063267688699604e-06,54.4,ASK
1331,1712310805.1346345,30428327.43981527,54.39,3.6649888980727785e-08,54.4,BID
1332,1712310810.5848732,30428327.43981527,54.39,0.0,54.4,BID
1333,1712310840.4509218,30428327.43981527,54.39,0.0,54.4,BID
1334,1712310862.7926967,30429412.14226454,54.39,4.2305087026708923e-07,54.4,BID
1335,1712310862.7998197,30436886.07418529,54.39,2.9149499989776977e-06,54.4,BID
1336,1712310863.434945,30455269.02418529,54.39,-7.16963716714462e-06,54.4,ASK
1337,1712310863.9146326,30561917.17769292,54.39,-4.159444295913817e-05,54.4,ASK
1338,1712310863.994845,30595634.17769292,54.39,-1.3150155789175564e-05,54.4,ASK
1339,1712310864.0151038,30604098.71946318,54.39,-3.301303288042032e-06,54.4,ASK
1340,1712310870.4175608,30604098.71946318,54.39,-0.0,54.4,ASK
1341,1712310876.474629,30622944.86854181,54.4,7.322987342371536e-06,54.4,BID
1342,1712310876.48459,30633535.93052683,54.4,4.115334784574951e-06,54.4,BID
1343,1712310876.487337,30635848.17437068,54.4,8.984611301938817e-07,54.4,BID
1344,1712310876.594702,30638099.24936802,54.41,8.746929488601846e-07,54.41,BID
1345,1712310879.0294466,30653848.17437068,54.41,6.119508976038858e-06,54.41,BID
1346,1712310879.1345189,30654535.67437068,54.42,2.671396568537829e-07,54.42,BID
1347,1712310883.7099931,30654894.80408877,54.41,-1.3954587586460517e-07,54.42,ASK
1348,1712310887.3245564,30654986.54720803,54.5,3.5648327850754364e-08,54.5,BID
1349,1712310888.3048096,30661547.61434265,54.42,-2.5494126879079097e-06,54.5,ASK
1350,1712310888.8246777,30666650.58681971,54.5,1.9828455512088093e-06,54.5,BID
1351,1712310891.5481076,30667027.23465398,54.5,1.4635283374825725e-07,54.5,BID
1352,1712310891.5499823,30708019.71291536,54.5,1.5928315020118658e-05,54.5,BID
1353,1712310891.552335,30731286.95149581,54.5,9.040875825915086e-06,54.5,BID
1354,1712310891.615731,30745486.95149581,54.42,-5.517648185198134e-06,54.5,ASK
1355,1712310891.617693,30747392.60883805,54.5,-7.404751250719167e-07,54.5,ASK
1356,1712310891.6245885,30782503.98001569,54.42,-1.364311221536073e-05,54.5,ASK
1357,1712310891.627444,30856297.70586337,54.41,-2.867378996496203e-05,54.5,ASK
1358,1712310891.6778674,30860603.0944026,54.4,1.6729309338061594e-06,54.5,BID
1359,1712310891.694454,30860603.09440261,54.4,4.3425720960516754e-18,54.5,BID
1360,1712310893.247589,30862504.15540261,54.4,-7.386891391960688e-07,54.5,ASK
1361,1712310896.4346664,30862633.47154561,54.41,-5.02479564615352e-08,54.5,ASK
1362,1712310897.004542,30868538.43196677,54.41,-2.2944714191182767e-06,54.5,ASK
1363,1712310897.164699,30868937.01511623,54.41,-1.548761683988862e-07,54.5,ASK
1364,1712310900.589894,30868937.01511623,54.41,-0.0,54.5,ASK
1365,1712310904.3645096,30872714.51511623,54.41,-1.4622785500307554e-06,54.5,ASK
1366,1712310911.5782568,30872829.2648447,54.52,4.4419872022516567e-08,54.52,BID
1367,1712310911.580005,30873080.81548253,54.52,9.737580461824897e-08,54.52,BID
1368,1712310916.9946885,30873172.70836587,54.52,3.5571937049817587e-08,54.52,BID
1369,1712310916.998386,30875765.83583171,54.52,1.0038053397204685e-06,54.52,BID
1370,1712310917.5746834,30890462.78783171,54.52,-5.689222411762012e-06,54.52,ASK
1371,1712310920.1846955,30890554.63017818,54.55,3.555237411747137e-08,54.55,BID
1372,1712310920.1948876,30891086.13097021,54.55,2.057451244236095e-07,54.55,BID
1373,1712310920.19846,30891201.03065651,54.54,4.4477921027313584e-08,54.55,BID
1374,1712310920.2013552,30891842.65921648,54.55,2.483758253687162e-07,54.55,BID
1375,1712310920.2041972,30891934.51840239,54.54,3.5558892702048514e-08,54.55,BID
1376,1712310920.2070549,30892029.53142807,54.55,3.677975100555288e-08,54.55,BID
1377,1712310920.209909,30892463.01510788,54.57,1.678024849180873e-07,54.57,BID
1378,1712310924.0846696,30910792.34981615,54.52,-7.095325739308271e-06,54.57,ASK
1379,1712310924.0884976,30910792.82710788,54.52,-1.8476067713150263e-10,54.57,ASK
1380,1712310924.404781,30940017.62710788,54.52,-1.1312984293564502e-05,54.57,ASK
1381,1712310926.4946983,30940880.42310788,54.52,-3.339902273600176e-07,54.57,ASK
1382,1712310928.924831,30940885.00798077,54.52,-1.774814369834616e-09,54.57,ASK
1383,1712310928.928788,30959213.69310788,54.52,-7.095074285013803e-06,54.57,ASK
1384,1712310928.944485,30964648.59310788,54.52,-2.103861731716737e-06,54.57,ASK
1385,1712310929.7047622,30976372.59310788,54.52,-4.5383861603072335e-06,54.57,ASK
1386,1712310930.490422,30979873.79310788,54.52,-1.3553222129362254e-06,54.57,ASK
1387,1712310930.6217926,30979873.79310788,54.52,-0.0,54.57,ASK
1388,1712310930.623656,30980321.37358602,54.52,-1.7285470518235196e-07,54.57,ASK
1389,1712310931.5546153,30983817.98910788,54.41,-1.3503860750915164e-06,54.57,ASK
1390,1712310947.1049776,30988293.09585938,54.41,-1.7282774740292828e-06,54.57,ASK
1391,1712310959.9347663,30988403.14721668,54.52,4.250161892766967e-08,54.57,BID
1392,1712310960.0546267,30990655.67629008,54.41,-8.699223221541664e-07,54.57,ASK
1393,1712310960.3975978,30990655.67629008,54.41,-0.0,54.57,ASK
1394,1712310978.4845543,30990749.4090598,54.41,-3.61912119810126e-08,54.57,ASK
1395,1712310990.418086,30990749.4090598,54.41,-0.0,54.57,ASK
1396,1712310993.5246809,31003084.38704952,54.52,4.762655851003622e-06,54.57,BID
1397,1712311001.7047086,31021444.80104952,54.41,-7.089135727428204e-06,54.57,ASK
1398,1712311005.4446807,31023274.40004952,54.42,-7.064260989846168e-07,54.57,ASK
1399,1712311018.1546004,31025181.36644871,54.42,-7.362984098028657e-07,54.57,ASK
1400,1712311018.157749,31026396.12004952,54.42,-4.6902826654790514e-07,54.57,ASK
1401,1712311020.5660825,31026396.12004952,54.42,-0.0,54.57,ASK
1402,1712311029.505454,31031183.10660026,54.52,1.8469182938511792e-06,54.57,BID
1403,1712311034.0147033,31034143.24966702,54.52,1.1420843414682552e-06,54.57,BID
1404,1712311039.2947724,31045360.86445965,54.52,4.327987504099759e-06,54.57,BID
1405,1712311040.0745847,31050716.16445965,54.52,-2.0661853619662795e-06,54.57,ASK
1406,1712311041.06477,31052485.14255036,54.52,-6.825082883620878e-07,54.57,ASK
1407,1712311041.0688806,31062614.29245965,54.52,-3.908035268189846e-06,54.57,ASK
1408,1712311042.444711,31062706.10114574,54.57,3.542168754279847e-08,54.57,BID
1409,1712311042.4488328,31065303.75426747,54.57,1.002228232887156e-06,54.57,BID
1410,1712311042.6704855,31071536.29626747,54.57,-2.404643446349799e-06,54.57,ASK
1411,1712311042.8936353,31071538.49079661,54.57,-8.46694674450536e-10,54.57,ASK
1412,1712311042.9647093,31071539.27225325,54.52,-3.0150211317952887e-10,54.57,ASK
1413,1712311042.9687157,31071952.20419661,54.48,-1.593176734935637e-07,54.57,ASK
1414,1712311050.5744238,31071952.20419661,54.48,-0.0,54.57,ASK
1415,1712311057.0747285,31072044.10055824,54.42,-3.5421565296407885e-08,54.57,ASK
1416,1712311057.0846906,31079006.77119661,54.42,-2.683769936902879e-06,54.57,ASK
1417,1712311061.8769786,31106340.61224441,54.42,-1.053586255536577e-05,54.57,ASK
1418,1712311061.8802185,31134480.14397767,54.42,-1.0846417018215093e-05,54.57,ASK
1419,1712311066.356532,31144610.0753436,54.42,-3.904594468815891e-06,54.57,ASK
1420,1712311066.4347892,31145251.45339014,54.57,2.472199546541619e-07,54.57,BID
1421,1712311080.3947103,31145251.45339014,54.57,0.0,54.57,BID
1422,1712311081.7645342,31145345.41064879,54.41,-3.6160341130737e-08,54.57,ASK
1423,1712311083.9146967,31145438.86859271,54.57,3.596817512678669e-08,54.57,BID
1424,1712311087.6747675,31161437.10459271,54.41,-6.157072689936309e-06,54.57,ASK
1425,1712311092.656338,31179785.09559271,54.41,-7.061398162978059e-06,54.57,ASK
1426,1712311103.000324,31193160.42059271,54.41,-5.147620542446705e-06,54.57,ASK
1427,1712311105.0545945,31199845.78559271,54.41,-2.5729260565816305e-06,54.57,ASK
1428,1712311106.7046778,31204648.98659271,54.41,-1.84855740979068e-06,54.57,ASK
1429,1712311108.3546023,31219838.79859271,54.41,-5.845943054625036e-06,54.57,ASK
1430,1712311110.429572,31219838.79859271,54.41,-0.0,54.57,ASK
1431,1712311110.8045857,31227704.19459271,54.41,-3.022351615929276e-06,54.57,ASK
1432,1712311112.844675,31230159.48659271,54.41,-9.434688023050614e-07,54.57,ASK
1433,1712311116.5247133,31232664.85559271,54.41,-9.627113556195543e-07,54.57,ASK
1434,1712311118.2444868,31234730.61659271,54.41,-7.93787890205686e-07,54.57,ASK
1435,1712311120.6387484,31234785.34358128,54.41,-2.1029354700944483e-08,54.57,ASK
1436,1712311120.642773,31236195.41959271,54.41,-5.418348309122491e-07,54.57,ASK
1437,1712311124.2149472,31254547.04459271,54.41,-7.051782704096138e-06,54.57,ASK
1438,1712311126.6347902,31258877.12809894,54.41,-1.6638748871844617e-06,54.57,ASK
1439,1712311127.6246114,31261550.80964052,54.4,-1.0273870162004688e-06,54.57,ASK
1440,1712311128.524729,31261555.40898755,54.36,-1.7673419017880539e-09,54.57,ASK
1441,1712311128.5290918,31266517.97553356,54.36,-1.9069123817150544e-06,54.57,ASK
1442,1712311129.5148227,31266906.31018229,54.31,-1.4922120298905266e-07,54.57,ASK
1443,1712311129.5191126,31267906.31018229,54.31,-3.8425930696034483e-07,54.57,ASK
1444,1712311129.5847597,31267906.31018271,54.31,1.6175695391937706e-16,54.57,BID
1445,1712311129.5945735,31272894.44759271,54.31,1.9167382241895566e-06,54.57,BID
1446,1712311140.5846295,31272894.44759271,54.31,0.0,54.57,BID
1447,1712311146.7945948,31277072.75788911,54.23,-1.6037761707630504e-06,54.57,ASK
1448,1712311150.68501,31291072.75788911,54.23,-5.373671364240348e-06,54.57,ASK
1449,1712311150.701476,31301651.87242208,54.23,-4.060620344631372e-06,54.57,ASK
1450,1712311150.7647738,31346492.71788225,54.23,1.7211426228402648e-05,54.57,BID
1451,1712311150.7686658,31391333.56334408,54.23,1.721142622904038e-05,54.57,BID
1452,1712311150.7845294,31431399.10823618,54.23,1.537850509138266e-05,54.57,BID
1453,1712311170.5701,31431399.10823618,54.23,0.0,54.57,BID
1454,1712311200.5306544,31431399.10823618,54.23,0.0,54.57,BID
1455,1712311210.1479888,31431775.31135472,54.23,-1.449011734827112e-07,54.57,ASK
1456,1712311221.654742,31441985.67106834,54.23,-3.9326976074114445e-06,54.57,ASK
1457,1712311227.05469,31443985.89834451,54.23,-7.704223204569129e-07,54.57,ASK
1458,1712311230.4052217,31443985.89834451,54.23,-0.0,54.57,ASK
1459,1712311256.6146672,31444214.03664451,54.39,8.784833764782817e-08,54.57,BID
1460,1712311256.6181755,31444444.92560908,54.39,8.890752547171781e-08,54.57,BID
1461,1712311260.4496143,31444444.92560908,54.39,0.0,54.57,BID
1462,1712311264.9350374,31451690.61415476,54.39,2.7900425949742604e-06,54.57,BID
1463,1712311290.380935,31451690.61415476,54.39,0.0,54.57,BID
1464,1712311291.1976192,31453487.03367715,54.39,6.916287504533258e-07,54.57,BID
1465,1712311291.3149626,31459847.50279997,54.39,-2.4488062264323427e-06,54.57,ASK
1466,1712311291.47478,31462659.08179997,54.37,-1.0824692374662558e-06,54.57,ASK
1467,1712311299.5402806,31477559.08179997,54.57,5.736560003559468e-06,54.57,BID
1468,1712311299.5946553,31482709.85905015,54.57,-1.983069983935397e-06,54.57,ASK
1469,1712311315.7876818,31482911.43500763,54.57,7.760755539353454e-08,54.57,BID
1470,1712311320.574516,31482911.43500763,54.57,0.0,54.57,BID
1471,1712311326.124721,31484649.65330914,54.57,6.687828879991417e-07,54.57,BID
1472,1712311350.5946465,31484649.65330914,54.57,0.0,54.57,BID
1473,1712311350.664552,31496630.5970502,54.49,4.60952328846656e-06,54.57,BID
1474,1712311357.754683,31496999.05688808,54.28,-1.4176046898138825e-07,54.57,ASK
1475,1712311368.0680878,31511399.05688808,54.31,-5.540225944508226e-06,54.57,ASK
1476,1712311368.0745957,31521128.76617582,54.3,-3.743388043643153e-06,54.57,ASK
1477,1712311375.8746886,31527567.11111912,54.31,-2.477075395455791e-06,54.57,ASK
1478,1712311376.704954,31534005.45606242,54.32,-2.477075395455791e-06,54.57,ASK
1479,1712311377.428256,31540443.80100572,54.32,-2.477075395455791e-06,54.57,ASK
1480,1712311380.4045372,31540443.80100572,54.32,-0.0,54.57,ASK
1481,1712311381.4846168,31545594.5782559,54.4,1.979390007989252e-06,54.57,BID
1482,1712311387.6646836,31575590.06098392,54.4,1.1526951353720856e-05,54.57,BID
1483,1712311388.6145823,31610741.47173932,54.4,-1.350832075169962e-05,54.57,ASK
1484,1712311388.6761112,31616020.67173932,54.4,-2.0287415321292183e-06,54.57,ASK
1485,1712311392.9646502,31627648.83961953,54.4,-4.468583709867822e-06,54.57,ASK
1486,1712311393.1048174,31637331.0404076,54.4,3.720768840196875e-06,54.57,BID
1487,1712311393.2046587,31642373.4168657,54.4,1.9377327135108994e-06,54.57,BID
1488,1712311404.9747558,31642574.99282318,54.57,7.7463539327894e-08,54.57,BID
1489,1712311410.0208018,31642670.62482318,54.42,-3.675038077720503e-08,54.57,ASK
1490,1712311410.4430594,31642670.62482318,54.42,-0.0,54.57,ASK
1491,1712311431.5253258,31645931.47924195,54.54,1.2504400459412349e-06,54.57,BID
1492,1712311440.638265,31645931.47924195,54.54,0.0,54.57,BID
1493,1712311445.9455588,31656476.86997187,54.54,4.043565869230618e-06,54.57,BID
1494,1712311446.109066,31656476.86997219,54.54,-1.2284582996569781e-16,54.57,ASK
1495,1712311446.126058,31670100.36384319,54.54,-5.223845777485954e-06,54.57,ASK
1496,1712311448.885692,31672877.53917768,54.56,1.0648909730330503e-06,54.57,BID
1497,1712311448.8903587,31691285.8660426,54.56,7.058560856301124e-06,54.57,BID
1498,1712311468.7361488,31695114.91631741,54.42,-1.4682260145053906e-06,54.57,ASK
1499,1712311468.7464323,31712793.74830611,54.42,-6.778840487581631e-06,54.57,ASK
1500,1712311469.866779,31712903.67868354,54.58,4.215213390919562e-08,54.58,BID
1501,1712311469.87261,31747244.1260922,54.58,1.3167635475254986e-05,54.58,BID
1502,1712311469.8763924,31747335.90114257,54.59,3.519058428794632e-08,54.59,BID
1503,1712311469.8785892,31768267.36303492,54.56,8.026041620329644e-06,54.59,BID
1504,1712311469.8807542,31782267.36303492,54.56,5.368214760274043e-06,54.59,BID
1505,1712311469.8829625,31813173.76570271,54.59,1.185087192772906e-05,54.59,BID
1506,1712311469.8850937,31827265.55756786,54.58,5.403411792086807e-06,54.59,BID
1507,1712311469.8872812,31830221.21456806,54.59,1.1333286810553828e-06,54.59,BID
1508,1712311469.889399,31869688.06336714,54.6,1.5133322876051664e-05,54.6,BID
1509,1712311470.5960226,31869688.06336714,54.6,0.0,54.6,BID
1510,1712311475.5064392,31869823.68240598,54.6,5.1759997240034854e-08,54.6,BID
1511,1712311478.2162824,31872783.82547274,54.43,-1.1297602333520877e-06,54.6,ASK
1512,1712311484.4463334,31874611.06496074,54.6,6.973793035667674e-07,54.6,BID
1513,1712311492.6965888,31884965.74882225,54.59,3.951940764967536e-06,54.6,BID
1514,1712311492.7010589,32083425.27166795,54.6,7.57435271824547e-05,54.6,BID
1515,1712311492.8166978,32128266.11712895,54.6,-1.7113836354933412e-05,54.6,ASK
1516,1712311492.8214698,32164471.60612895,54.6,-1.3818089456748796e-05,54.6,ASK
1517,1712311493.4764752,32182739.65612895,54.6,-6.972134780457452e-06,54.6,ASK
1518,1712311493.5164435,32196109.98781095,54.6,-5.102884793194826e-06,54.6,ASK
1519,1712311493.6364548,32199992.88781095,54.6,-1.4819371601800274e-06,54.6,ASK
1520,1712311493.6463926,32207474.73564072,54.6,-2.855501899547542e-06,54.6,ASK
1521,1712311493.7164223,32213551.8702241,54.6,-2.319382823799108e-06,54.6,ASK
1522,1712311494.3313165,32234721.4889141,54.6,-8.079539674872689e-06,54.6,ASK
1523,1712311494.43162,32239281.90342227,54.6,-1.7405155233165633e-06,54.6,ASK
1524,1712311497.2364998,32243298.80342227,54.6,1.5330792394157017e-06,54.6,BID
1525,1712311497.44397,32261607.56542227,54.6,-6.987672812770178e-06,54.6,ASK
1526,1712311497.456454,32328324.4195174,54.6,-2.5462974914090457e-05,54.6,ASK
1527,1712311497.536552,32373216.75220694,54.6,-1.7133486831959972e-05,54.6,ASK
1528,1712311499.2466502,32423196.75220694,54.6,-1.9075232240291068e-05,54.6,ASK
1529,1712311499.6265323,32433071.18840395,54.6,-3.768650734291357e-06,54.6,ASK
1530,1712311500.0123444,32433256.7860283,54.61,7.08346896304326e-08,54.61,BID
1531,1712311500.0148091,32433436.81911693,54.61,6.871094390938238e-08,54.61,BID
1532,1712311500.4318678,32433436.81911693,54.61,0.0,54.61,BID
1533,1712311501.1166348,32461252.58151794,54.61,1.0493713280397716e-05,54.61,BID
1534,1712311501.119074,32461274.15985579,54.61,8.140596228177334e-09,54.61,BID
1535,1712311501.7199378,32486547.85985579,54.61,-9.53470041594752e-06,54.61,ASK
1536,1712311501.780938,32492543.28704893,54.63,2.261821662526848e-06,54.63,BID
1537,1712311501.7880085,32492634.99490175,54.63,3.4597502638935696e-08,54.63,BID
1538,1712311502.5194206,32499405.39490175,54.61,-2.554186197356097e-06,54.63,ASK
1539,1712311502.5966997,32505306.51941227,54.63,2.226245240112954e-06,54.63,BID
1540,1712311503.3818655,32553624.81941227,54.61,-1.8228455473787463e-05,54.63,ASK
1541,1712311505.2491398,32559550.61731441,54.65,2.235553469510368e-06,54.65,BID
