,time,acc_trade_volume,trade_price,dev,high,ask_bid
0,1712300395.5012906,2190512.03187577,422.7,0.0,434.6,ASK
1,1712300400.3022974,2190512.03187577,422.7,-0.0,434.6,ASK
2,1712300426.422409,2191524.81269307,422.7,4.151864838610459e-07,434.6,BID
3,1712300426.5423598,2191524.81269335,422.7,-1.1472877232293065e-16,434.6,ASK
4,1712300426.5522687,2192752.51560835,422.7,-5.032931585963222e-07,434.6,ASK
5,1712300430.2335632,2192752.51560835,422.7,-0.0,434.6,ASK
6,1712300460.3224556,2192752.51560835,422.7,-0.0,434.6,ASK
7,1712300490.302469,2192752.51560835,422.7,-0.0,434.6,ASK
8,1712300518.3226595,2192811.14352135,422.3,2.4025011061879832e-08,434.6,BID
9,1712300518.323773,2193061.07850753,422.3,1.0242034042253508e-07,434.6,BID
10,1712300518.562997,2194626.08521685,422.2,-6.413208586034683e-07,434.6,ASK
11,1712300518.5674343,2195801.07850753,422.2,-4.814980674169922e-07,434.6,ASK
12,1712300518.5687,2196263.99132439,422.1,-1.8969608462321401e-07,434.6,ASK
13,1712300518.5699232,2197305.90465619,422.3,-4.269635066489903e-07,434.6,ASK
14,1712300518.5711453,2197542.81534086,422.1,-9.708313887729184e-08,434.6,ASK
15,1712300520.2146575,2197542.81534086,422.1,-0.0,434.6,ASK
16,1712300527.072709,2202800.13720986,422.1,2.152602946839256e-06,434.6,BID
17,1712300528.6660426,2203624.54570886,422.1,3.375528850173756e-07,434.6,BID
18,1712300528.7027209,2203624.54570899,422.1,5.338601812749517e-17,434.6,BID
19,1712300550.2053745,2203624.54570899,422.1,0.0,434.6,BID
20,1712300559.362877,2203648.23677745,422.1,-9.690089015798273e-09,434.6,ASK
21,1712300580.2928207,2203648.23677745,422.1,-0.0,434.6,ASK
22,1712300588.5529256,2211413.75840169,421.9,-3.176230238042751e-06,434.6,ASK
23,1712300588.554259,2213958.02964752,421.9,-1.0406501527935651e-06,434.6,ASK
24,1712300597.412999,2218958.02964752,421.9,-2.045084922645854e-06,434.6,ASK
25,1712300598.5729334,2219431.85101686,422.1,1.9380098769300205e-07,434.6,BID
26,1712300610.3130224,2219431.85101686,422.1,0.0,434.6,BID
27,1712300632.8445597,2219460.10599316,422.0,-1.1525373238956957e-08,434.6,ASK
28,1712300634.263024,2219479.10599316,422.0,7.750213244374238e-09,434.6,BID
29,1712300640.2229986,2219479.10599316,422.0,0.0,434.6,BID
30,1712300647.0931392,2226125.91853268,421.9,-2.711252397269502e-06,434.6,ASK
31,1712300647.1330922,2228605.40162295,421.9,-1.0113877038828448e-06,434.6,ASK
32,1712300649.3834558,2229230.03815026,421.9,-2.547908899224108e-07,434.6,ASK
33,1712300649.4831295,2229921.1967545,421.9,-2.819254208684813e-07,434.6,ASK
34,1712300650.523424,2231466.27409165,421.9,-6.302411282712938e-07,434.6,ASK
35,1712300651.4559717,2232290.68259065,421.9,-3.362784050180164e-07,434.6,ASK
36,1712300657.0578203,2233079.45718178,421.9,-3.2174323984493746e-07,434.6,ASK
37,1712300657.9332423,2236326.61079281,421.9,-1.3245225376618522e-06,434.6,ASK
38,1712300661.1893556,2252840.44175581,421.9,-6.736035283127056e-06,434.6,ASK
39,1712300661.2031438,2262679.78847981,421.9,-4.013495526524828e-06,434.6,ASK
40,1712300661.22309,2264592.89914265,421.9,-7.803628942484273e-07,434.6,ASK
41,1712300661.326158,2279039.85828965,421.9,-5.892952808232657e-06,434.6,ASK
42,1712300661.3431172,2285439.75299865,421.9,-2.610533961787059e-06,434.6,ASK
43,1712300661.4030163,2286966.09435086,421.9,-6.225986705094757e-07,434.6,ASK
44,1712300670.232998,2286966.09435086,421.9,-0.0,434.6,ASK
45,1712300683.673123,2287037.28561806,421.4,-2.8705714547646787e-08,434.6,ASK
46,1712300683.6740794,2287274.58984207,421.4,-9.56857151631412e-08,434.6,ASK
47,1712300700.3073764,2287274.58984207,421.4,-0.0,434.6,ASK
48,1712300710.003754,2287325.55166677,421.1,-2.063881287681421e-08,434.6,ASK
49,1712300710.0045428,2287461.20487341,421.0,-5.4937615841848025e-08,434.6,ASK
50,1712300710.0647385,2287961.20487341,420.9,-2.0249287577725322e-07,434.6,ASK
51,1712300717.1130896,2287984.98043214,420.6,-9.62876252094664e-09,434.6,ASK
52,1712300721.4099832,2288893.37201558,420.6,-3.678856481251936e-07,434.6,ASK
53,1712300721.4106882,2290331.22300114,420.6,-5.823091620104449e-07,434.6,ASK
54,1712300721.4281914,2290331.2230021,420.6,-3.8867613019134733e-16,434.6,ASK
55,1712300721.671329,2291331.2230021,420.5,-4.049857515545063e-07,434.6,ASK
56,1712300721.6729407,2291831.22300126,420.5,-2.0249287543704365e-07,434.6,ASK
57,1712300721.6781409,2291855.00421494,420.5,-9.631052695187408e-09,434.6,ASK
58,1712300730.3032775,2291855.00421494,420.5,-0.0,434.6,ASK
59,1712300758.452172,2292088.03359871,420.3,-9.430000297607096e-08,434.6,ASK
60,1712300758.4529262,2292262.81822507,420.2,-7.07300964337257e-08,434.6,ASK
61,1712300758.4536471,2292274.73828217,420.3,-4.823689621643208e-09,434.6,ASK
62,1712300758.4543786,2292774.73828094,420.2,-2.0233500432122815e-07,434.6,ASK
63,1712300758.4563532,2292774.73828217,420.2,-4.9785625443982085e-16,434.6,ASK
64,1712300760.2132566,2292774.73828217,420.2,-0.0,434.6,ASK
65,1712300771.1334362,2292869.86366806,420.3,3.848837110337852e-08,434.6,BID
66,1712300771.4735112,2293019.86366806,420.1,-6.06910091507637e-08,434.6,ASK
67,1712300771.4755943,2296668.4089051,420.0,-1.4762259491211926e-06,434.6,ASK
68,1712300771.4775703,2296680.33463706,420.1,-4.825231383326057e-09,434.6,ASK
69,1712300771.4935048,2296680.3346381,420.0,-4.2090724670268006e-16,434.6,ASK
70,1712300771.553279,2296692.26605034,419.9,-4.8275296629391356e-09,434.6,ASK
71,1712300771.5543706,2297192.26605034,419.9,-2.02303363835879e-07,434.6,ASK
72,1712300786.2694445,2297282.65666792,420.2,3.6572651991146594e-08,434.6,BID
73,1712300790.2151434,2297282.65666792,420.2,0.0,434.6,BID
74,1712300820.2835536,2297282.65666792,420.2,0.0,434.6,BID
75,1712300821.0876598,2297582.65666743,419.7,-1.2128910373342494e-07,434.6,ASK
76,1712300821.0892804,2297582.65666792,419.7,-1.9805527189112762e-16,434.6,ASK
77,1712300821.0906217,2299488.78008941,419.7,-7.70640005917842e-07,434.6,ASK
78,1712300821.9441736,2299512.61799167,419.5,-9.637592682410584e-09,434.6,ASK
79,1712300821.9457817,2300512.61799167,419.5,-4.042970131049341e-07,434.6,ASK
80,1712300821.9474316,2300750.99701432,419.5,-9.637592684425024e-08,434.6,ASK
81,1712300821.9490347,2300762.93980241,419.5,-4.828433552969051e-09,434.6,ASK
82,1712300821.987321,2300762.93980335,419.5,-3.799197135706231e-16,434.6,ASK
83,1712300822.0828314,2300775.56800335,419.4,-5.105543540953177e-09,434.6,ASK
84,1712300822.0837705,2301375.56800335,419.4,-2.425782078629604e-07,434.6,ASK
85,1712300824.7366045,2301525.56800335,419.2,-6.06445519657401e-08,434.6,ASK
86,1712300824.7384064,2302621.48387487,419.2,-4.430755134698513e-07,434.6,ASK
87,1712300850.313557,2302621.48387487,419.2,-0.0,434.6,ASK
88,1712300858.5537643,2305741.8474256,419.2,-1.2604123833158033e-06,434.6,ASK
89,1712300870.3637817,2306330.85347001,419.2,-2.379179541591374e-07,434.6,ASK
90,1712300870.3660333,2309941.8474256,419.2,-1.4585933413557189e-06,434.6,ASK
91,1712300880.1892364,2309941.8474256,419.2,-0.0,434.6,ASK
92,1712300884.1634457,2310260.20659564,419.3,-1.2843601906117816e-07,434.6,ASK
93,1712300885.4438417,2312017.31912464,419.3,-7.08873999887663e-07,434.6,ASK
94,1712300910.213652,2312017.31912464,419.3,-0.0,434.6,ASK
95,1712300936.803906,2312071.7255797,419.3,-2.19415576185086e-08,434.6,ASK
96,1712300940.288597,2312071.7255797,419.3,-0.0,434.6,ASK
97,1712300943.223892,2312293.79797243,419.3,-8.955866297649769e-08,434.6,ASK
98,1712300943.3039746,2312997.1659048,419.3,-2.836583639649912e-07,434.6,ASK
99,1712300943.3839695,2313321.42562996,419.3,-1.3076937248006018e-07,434.6,ASK
100,1712300943.3937588,2316541.5788498,419.3,-1.298642363433779e-06,434.6,ASK
101,1712300952.0638497,2317918.5788498,420.4,5.553246731958775e-07,434.6,BID
102,1712300961.7356355,2329897.49211437,419.3,-4.8309267203262594e-06,434.6,ASK
103,1712300961.8638866,2333288.56732737,419.3,1.3675727918966637e-06,434.6,BID
104,1712300961.8838956,2335993.30798974,419.3,1.090783750479414e-06,434.6,BID
105,1712300970.3138826,2335993.30798974,419.3,0.0,434.6,BID
106,1712300974.0901048,2336344.99195592,419.3,-1.4125769611427357e-07,434.6,ASK
107,1712300983.304615,2336656.47092379,419.4,-1.2510892056637256e-07,434.6,ASK
108,1712300997.3394103,2337028.38023772,419.4,-1.4938142736449076e-07,434.6,ASK
109,1712301000.2532277,2337028.38023772,419.4,-0.0,434.6,ASK
110,1712301006.173903,2337497.42338969,419.4,-1.890320560064228e-07,434.6,ASK
111,1712301030.2241948,2337497.42338969,419.4,-0.0,434.6,ASK
112,1712301039.8640456,2337974.29511119,421.0,1.9217186207878122e-07,434.6,BID
113,1712301060.3241396,2337974.29511119,421.0,0.0,434.6,BID
114,1712301067.193984,2338335.60376802,421.0,1.455899715405788e-07,434.6,BID
115,1712301076.6840951,2338470.04924822,419.4,-5.417504747275805e-08,434.6,ASK
116,1712301086.0894897,2338734.34901522,419.4,-1.065000653273846e-07,434.6,ASK
117,1712301086.0920584,2339234.34901522,419.4,-2.014758971152066e-07,434.6,ASK
118,1712301086.0946014,2369910.56869797,419.3,-1.236103776137036e-05,434.6,ASK
119,1712301089.5342822,2370410.56869797,419.2,-2.014758971152066e-07,434.6,ASK
120,1712301089.5363555,2384904.37868011,419.2,-5.84030673753802e-06,434.6,ASK
121,1712301090.3041952,2384904.37868011,419.2,-0.0,434.6,ASK
122,1712301090.8919442,2389676.50943649,419.1,-1.907811843374788e-06,434.6,ASK
123,1712301090.8935611,2403343.83768076,419.1,-5.4639514344506405e-06,434.6,ASK
124,1712301098.2547448,2403367.7154267,418.8,-9.545892353680971e-09,434.6,ASK
125,1712301098.260892,2406414.29955407,419.0,-1.217969409631759e-06,434.6,ASK
126,1712301098.2629569,2408479.29955407,419.3,-8.255497717244858e-07,434.6,ASK
127,1712301098.2649813,2408500.29955407,418.9,-8.395421407367652e-09,434.6,ASK
128,1712301098.267047,2408559.98929152,419.0,-2.386288093270276e-08,434.6,ASK
129,1712301098.2690828,2408602.95489935,418.7,-1.7176875417107586e-08,434.6,ASK
130,1712301098.2710814,2409102.95489935,418.8,-1.9989098588970602e-07,434.6,ASK
131,1712301098.27198,2409602.95489935,419.0,-1.9989098588970602e-07,434.6,ASK
132,1712301098.2728906,2449174.3196886,418.7,-1.58199182414487e-05,434.6,ASK
133,1712301099.734254,2449186.22558213,420.2,4.759761591125318e-09,434.6,BID
134,1712301108.5942616,2449424.15087358,420.3,9.511824215216364e-08,434.6,BID
135,1712301120.198514,2449424.15087358,420.3,0.0,434.6,BID
136,1712301150.2355802,2449424.15087358,420.3,0.0,434.6,BID
137,1712301180.2937264,2449424.15087358,420.3,0.0,434.6,BID
138,1712301210.3088768,2449424.15087358,420.3,0.0,434.6,BID
139,1712301222.503185,2449452.77355546,420.6,1.1320525916308798e-08,434.6,BID
140,1712301240.2060287,2449452.77355546,420.6,0.0,434.6,BID
141,1712301250.8720772,2449928.28472997,420.6,1.880680142547214e-07,434.6,BID
142,1712301270.2012155,2449928.28472997,420.6,0.0,434.6,BID
143,1712301294.770827,2454861.92582798,420.6,1.9511354198374302e-06,434.6,BID
144,1712301300.2560303,2454861.92582798,420.6,0.0,434.6,BID
145,1712301301.8108802,2454889.3396047,421.0,1.0845932631468634e-08,434.6,BID
146,1712301330.1999743,2454889.3396047,421.0,0.0,434.6,BID
147,1712301360.2400646,2454889.3396047,421.0,0.0,434.6,BID
148,1712301372.174286,2454914.01062607,421.0,-9.760749737690706e-09,434.6,ASK
149,1712301372.1753402,2455151.54031728,421.0,-9.397535012355724e-08,434.6,ASK
150,1712301372.2489543,2459822.98070228,420.7,1.848191034667472e-06,434.6,BID
151,1712301372.2690575,2459822.98070271,420.7,1.7004657293332334e-16,434.6,BID
152,1712301390.2111013,2459822.98070271,420.7,0.0,434.6,BID
153,1712301420.3081946,2459822.98070271,420.7,0.0,434.6,BID
154,1712301450.2976356,2459822.98070271,420.7,0.0,434.6,BID
155,1712301462.7572029,2460696.87327964,421.1,-3.4545986532443745e-07,434.6,ASK
156,1712301462.7585914,2460797.16394268,421.0,-3.9646061611931574e-08,434.6,ASK
157,1712301462.767359,2463377.26939319,421.1,-1.019945591696184e-06,434.6,ASK
158,1712301480.2271569,2463377.26939319,421.1,-0.0,434.6,ASK
159,1712301510.22279,2463377.26939319,421.1,-0.0,434.6,ASK
160,1712301515.9666336,2463577.26939319,421.1,-7.901556767986177e-08,434.6,ASK
161,1712301540.3058982,2463577.26939319,421.1,-0.0,434.6,ASK
162,1712301570.305527,2463577.26939319,421.1,-0.0,434.6,ASK
163,1712301600.2350278,2463577.26939319,421.1,-0.0,434.6,ASK
164,1712301630.214685,2463577.26939319,421.1,-0.0,434.6,ASK
165,1712301657.4728832,2465547.86790619,421.6,7.795418474246412e-07,434.6,BID
166,1712301657.4850168,2465547.86790649,421.6,1.1863075244145092e-16,434.6,BID
167,1712301660.290533,2465547.86790649,421.6,0.0,434.6,BID
168,1712301690.303888,2465547.86790649,421.6,0.0,434.6,BID
169,1712301720.217758,2465547.86790649,421.6,0.0,434.6,BID
170,1712301750.2030845,2465547.86790649,421.6,0.0,434.6,BID
171,1712301780.322795,2465547.86790649,421.6,0.0,434.6,BID
172,1712301810.2939029,2465547.86790649,421.6,0.0,434.6,BID
173,1712301837.882459,2465919.62222378,421.0,-1.470126122279661e-07,434.6,ASK
174,1712301840.2222054,2465919.62222378,421.0,-0.0,434.6,ASK
175,1712301843.642326,2465990.81349098,421.4,2.8151297635085244e-08,434.6,BID
176,1712301870.2534285,2465990.81349098,421.4,0.0,434.6,BID
177,1712301900.30447,2465990.81349098,421.4,0.0,434.6,BID
178,1712301930.2966423,2465990.81349098,421.4,0.0,434.6,BID
179,1712301934.8812652,2468178.52257619,421.0,-8.65854669639678e-07,434.6,ASK
180,1712301937.3716772,2469816.3870292,421.0,-6.482363649091359e-07,434.6,ASK
181,1712301948.3313136,2471039.66451932,421.0,-4.841505363971429e-07,434.6,ASK
182,1712301960.2111826,2471039.66451932,421.0,-0.0,434.6,ASK
183,1712301973.1111276,2471508.70767129,421.0,-1.854825388957133e-07,434.6,ASK
184,1712301980.6208537,2472223.9776062,421.0,-2.828526180708907e-07,434.6,ASK
185,1712301987.7257612,2472631.15669354,421.0,-1.610184704495403e-07,434.6,ASK
186,1712301987.7441294,2473039.62701895,421.0,-1.615290889598766e-07,434.6,ASK
187,1712301987.963901,2473345.97976301,421.0,-1.211468167209663e-07,434.6,ASK
188,1712301988.430823,2474695.21971998,421.0,-5.335552853659571e-07,434.6,ASK
189,1712301990.2045784,2474695.21971998,421.0,-0.0,434.6,ASK
190,1712302020.3206975,2474695.21971998,421.0,-0.0,434.6,ASK
191,1712302050.293084,2474695.21971998,421.0,-0.0,434.6,ASK
192,1712302080.200091,2474695.21971998,421.0,-0.0,434.6,ASK
193,1712302098.520416,2474707.13977708,420.3,-4.710904938165053e-09,434.6,ASK
194,1712302098.5223837,2476772.13977708,420.3,-8.16105041737746e-07,434.6,ASK
195,1712302098.5243404,2477768.61857729,420.1,-3.938166454411236e-07,434.6,ASK
196,1712302098.5262527,2488514.71401151,420.0,-4.246945599448886e-06,434.6,ASK
197,1712302098.5281763,2496343.79748569,420.3,-3.0941183997404966e-06,434.6,ASK
198,1712302098.5300963,2496379.53558091,420.0,-1.4123990165090156e-08,434.6,ASK
199,1712302110.1928804,2496379.53558091,420.0,-0.0,434.6,ASK
200,1712302140.3005674,2496379.53558091,420.0,-0.0,434.6,ASK
201,1712302170.279343,2496379.53558091,420.0,-0.0,434.6,ASK
202,1712302186.2194736,2496403.28290933,421.1,9.351469842960116e-09,434.6,BID
203,1712302200.3954968,2496403.28290933,421.1,0.0,434.6,BID
204,1712302230.309034,2496403.28290933,421.1,0.0,434.6,BID
205,1712302232.7439585,2496698.72482094,420.1,-1.1659229315970589e-07,434.6,ASK
206,1712302260.2030606,2496698.72482094,420.1,-0.0,434.6,ASK
207,1712302290.206735,2496698.72482094,420.1,-0.0,434.6,ASK
208,1712302320.2783935,2496698.72482094,420.1,-0.0,434.6,ASK
209,1712302328.638586,2496994.16673255,420.1,-1.1658658269982793e-07,434.6,ASK
210,1712302350.2833214,2496994.16673255,420.1,-0.0,434.6,ASK
211,1712302380.1981156,2496994.16673255,420.1,-0.0,434.6,ASK
212,1712302394.6282847,2497382.01010317,420.1,-1.5304233041868868e-07,434.6,ASK
213,1712302394.630989,2497794.16462697,420.0,-1.6263546986555905e-07,434.6,ASK
214,1712302394.6382203,2497877.23806884,420.1,-3.278063801729838e-08,434.6,ASK
215,1712302394.640821,2497996.28568788,420.0,-4.6975986774212584e-08,434.6,ASK
216,1712302410.1836,2497996.28568788,420.0,-0.0,434.6,ASK
217,1712302440.2878642,2497996.28568788,420.0,-0.0,434.6,ASK
218,1712302464.6999974,2498008.28568788,420.0,4.7343930795205424e-09,434.6,BID
219,1712302470.3052878,2498008.28568788,420.0,0.0,434.6,BID
220,1712302500.211702,2498008.28568788,420.0,0.0,434.6,BID
221,1712302526.541787,2498032.12359014,419.5,-9.416033908421732e-09,434.6,ASK
222,1712302526.543909,2498788.72267276,419.5,-2.988586218419091e-07,434.6,ASK
223,1712302530.2273612,2498788.72267276,419.5,-0.0,434.6,ASK
224,1712302554.5874574,2499447.55616512,419.5,-2.602073069697784e-07,434.6,ASK
225,1712302556.827377,2500460.33698242,420.2,3.999993504827384e-07,434.6,BID
226,1712302556.8371327,2501330.50943858,420.4,3.4367595764674445e-07,434.6,BID
227,1712302560.287378,2501330.50943858,420.4,0.0,434.6,BID
228,1712302590.2879286,2501330.50943858,420.4,0.0,434.6,BID
229,1712302618.2569766,2504266.42908454,420.3,1.1590572104383612e-06,434.6,BID
230,1712302620.2305217,2504266.42908454,420.3,0.0,434.6,BID
231,1712302650.2013614,2504266.42908454,420.3,0.0,434.6,BID
232,1712302656.1568031,2505880.97886995,420.2,6.370897727805159e-07,434.6,BID
233,1712302680.2802887,2505880.97886995,420.2,0.0,434.6,BID
234,1712302710.2901149,2505880.97886995,420.2,0.0,434.6,BID
235,1712302730.63644,2506801.42111651,420.5,-3.631027086213318e-07,434.6,ASK
236,1712302740.1887715,2506801.42111651,420.5,-0.0,434.6,ASK
237,1712302759.4663315,2507371.66645722,420.5,-2.2492016078255005e-07,434.6,ASK
238,1712302766.4767408,2507915.19102081,420.5,-2.1438076474193321e-07,434.6,ASK
239,1712302770.2065084,2507915.19102081,420.5,-0.0,434.6,ASK
240,1712302776.396353,2509593.43938241,420.5,-6.618242156002505e-07,434.6,ASK
241,1712302790.1865711,2511550.38005384,420.5,-7.717276861277718e-07,434.6,ASK
242,1712302800.2160869,2511550.38005384,420.5,-0.0,434.6,ASK
243,1712302830.2160292,2511550.38005384,420.5,-0.0,434.6,ASK
244,1712302860.288905,2511550.38005384,420.5,-0.0,434.6,ASK
245,1712302873.6660328,2512049.78552352,420.6,-1.976556025305081e-07,434.6,ASK
246,1712302890.296138,2512049.78552352,420.6,-0.0,434.6,ASK
247,1712302893.15651,2512168.66331715,420.6,-4.704575766469714e-08,434.6,ASK
248,1712302898.415877,2512715.89525584,420.6,-2.165664451520137e-07,434.6,ASK
249,1712302906.545895,2512739.67081457,420.6,-9.409151534561137e-09,434.6,ASK
250,1712302916.2259822,2527805.81145729,420.6,-5.962408789525653e-06,434.6,ASK
251,1712302920.2289803,2527805.81145729,420.6,-0.0,434.6,ASK
252,1712302922.185676,2528296.4363303,420.6,1.936563729661028e-07,434.6,BID
253,1712302950.2058463,2528296.4363303,420.6,0.0,434.6,BID
254,1712302959.3955495,2528474.75302074,420.6,7.037831330874304e-08,434.6,BID
255,1712302971.6056108,2528489.01835597,420.6,5.630265062516043e-09,434.6,BID
256,1712302980.2856674,2528489.01835597,420.6,0.0,434.6,BID
257,1712303010.275385,2528489.01835597,420.6,0.0,434.6,BID
258,1712303040.2177138,2528489.01835597,420.6,0.0,434.6,BID
259,1712303041.4552803,2529678.07899806,420.5,-4.692853314918404e-07,434.6,ASK
260,1712303041.4659452,2529701.86020997,420.5,-9.385706262019074e-09,434.6,ASK
261,1712303054.7552016,2530415.12697173,420.6,2.8150425376654533e-07,434.6,BID
262,1712303059.65552,2530781.3713228,420.5,-1.4454527852905236e-07,434.6,ASK
263,1712303059.658695,2530781.37132462,420.5,-7.184040636930172e-16,434.6,ASK
264,1712303070.2051685,2530781.37132462,420.5,-0.0,434.6,ASK
265,1712303100.2403605,2530781.37132462,420.5,-0.0,434.6,ASK
266,1712303130.1983647,2530781.37132462,420.5,-0.0,434.6,ASK
267,1712303137.1350467,2530802.37132462,420.2,-8.364287587723576e-09,434.6,ASK
268,1712303137.1379385,2532114.29421762,420.2,-5.225381128556632e-07,434.6,ASK
269,1712303137.234821,2532114.29421848,420.2,-3.4256792082951194e-16,434.6,ASK
270,1712303144.7278316,2532314.29421848,420.0,-7.96598817878436e-08,434.6,ASK
271,1712303160.2261734,2532314.29421848,420.0,-0.0,434.6,ASK
272,1712303168.8249729,2532972.40927117,419.8,-2.620596071157397e-07,434.6,ASK
273,1712303168.828185,2533384.5903754,419.9,-1.641293840547038e-07,434.6,ASK
274,1712303171.165784,2535852.86261289,419.8,-9.828592282878293e-07,434.6,ASK
275,1712303171.2148354,2537490.64873862,419.8,-6.521619386977622e-07,434.6,ASK
276,1712303171.2179017,2537502.58299302,419.8,-4.752187336381489e-09,434.6,ASK
277,1712303174.62484,2537832.38261188,419.8,1.3132530276005222e-07,434.6,BID
278,1712303190.216505,2537832.38261188,419.8,0.0,434.6,BID
279,1712303220.2946742,2537832.38261188,419.8,0.0,434.6,BID
280,1712303250.2979095,2537832.38261188,419.8,0.0,434.6,BID
281,1712303280.193699,2537832.38261188,419.8,0.0,434.6,BID
282,1712303310.2187543,2537832.38261188,419.8,0.0,434.6,BID
283,1712303340.3005624,2537832.38261188,419.8,0.0,434.6,BID
284,1712303348.3369527,2538328.74993501,419.8,1.974699515446665e-07,434.6,BID
285,1712303348.3400648,2539990.36484488,419.8,6.610407261883139e-07,434.6,BID
286,1712303348.4159696,2541682.21322543,419.8,6.730685163186288e-07,434.6,BID
287,1712303348.4190805,2542519.96711597,419.8,3.3328386552148586e-07,434.6,BID
288,1712303352.5764115,2546807.96711597,419.7,1.7058962441045457e-06,434.6,BID
289,1712303360.946097,2548898.85051658,419.9,-8.318167304014577e-07,434.6,ASK
290,1712303361.6862147,2550994.4120569,419.9,-8.336778360358931e-07,434.6,ASK
291,1712303361.6894548,2551923.52865629,419.9,-3.696307176385909e-07,434.6,ASK
292,1712303370.2894638,2551923.52865629,419.9,-0.0,434.6,ASK
293,1712303400.2563443,2551923.52865629,419.9,-0.0,434.6,ASK
294,1712303430.2165408,2551923.52865629,419.9,-0.0,434.6,ASK
295,1712303460.2967124,2551923.52865629,419.9,-0.0,434.6,ASK
296,1712303490.2968326,2551923.52865629,419.9,-0.0,434.6,ASK
297,1712303520.240884,2551923.52865629,419.9,-0.0,434.6,ASK
298,1712303550.207159,2551923.52865629,419.9,-0.0,434.6,ASK
299,1712303568.0573225,2552116.56717269,420.6,7.661625976197963e-08,434.6,BID
300,1712303580.2873492,2552116.56717269,420.6,0.0,434.6,BID
301,1712303594.807411,2552829.83393445,420.6,2.830837677324789e-07,434.6,BID
302,1712303610.287547,2552829.83393445,420.6,0.0,434.6,BID
303,1712303640.2177343,2552829.83393445,420.6,0.0,434.6,BID
304,1712303666.577865,2553293.37652851,420.3,1.839504783439021e-07,434.6,BID
305,1712303670.1907256,2553293.37652851,420.3,0.0,434.6,BID
306,1712303700.2330215,2553293.37652851,420.3,0.0,434.6,BID
307,1712303730.2177815,2553293.37652851,420.3,0.0,434.6,BID
308,1712303755.197887,2553306.03358851,419.9,-5.022500815157877e-09,434.6,ASK
309,1712303760.281046,2553306.03358851,419.9,-0.0,434.6,ASK
310,1712303786.4382226,2556990.20591794,419.9,1.461928718374841e-06,434.6,BID
311,1712303786.5584576,2557403.73469084,419.9,1.640937325725414e-07,434.6,BID
312,1712303790.3179617,2557403.73469084,419.9,0.0,434.6,BID
313,1712303802.698153,2557637.14562201,419.9,9.255737552681228e-08,434.6,BID
314,1712303820.2083266,2557637.14562201,419.9,0.0,434.6,BID
315,1712303834.2984705,2557684.82142653,419.5,-1.890475234523733e-08,434.6,ASK
316,1712303834.3023148,2557696.76421556,419.5,-4.735640461686861e-09,434.6,ASK
317,1712303835.068339,2559079.76421556,419.5,5.483970906559346e-07,434.6,BID
318,1712303835.142743,2560438.52464438,419.5,5.387854418388948e-07,434.6,BID
319,1712303835.348099,2561299.25464438,419.5,3.413028400869649e-07,434.6,BID
320,1712303835.5881395,2564970.05648138,419.5,1.4555727026647114e-06,434.6,BID
321,1712303850.190096,2564970.05648138,419.5,0.0,434.6,BID
322,1712303880.3181288,2564970.05648138,419.5,0.0,434.6,BID
323,1712303892.3982227,2565503.76045851,419.9,2.113703081120833e-07,434.6,BID
324,1712303910.2982683,2565503.76045851,419.9,0.0,434.6,BID
325,1712303911.3360126,2566704.52790313,419.9,4.755146507526205e-07,434.6,BID
326,1712303940.2017405,2566704.52790313,419.9,0.0,434.6,BID
327,1712303970.1882355,2566704.52790313,419.9,0.0,434.6,BID
328,1712304000.3083174,2566704.52790313,419.9,0.0,434.6,BID
329,1712304005.0584612,2567848.37122139,419.8,4.531911558687234e-07,434.6,BID
330,1712304005.0611787,2568205.93975536,419.8,1.4166878857030304e-07,434.6,BID
331,1712304029.7884247,2568263.9174919,419.3,-2.297080117321456e-08,434.6,ASK
332,1712304030.2042477,2568263.9174919,419.3,-0.0,434.6,ASK
333,1712304060.3412666,2568263.9174919,419.3,-0.0,434.6,ASK
334,1712304090.298482,2568263.9174919,419.3,-0.0,434.6,ASK
335,1712304120.2245133,2568263.9174919,419.3,-0.0,434.6,ASK
336,1712304150.189423,2568263.9174919,419.3,-0.0,434.6,ASK
337,1712304154.8485608,2568847.5851369,419.9,2.3118938212534815e-07,434.6,BID
338,1712304180.2884784,2568847.5851369,419.9,0.0,434.6,BID
339,1712304210.298483,2568847.5851369,419.9,0.0,434.6,BID
340,1712304240.1935723,2568847.5851369,419.9,0.0,434.6,BID
341,1712304270.1984384,2568847.5851369,419.9,0.0,434.6,BID
342,1712304300.3085322,2568847.5851369,419.9,0.0,434.6,BID
343,1712304330.298548,2568847.5851369,419.9,0.0,434.6,BID
344,1712304339.688518,2569318.61942261,420.0,1.8817298489576209e-07,434.6,BID
345,1712304358.2788768,2569556.7146607,420.0,9.511641296633174e-08,434.6,BID
346,1712304360.1902444,2569556.7146607,420.0,0.0,434.6,BID
347,1712304373.081596,2569946.7146607,420.0,1.557821492411337e-07,434.6,BID
348,1712304374.369661,2571229.1045457,420.0,5.122396216676486e-07,434.6,BID
349,1712304374.3733556,2571229.10454628,420.0,2.3176148289582064e-16,434.6,BID
350,1712304374.4385765,2572810.96862368,420.4,6.318620148325829e-07,434.6,BID
351,1712304390.1918175,2572810.96862368,420.4,0.0,434.6,BID
352,1712304420.298473,2572810.96862368,420.4,0.0,434.6,BID
353,1712304450.288381,2572810.96862368,420.4,0.0,434.6,BID
354,1712304480.2185628,2572810.96862368,420.4,0.0,434.6,BID
355,1712304510.1886456,2572810.96862368,420.4,0.0,434.6,BID
356,1712304511.6685753,2572979.27104878,420.6,6.719025812066068e-08,434.6,BID
357,1712304531.9585414,2573231.8506969,420.6,1.008356935030225e-07,434.6,BID
358,1712304540.2958374,2573231.8506969,420.6,0.0,434.6,BID
359,1712304544.9285293,2573286.4797982,420.6,2.1807671694616e-08,434.6,BID
360,1712304545.0708108,2573805.25445206,420.8,-2.0709232013001242e-07,434.6,ASK
361,1712304570.288404,2573805.25445206,420.8,-0.0,434.6,ASK
362,1712304572.388545,2573805.25445207,420.8,-4.089180035786618e-18,434.6,ASK
363,1712304578.6307127,2574316.30324761,420.8,2.039885475280157e-07,434.6,BID
364,1712304600.254762,2574316.30324761,420.8,0.0,434.6,BID
365,1712304602.8486557,2575504.51617536,420.8,4.751350071435398e-07,434.6,BID
366,1712304629.634793,2575508.75043722,420.8,1.693169626571031e-09,434.6,BID
367,1712304630.208367,2575508.75043722,420.8,0.0,434.6,BID
368,1712304660.290207,2575508.75043722,420.8,0.0,434.6,BID
369,1712304690.288312,2575508.75043722,420.8,0.0,434.6,BID
370,1712304720.2031603,2575508.75043722,420.8,0.0,434.6,BID
371,1712304750.2131023,2575508.75043722,420.8,0.0,434.6,BID
372,1712304777.178369,2575999.65618927,421.7,-1.9626088153192245e-07,434.6,ASK
373,1712304780.2934315,2575999.65618927,421.7,-0.0,434.6,ASK
374,1712304780.9812777,2576559.7464492,421.8,-2.2390186058656419e-07,434.6,ASK
375,1712304786.5784264,2577033.11923026,422.5,1.892356536313137e-07,434.6,BID
376,1712304800.758383,2577506.49201132,422.5,1.892356536311276e-07,434.6,BID
377,1712304810.2882614,2577506.49201132,422.5,0.0,434.6,BID
378,1712304840.1986785,2577506.49201132,422.5,0.0,434.6,BID
379,1712304870.208183,2577506.49201132,422.5,0.0,434.6,BID
380,1712304900.2334242,2577506.49201132,422.5,0.0,434.6,BID
381,1712304930.2102058,2577506.49201132,422.5,0.0,434.6,BID
382,1712304942.4582028,2577739.16257736,421.5,-9.306561597374038e-08,434.6,ASK
383,1712304956.278206,2578449.72629123,422.2,2.842175133940517e-07,434.6,BID
384,1712304960.2781217,2578449.72629123,422.2,0.0,434.6,BID
385,1712304990.288144,2578449.72629123,422.2,0.0,434.6,BID
386,1712305020.210208,2578449.72629123,422.2,0.0,434.6,BID
387,1712305050.199936,2578449.72629123,422.2,0.0,434.6,BID
388,1712305080.3197331,2578449.72629123,422.2,0.0,434.6,BID
389,1712305110.287845,2578449.72629123,422.2,0.0,434.6,BID
390,1712305140.2241151,2578449.72629123,422.2,0.0,434.6,BID
391,1712305170.1941376,2578449.72629123,422.2,0.0,434.6,BID
392,1712305200.310684,2578449.72629123,422.2,0.0,434.6,BID
393,1712305230.1839826,2578449.72629123,422.2,0.0,434.6,BID
394,1712305256.812694,2581569.72629104,422.8,1.247948557264151e-06,434.6,BID
395,1712305256.815777,2583520.94580323,422.5,7.804556331063154e-07,434.6,BID
396,1712305256.9951477,2583520.94580342,422.8,7.599278953063388e-17,434.6,BID
397,1712305260.287815,2583520.94580342,422.8,0.0,434.6,BID
398,1712305290.2980866,2583520.94580342,422.8,0.0,434.6,BID
399,1712305320.2218618,2583520.94580342,422.8,0.0,434.6,BID
400,1712305350.214339,2583520.94580342,422.8,0.0,434.6,BID
401,1712305380.298527,2583520.94580342,422.8,0.0,434.6,BID
402,1712305410.1879182,2583520.94580342,422.8,0.0,434.6,BID
403,1712305440.3088107,2583520.94580342,422.8,0.0,434.6,BID
404,1712305443.7337174,2584262.71651206,425.0,2.964418912042428e-07,434.6,BID
405,1712305443.7363298,2585295.43535261,425.0,4.1271665571209604e-07,434.6,BID
406,1712305443.7381468,2585430.99898464,424.6,5.4176767819803794e-08,434.6,BID
407,1712305443.810733,2588250.99898464,425.0,-1.1269872528790905e-06,434.6,ASK
408,1712305443.8710558,2591444.51874459,425.0,-1.276261014638794e-06,434.6,ASK
409,1712305470.3046646,2591444.51874459,425.0,-0.0,434.6,ASK
410,1712305499.7588286,2591914.51903759,425.0,-1.875788866780456e-07,434.6,ASK
411,1712305500.195953,2591914.51903759,425.0,-0.0,434.6,ASK
412,1712305530.2024195,2591914.51903759,425.0,-0.0,434.6,ASK
413,1712305560.2989988,2591914.51903759,425.0,-0.0,434.6,ASK
414,1712305590.299229,2591914.51903759,425.0,-0.0,434.6,ASK
415,1712305620.231698,2591914.51903759,425.0,-0.0,434.6,ASK
416,1712305650.214443,2591914.51903759,425.0,-0.0,434.6,ASK
417,1712305680.2995164,2591914.51903759,425.0,-0.0,434.6,ASK
418,1712305700.679808,2591914.51903856,425.0,-3.876072138299768e-16,434.6,ASK
419,1712305700.6839728,2591926.2931562,425.0,-4.705012889699038e-09,434.6,ASK
420,1712305710.301201,2591926.2931562,425.0,-0.0,434.6,ASK
421,1712305740.189968,2591926.2931562,425.0,-0.0,434.6,ASK
422,1712305770.2114758,2591926.2931562,425.0,-0.0,434.6,ASK
423,1712305800.3008442,2591926.2931562,425.0,-0.0,434.6,ASK
424,1712305803.0699797,2592426.54701215,425.0,1.99990321221422e-07,434.6,BID
425,1712305803.0728574,2592926.8008681,424.8,1.999903212216081e-07,434.6,BID
426,1712305803.0753472,2593102.17580311,425.0,7.011098299331576e-08,434.6,BID
427,1712305808.6499116,2594279.48482799,424.4,-4.706618594986378e-07,434.6,ASK
428,1712305827.929628,2594299.48482799,424.3,-7.995553411247167e-09,434.6,ASK
429,1712305830.2103996,2594299.48482799,424.3,-0.0,434.6,ASK
430,1712305860.3199964,2594299.48482799,424.3,-0.0,434.6,ASK
431,1712305861.5303793,2597159.48482799,424.4,-1.1429036729484146e-06,434.6,ASK
432,1712305877.050129,2598510.55345,424.3,-5.399095421330022e-07,434.6,ASK
433,1712305878.9501748,2599493.952185,424.3,-3.92982526644797e-07,434.6,ASK
434,1712305878.969994,2599493.9521854,424.3,-1.5984788469662306e-16,434.6,ASK
435,1712305890.2925837,2599493.9521854,424.3,-0.0,434.6,ASK
436,1712305920.1903234,2599493.9521854,424.3,-0.0,434.6,ASK
437,1712305922.0304692,2603666.7330027,423.2,-1.6660451935056238e-06,434.6,ASK
438,1712305922.034772,2609996.51782799,423.0,-2.527261326637996e-06,434.6,ASK
439,1712305922.038929,2611009.29864529,423.4,-4.043678991577751e-07,434.6,ASK
440,1712305922.0434234,2614029.29864529,423.0,-1.20578019902864e-06,434.6,ASK
441,1712305950.2119246,2614029.29864529,423.0,-0.0,434.6,ASK
442,1712305980.2325366,2614029.29864529,423.0,-0.0,434.6,ASK
443,1712306010.2002623,2614029.29864529,423.0,-0.0,434.6,ASK
444,1712306040.3037658,2614029.29864529,423.0,-0.0,434.6,ASK
445,1712306070.3010805,2614029.29864529,423.0,-0.0,434.6,ASK
446,1712306100.2239113,2614029.29864529,423.0,-0.0,434.6,ASK
447,1712306130.1904285,2614029.29864529,423.0,-0.0,434.6,ASK
448,1712306160.2799044,2614029.29864529,423.0,-0.0,434.6,ASK
449,1712306165.965791,2615429.52624397,423.3,-5.596095102234388e-07,434.6,ASK
450,1712306166.3812475,2618700.92692197,423.3,-1.3074352575871383e-06,434.6,ASK
451,1712306166.465803,2618700.92692281,423.3,-3.355461917436255e-16,434.6,ASK
452,1712306166.6003115,2618987.72947419,423.3,1.1462239100281201e-07,434.6,BID
453,1712306169.3102028,2619542.7649268,423.1,2.218233079283183e-07,434.6,BID
454,1712306173.0599482,2620052.1949268,423.1,2.0359681030571425e-07,434.6,BID
455,1712306190.304638,2620052.1949268,423.1,0.0,434.6,BID
456,1712306220.2076552,2620052.1949268,423.1,0.0,434.6,BID
457,1712306250.2029977,2620052.1949268,423.1,0.0,434.6,BID
458,1712306274.820556,2620524.8964158,423.1,-1.8872575620540285e-07,434.6,ASK
459,1712306280.3002195,2620524.8964158,423.1,-0.0,434.6,ASK
460,1712306303.4201462,2620761.12904399,423.1,9.430818974781673e-08,434.6,BID
461,1712306310.313437,2620761.12904399,423.1,0.0,434.6,BID
462,1712306311.2700331,2621530.9886108,422.8,-3.073291176809862e-07,434.6,ASK
463,1712306311.3903182,2623599.35042526,422.8,-8.256932028746644e-07,434.6,ASK
464,1712306340.1995232,2623599.35042526,422.8,-0.0,434.6,ASK
465,1712306368.3100953,2623835.86887369,422.8,9.437331794155722e-08,434.6,BID
466,1712306370.2064846,2623835.86887369,422.8,0.0,434.6,BID
467,1712306400.230161,2623835.86887369,422.8,0.0,434.6,BID
468,1712306412.1101732,2623859.52071853,422.7,9.443359083184832e-09,434.6,BID
469,1712306430.2008855,2623859.52071853,422.7,0.0,434.6,BID
470,1712306460.299939,2623859.52071853,422.7,0.0,434.6,BID
471,1712306474.7907567,2624096.48754317,422.0,-9.461223420639349e-08,434.6,ASK
472,1712306474.793984,2624195.69015471,422.0,-3.9607994626096094e-08,434.6,ASK
473,1712306478.0402267,2624220.69305245,422.1,9.982747671286752e-09,434.6,BID
474,1712306479.590235,2626491.15868645,422.0,-9.065143470942556e-07,434.6,ASK
475,1712306479.6318352,2626491.15868735,422.0,-3.59200560482558e-16,434.6,ASK
476,1712306479.634524,2626514.86098647,421.9,-9.463465947052912e-09,434.6,ASK
477,1712306490.3200698,2626514.86098647,421.9,-0.0,434.6,ASK
478,1712306510.920047,2628173.62875847,421.8,-6.619894675846661e-07,434.6,ASK
479,1712306511.0000148,2628173.62875898,421.8,-2.0349312651539074e-16,434.6,ASK
480,1712306520.211944,2628173.62875898,421.8,-0.0,434.6,ASK
481,1712306534.8300536,2628195.62875898,421.6,-8.777420847085779e-09,434.6,ASK
482,1712306537.4104142,2628207.51487982,421.5,-4.742249311444731e-09,434.6,ASK
483,1712306537.41982,2628682.01072798,421.5,-1.893113522498779e-07,434.6,ASK
484,1712306550.182019,2628682.01072798,421.5,-0.0,434.6,ASK
485,1712306561.2299984,2628682.01072813,421.5,-5.981816949933407e-17,434.6,ASK
486,1712306580.2501247,2628682.01072813,421.5,-0.0,434.6,ASK
487,1712306581.53027,2629971.74529313,421.4,-5.145261500239927e-07,434.6,ASK
488,1712306591.9175043,2631175.87522713,421.4,-4.803750755253769e-07,434.6,ASK
489,1712306594.4001474,2631175.87522741,421.4,-1.116481983512387e-16,434.6,ASK
490,1712306610.1999562,2631175.87522741,421.4,-0.0,434.6,ASK
491,1712306640.289818,2631175.87522741,421.4,-0.0,434.6,ASK
492,1712306670.299997,2631175.87522741,421.4,-0.0,434.6,ASK
493,1712306671.620183,2631375.87522713,421.4,7.975447628774627e-08,434.6,BID
494,1712306671.623731,2631725.38460092,421.4,1.393746855164741e-07,434.6,BID
495,1712306672.4202683,2632104.83987081,420.2,-1.513162818352131e-07,434.6,ASK
496,1712306672.4248424,2632152.87576726,420.6,-1.9155388848641588e-08,434.6,ASK
497,1712306672.4294376,2648299.78445621,420.2,-6.4389412397765645e-06,434.6,ASK
498,1712306672.433576,2648311.7016779,420.4,-4.7522588799437e-09,434.6,ASK
499,1712306672.4355292,2648461.7016779,421.1,-5.981585729951075e-08,434.6,ASK
500,1712306672.4375155,2649667.84953431,420.2,-4.809784537409264e-07,434.6,ASK
501,1712306672.4395115,2652040.04034004,420.8,-9.45964178151692e-07,434.6,ASK
502,1712306672.44155,2652230.36947202,420.5,-7.589800132302063e-08,434.6,ASK
503,1712306684.2403817,2652703.07096102,420.5,1.885002987419811e-07,434.6,BID
504,1712306700.2324643,2652703.07096102,420.5,0.0,434.6,BID
505,1712306730.1942568,2652703.07096102,420.5,0.0,434.6,BID
506,1712306760.2998662,2652703.07096102,420.5,0.0,434.6,BID
507,1712306790.3160732,2652703.07096102,420.5,0.0,434.6,BID
508,1712306820.204966,2652703.07096102,420.5,0.0,434.6,BID
509,1712306823.6298172,2655078.87378934,420.7,9.47723058421332e-07,434.6,BID
510,1712306831.8345325,2655197.69508211,420.8,4.739857939696473e-08,434.6,BID
511,1712306850.237824,2655197.69508211,420.8,0.0,434.6,BID
512,1712306858.2999294,2657262.69508211,420.4,8.233970901430885e-07,434.6,BID
513,1712306875.793892,2657816.02789012,420.4,-2.206356532670068e-07,434.6,ASK
514,1712306880.308052,2657816.02789012,420.4,-0.0,434.6,ASK
515,1712306904.5799863,2658231.02749613,420.4,-1.6540414219330226e-07,434.6,ASK
516,1712306910.2897751,2658231.02749613,420.4,-0.0,434.6,ASK
517,1712306940.2298765,2658231.02749613,420.4,-0.0,434.6,ASK
518,1712306970.205716,2658231.02749613,420.4,-0.0,434.6,ASK
519,1712307000.219692,2658231.02749613,420.4,-0.0,434.6,ASK
520,1712307008.801297,2658381.02749613,420.4,-5.987255948029767e-08,434.6,ASK
521,1712307009.8998492,2658499.79234173,421.0,4.7405035215650295e-08,434.6,BID
522,1712307030.1945808,2658499.79234173,421.0,0.0,434.6,BID
523,1712307032.2299285,2659405.07095703,420.5,-3.613260123719783e-07,434.6,ASK
524,1712307034.0700018,2660305.09630373,420.5,-3.592292627490048e-07,434.6,ASK
525,1712307047.770002,2661586.09630373,420.5,-5.112885845592163e-07,434.6,ASK
526,1712307049.3143225,2662765.09630373,420.5,-4.705770813390446e-07,434.6,ASK
527,1712307049.3278646,2663907.04238174,420.5,-4.557876610998205e-07,434.6,ASK
528,1712307050.1797304,2664379.74387074,420.5,-1.8867047246656128e-07,434.6,ASK
529,1712307050.2997243,2665973.08513102,420.5,-6.359540965560939e-07,434.6,ASK
530,1712307060.2997637,2665973.08513102,420.5,-0.0,434.6,ASK
531,1712307068.050197,2673669.62991621,420.5,-3.0680920220139066e-06,434.6,ASK
532,1712307068.1939912,2675206.02639201,420.5,-6.124573950536946e-07,434.6,ASK
533,1712307068.3369925,2678856.12370001,420.5,-1.4550470039228769e-06,434.6,ASK
534,1712307069.389987,2680392.52017501,420.5,-6.124573947347862e-07,434.6,ASK
535,1712307069.8999193,2680392.52017519,420.5,-7.183790854262136e-17,434.6,ASK
536,1712307069.9036567,2681928.91665081,420.4,-6.124573949818567e-07,434.6,ASK
537,1712307069.9644728,2684373.44972661,420.4,-9.744700559455122e-07,434.6,ASK
538,1712307072.4698162,2685899.46254171,420.1,-6.083181315996093e-07,434.6,ASK
539,1712307072.4736495,2685911.38259881,420.3,-4.751720818951245e-09,434.6,ASK
540,1712307072.5702014,2685923.31117023,420.0,-4.755114902849932e-09,434.6,ASK
541,1712307072.5749538,2688002.77234343,420.0,-8.289405718601218e-07,434.6,ASK
542,1712307072.5780685,2688857.1451508,420.1,-3.405806718827995e-07,434.6,ASK
543,1712307072.5802307,2688882.1451508,420.0,-9.965809683578738e-09,434.6,ASK
544,1712307074.6803064,2689228.05372222,420.0,-1.378903596277076e-07,434.6,ASK
545,1712307074.7197814,2690940.09622222,420.0,-6.824755890079266e-07,434.6,ASK
546,1712307074.744701,2693292.22224861,420.0,-9.376336132318496e-07,434.6,ASK
547,1712307074.8600595,2694541.49258533,420.0,-4.979996167635525e-07,434.6,ASK
548,1712307075.0600443,2696094.64945379,420.0,-6.191386303926687e-07,434.6,ASK
549,1712307075.0639565,2698094.64945379,420.0,-7.97264774686299e-07,434.6,ASK
550,1712307075.066447,2698106.58370819,419.8,-4.757380322619111e-09,434.6,ASK
551,1712307075.0686595,2698256.58370819,419.5,-5.979485810147243e-08,434.6,ASK
552,1712307075.0708745,2698280.39323199,420.0,-9.491247313866573e-09,434.6,ASK
553,1712307075.0784934,2700665.88941519,419.2,-9.509360385070962e-07,434.6,ASK
554,1712307075.0807612,2701078.8347184,420.0,-1.646133720607659e-07,434.6,ASK
555,1712307075.083019,2701278.8347184,419.1,-7.97264774686299e-08,434.6,ASK
556,1712307075.0852668,2701873.61948843,419.9,-2.371004728324301e-07,434.6,ASK
557,1712307075.0875049,2702155.15561145,419.4,-1.1222941684265497e-07,434.6,ASK
558,1712307075.0897772,2704385.32025283,419.1,-8.890158551617118e-07,434.6,ASK
559,1712307076.1516516,2704541.22098964,419.1,-6.214708290300999e-08,434.6,ASK
560,1712307076.155617,2704553.17517718,419.1,-4.765326317952447e-09,434.6,ASK
561,1712307076.1595454,2705770.35894805,419.0,-4.852088724171888e-07,434.6,ASK
562,1712307076.163351,2705786.33212805,419.1,-6.367426876757779e-09,434.6,ASK
563,1712307076.1671262,2705798.39615098,418.6,-4.809110261683526e-09,434.6,ASK
564,1712307076.1699972,2710568.93060035,418.5,-1.90168953645496e-06,434.6,ASK
565,1712307076.1723528,2710668.93060035,418.6,-3.986323873431495e-08,434.6,ASK
566,1712307076.1745174,2710818.93060035,419.1,-5.979485810147243e-08,434.6,ASK
567,1712307076.176916,2711047.37342679,418.9,-9.10647092752307e-08,434.6,ASK
568,1712307076.1791213,2711074.84595426,418.6,-1.0951439211705996e-08,434.6,ASK
569,1712307076.1813552,2713461.48079912,419.0,-9.513899459229136e-07,434.6,ASK
570,1712307076.1835823,2713473.45212528,418.5,-4.772158326921821e-09,434.6,ASK
571,1712307076.1858027,2713485.40212528,418.5,-4.7636570286392605e-09,434.6,ASK
572,1712307076.1880414,2718308.527238,418.5,-1.92265387813839e-06,434.6,ASK
573,1712307076.2496555,2729327.21018454,418.4,4.392403888356469e-06,434.6,BID
574,1712307076.298077,2730792.80018454,418.7,-5.842316405661871e-07,434.6,ASK
575,1712307076.300341,2730828.91302221,418.3,-1.439574669408996e-08,434.6,ASK
576,1712307076.3025606,2730978.91302221,418.1,-5.979485810147243e-08,434.6,ASK
577,1712307076.3048272,2730990.89007217,418.3,-4.774440018998238e-09,434.6,ASK
578,1712307076.3098228,2731278.53908654,418.1,1.1466621331523708e-07,434.6,BID
579,1712307076.3120742,2732307.21018454,418.1,4.100616155866009e-07,434.6,BID
580,1712307084.459766,2735407.21018454,418.8,1.2357604007637637e-06,434.6,BID
581,1712307084.5450993,2738387.21018454,418.8,-1.1879245142825855e-06,434.6,ASK
582,1712307084.6199372,2738885.5365325,418.8,-1.986490217631657e-07,434.6,ASK
583,1712307084.6399093,2739253.81616824,418.8,-1.468081904048931e-07,434.6,ASK
584,1712307084.644034,2740142.6343842,418.8,-3.54311727342282e-07,434.6,ASK
585,1712307085.2662635,2742158.5425442,418.8,-8.036062824853789e-07,434.6,ASK
586,1712307090.289648,2742158.5425442,418.8,-0.0,434.6,ASK
587,1712307099.3403988,2742219.06767803,418.0,-2.3823855150800825e-08,434.6,ASK
588,1712307099.3455122,2742301.14901774,418.0,-3.230879180415368e-08,434.6,ASK
589,1712307099.350518,2743403.54136223,418.0,-4.339227998774748e-07,434.6,ASK
590,1712307099.364591,2743882.01026175,418.0,-1.883345485584632e-07,434.6,ASK
591,1712307099.3668864,2744575.0975681,418.0,-2.728124755529047e-07,434.6,ASK
592,1712307099.47968,2751327.1143031,418.0,2.6577234694294e-06,434.6,BID
593,1712307099.559787,2751327.1143034,418.0,1.1804083780327187e-16,434.6,BID
594,1712307099.6397586,2754247.1143034,418.1,1.1493680829471118e-06,434.6,BID
595,1712307100.5329044,2754324.14428446,418.7,3.032048002084465e-08,434.6,BID
596,1712307102.7699854,2754450.29636929,418.7,4.965588352758657e-08,434.6,BID
597,1712307110.9897647,2755463.07718659,418.8,3.986499816526724e-07,434.6,BID
598,1712307112.0627606,2756229.27931897,418.8,-3.015918753574339e-07,434.6,ASK
599,1712307112.2266035,2757221.40403235,418.8,-3.905193424184578e-07,434.6,ASK
600,1712307112.2597132,2759673.51177539,418.8,-9.65196704040185e-07,434.6,ASK
601,1712307114.429866,2760333.4417242,418.8,-2.5976110278875376e-07,434.6,ASK
602,1712307114.5501573,2761480.61097367,418.8,-4.515478496847973e-07,434.6,ASK
603,1712307116.2912936,2761782.05226168,418.8,-1.1865308058934125e-07,434.6,ASK
604,1712307116.296672,2764106.92087886,418.8,-9.151129402850648e-07,434.6,ASK
605,1712307120.209685,2764106.92087886,418.8,-0.0,434.6,ASK
606,1712307127.661179,2765046.20083529,418.6,3.6838711779840616e-07,434.6,BID
607,1712307146.8496535,2766287.21468757,418.6,-4.867276396774303e-07,434.6,ASK
608,1712307150.216726,2766287.21468757,418.6,-0.0,434.6,ASK
609,1712307157.5698073,2769345.70763057,418.8,1.1991166530088174e-06,434.6,BID
610,1712307157.71377,2769345.70763085,418.8,1.097232235031536e-16,434.6,BID
611,1712307158.9596207,2771790.93594984,419.1,-9.586793405623592e-07,434.6,ASK
612,1712307158.9800282,2772803.71676714,419.0,-3.970721419030552e-07,434.6,ASK
613,1712307158.985545,2779198.70310124,418.9,-2.507226517077132e-06,434.6,ASK
614,1712307158.9897134,2779613.47478225,419.1,-1.6261591547353609e-07,434.6,ASK
615,1712307160.2828114,2780346.69178109,419.1,-2.874659938616823e-07,434.6,ASK
616,1712307163.5700717,2783246.69178109,419.0,-1.1369777071692645e-06,434.6,ASK
617,1712307163.575555,2786267.82373024,418.9,-1.1844688540001314e-06,434.6,ASK
618,1712307167.3925345,2786267.82373091,418.8,2.627150060250217e-16,434.6,BID
619,1712307167.3955536,2788137.09418291,418.8,7.328685629634183e-07,434.6,BID
620,1712307173.0296855,2788149.01313404,419.5,4.672959216433538e-09,434.6,BID
621,1712307180.299681,2788149.01313404,419.5,0.0,434.6,BID
622,1712307202.6298623,2789137.22606179,418.3,-3.860538181008997e-07,434.6,ASK
623,1712307202.6382291,2789337.22606179,418.6,-7.813170770391389e-08,434.6,ASK
624,1712307210.3119333,2789337.22606179,418.6,-0.0,434.6,ASK
625,1712307213.1596682,2791358.22606179,419.0,7.893676172783544e-07,434.6,BID
626,1712307218.599761,2791774.48520494,419.1,-1.6258361603115774e-07,434.6,ASK
627,1712307222.1996813,2792658.64895475,419.0,-3.453390561461111e-07,434.6,ASK
628,1712307222.259761,2793329.4988683,419.0,-2.620223640823419e-07,434.6,ASK
629,1712307222.3002386,2793705.01367773,419.0,-1.4666958454853152e-07,434.6,ASK
630,1712307222.3998177,2794283.1193136,419.0,-2.257980545876885e-07,434.6,ASK
631,1712307222.6195445,2795733.14063523,419.1,-5.66353228925268e-07,434.6,ASK
632,1712307222.8261695,2796131.18630444,419.1,-1.554697483780363e-07,434.6,ASK
633,1712307222.8318255,2796532.00940835,419.1,-1.565545662957928e-07,434.6,ASK
634,1712307223.1656868,2797298.46583789,419.0,-2.993646143163973e-07,434.6,ASK
635,1712307223.2060144,2797875.66451231,419.0,-2.2544381114469305e-07,434.6,ASK
636,1712307224.4898255,2798352.99148128,419.1,-1.864356517359585e-07,434.6,ASK
637,1712307240.2022147,2798352.99148128,419.1,-0.0,434.6,ASK
638,1712307270.2254474,2798352.99148128,419.1,-0.0,434.6,ASK
639,1712307292.459598,2800683.72070086,418.8,9.090011759805372e-07,434.6,BID
640,1712307292.487147,2801696.50151816,418.9,3.9499181037519787e-07,434.6,BID
641,1712307292.490427,2802225.77229858,418.8,2.064194149076381e-07,434.6,BID
642,1712307292.4929192,2805069.05518565,419.0,1.108900796488751e-06,434.6,BID
643,1712307292.5396953,2807876.62839965,419.0,-1.0949737668957325e-06,434.6,ASK
644,1712307292.5448785,2807876.62840059,419.0,-3.664915118438671e-16,434.6,ASK
645,1712307300.229589,2807876.62840059,419.0,-0.0,434.6,ASK
646,1712307315.8597023,2808222.04287494,418.9,1.3504595520207564e-07,434.6,BID
647,1712307330.2025433,2808222.04287494,418.9,0.0,434.6,BID
648,1712307360.3096812,2808222.04287494,418.9,0.0,434.6,BID
649,1712307390.299759,2808222.04287494,418.9,0.0,434.6,BID
650,1712307414.1909244,2808976.15334839,418.2,-2.948162742497987e-07,434.6,ASK
651,1712307420.1898978,2808976.15334839,418.2,-0.0,434.6,ASK
652,1712307430.2704504,2808990.47657589,418.9,5.5989144180782046e-09,434.6,BID
653,1712307450.2077978,2808990.47657589,418.9,0.0,434.6,BID
654,1712307480.3000417,2808990.47657589,418.9,0.0,434.6,BID
655,1712307510.2979474,2808990.47657589,418.9,0.0,434.6,BID
656,1712307540.2103555,2808990.47657589,418.9,0.0,434.6,BID
657,1712307548.300274,2809004.79638495,419.0,5.597565029839821e-09,434.6,BID
658,1712307570.2202046,2809004.79638495,419.0,0.0,434.6,BID
659,1712307600.277011,2809004.79638495,419.0,0.0,434.6,BID
660,1712307611.9508257,2809050.09597912,418.9,-1.7713984639199508e-08,434.6,ASK
661,1712307611.9574142,2809110.5053847,418.9,-2.362253574477892e-08,434.6,ASK
662,1712307630.195273,2809110.5053847,418.9,-0.0,434.6,ASK
663,1712307644.8404624,2809850.2926207,418.9,2.892819033293579e-07,434.6,BID
664,1712307644.844986,2810245.12547021,418.9,1.5439303713969352e-07,434.6,BID
665,1712307647.1104653,2810993.96816118,418.6,-2.928228933895496e-07,434.6,ASK
666,1712307658.400632,2811005.93948734,418.5,-4.681194603467925e-09,434.6,ASK
667,1712307658.4067464,2814205.93948734,418.5,-1.251308546034462e-06,434.6,ASK
668,1712307660.290356,2814205.93948734,418.5,-0.0,434.6,ASK
669,1712307690.2830238,2819625.7355163,418.5,2.1175579139628905e-06,434.6,BID
670,1712307690.3003588,2819625.7355163,418.5,0.0,434.6,BID
671,1712307699.1907537,2822685.7355163,418.6,-1.1945080488722285e-06,434.6,ASK
672,1712307699.2010026,2822970.21712166,418.5,-1.1105083900601189e-07,434.6,ASK
673,1712307711.8721,2824473.54544266,419.1,5.868424116118257e-07,434.6,BID
674,1712307711.97064,2824473.54544328,419.1,2.42126326615059e-16,434.6,BID
675,1712307720.1930838,2824473.54544328,419.1,0.0,434.6,BID
676,1712307725.6606402,2824919.50673028,419.6,1.7394854380029576e-07,434.6,BID
677,1712307725.666129,2824919.50673112,419.6,3.276651892607919e-16,434.6,BID
678,1712307750.191676,2824919.50673112,419.6,0.0,434.6,BID
679,1712307780.2805266,2824919.50673112,419.6,0.0,434.6,BID
680,1712307810.3006256,2824919.50673112,419.6,0.0,434.6,BID
681,1712307814.9293485,2825419.50673112,419.4,-1.9501227292622985e-07,434.6,ASK
682,1712307816.2988677,2825919.50673067,419.2,-1.950122727507856e-07,434.6,ASK
683,1712307816.30164,2826062.45934212,419.3,-5.575502735925069e-08,434.6,ASK
684,1712307816.304304,2826082.45934212,419.2,-7.800490917049193e-09,434.6,ASK
685,1712307840.2207663,2826082.45934212,419.2,-0.0,434.6,ASK
686,1712307840.6508043,2826082.45934257,419.2,-1.7541091422726495e-16,434.6,ASK
687,1712307844.9147294,2826096.76993372,419.2,5.580420500013891e-09,434.6,BID
688,1712307868.9891264,2827096.76993272,419.2,-3.899503826159415e-07,434.6,ASK
689,1712307868.996737,2827096.76993372,419.2,-3.9004414467926e-16,434.6,ASK
690,1712307868.9994256,2827335.31955204,419.2,-9.30225150298445e-08,434.6,ASK
691,1712307869.002072,2827344.86392272,419.2,-3.721831002080793e-09,434.6,ASK
692,1712307870.2039778,2827344.86392272,419.2,-0.0,434.6,ASK
693,1712307873.8610227,2827844.86392272,418.9,-1.9493496257105777e-07,434.6,ASK
694,1712307880.7108414,2828528.71846572,418.8,2.666143194875033e-07,434.6,BID
695,1712307880.750708,2828528.71846583,418.8,4.302671750014712e-17,434.6,BID
696,1712307895.250761,2828910.94493502,418.6,-1.4901860493038585e-07,434.6,ASK
697,1712307900.290616,2828910.94493502,418.6,-0.0,434.6,ASK
698,1712307930.2909262,2828910.94493502,418.6,-0.0,434.6,ASK
699,1712307960.2108808,2828910.94493502,418.6,-0.0,434.6,ASK
700,1712307990.1962943,2828910.94493502,418.6,-0.0,434.6,ASK
701,1712308020.3072782,2828910.94493502,418.6,-0.0,434.6,ASK
702,1712308046.574306,2836717.34087669,418.5,-3.044929016543964e-06,434.6,ASK
703,1712308046.5770977,2837764.77516446,418.5,-4.085576852089272e-07,434.6,ASK
704,1712308046.5797756,2837776.73646402,418.6,-4.665572740360722e-09,434.6,ASK
705,1712308046.6108203,2837776.73646537,418.5,-5.265564628545109e-16,434.6,ASK
706,1712308046.6511729,2837839.03321333,418.2,-2.4299199901921257e-08,434.6,ASK
707,1712308046.6548471,2839529.0989925,418.1,-6.592197435686113e-07,434.6,ASK
708,1712308046.6582627,2840029.0989925,418.2,-1.9502783610361882e-07,434.6,ASK
709,1712308046.6622822,2840041.08177173,418.1,-4.6739510074651176e-09,434.6,ASK
710,1712308046.6651604,2840053.05882169,418.1,-4.671716273138618e-09,434.6,ASK
711,1712308046.667829,2840253.05882169,418.1,-7.80111344414475e-08,434.6,ASK
712,1712308046.6704829,2841104.76534579,418.1,-3.322129607811756e-07,434.6,ASK
713,1712308050.3146248,2841104.76534579,418.1,-0.0,434.6,ASK
714,1712308063.5233274,2841641.64603561,418.0,-2.089974512638404e-07,434.6,ASK
715,1712308064.6652238,2841665.56948058,418.0,-9.312942556691034e-09,434.6,ASK
716,1712308064.6681943,2843844.95673261,418.0,-8.483940466244837e-07,434.6,ASK
717,1712308068.3275278,2843865.95673261,417.9,-8.174900978483476e-09,434.6,ASK
718,1712308068.333948,2843865.95673333,418.0,-2.8042947194303827e-16,434.6,ASK
719,1712308068.3367803,2844431.8121793,417.9,-2.202767732828157e-07,434.6,ASK
720,1712308068.4131384,2848651.79066489,417.9,-1.6427574405251267e-06,434.6,ASK
721,1712308068.4159536,2848695.79066489,417.9,-1.7128363954917763e-08,434.6,ASK
722,1712308072.4370792,2848902.7173952,417.8,-8.055264428982137e-08,434.6,ASK
723,1712308072.4415853,2849614.70877863,417.8,-2.771647170035421e-07,434.6,ASK
724,1712308075.3805585,2849814.70877863,417.6,-7.785619979508072e-08,434.6,ASK
725,1712308075.3834505,2849940.03205449,417.6,-4.8785970021624944e-08,434.6,ASK
726,1712308075.386201,2851357.38086511,417.5,-5.517469608948084e-07,434.6,ASK
727,1712308075.388998,2853857.38086511,417.6,-9.73202497438509e-07,434.6,ASK
728,1712308075.3917682,2853881.33296091,417.5,-9.32409578060948e-09,434.6,ASK
729,1712308075.3945105,2853893.33871216,417.3,-4.673610839990279e-09,434.6,ASK
730,1712308075.3972547,2855090.94350257,417.5,-4.662047891885442e-07,434.6,ASK
731,1712308075.4000456,2855114.90707793,417.3,-9.328564555124064e-09,434.6,ASK
732,1712308080.18666,2855114.90707793,417.3,-0.0,434.6,ASK
733,1712308098.3222106,2855264.90707793,417.2,-5.8259405853655923e-08,434.6,ASK
734,1712308098.3270657,2856463.6603745,417.1,-4.655910321551666e-07,434.6,ASK
735,1712308098.3317444,2856487.64118984,417.0,-9.314053690747109e-09,434.6,ASK
736,1712308098.3364625,2856499.65269787,417.1,-4.66522214151701e-09,434.6,ASK
737,1712308098.341099,2858609.65269787,417.0,-8.195156423414265e-07,434.6,ASK
738,1712308098.3442326,2858783.90707793,416.9,-6.767971099791053e-08,434.6,ASK
739,1712308098.3469806,2858814.90707793,417.1,-1.2040277209755556e-08,434.6,ASK
740,1712308098.349698,2859314.90707793,417.0,-1.941980195121864e-07,434.6,ASK
741,1712308103.3512702,2859383.75680793,417.4,2.6740962419858643e-08,434.6,BID
742,1712308110.2845137,2859383.75680793,417.4,0.0,434.6,BID
743,1712308136.4511087,2860083.41200193,417.4,2.7155553851715654e-07,434.6,BID
744,1712308136.4815664,2860083.41200194,417.4,3.7954566152610616e-18,434.6,BID
745,1712308140.3010335,2860083.41200194,417.4,0.0,434.6,BID
746,1712308169.7010193,2860107.32972497,418.1,9.282077953713524e-09,434.6,BID
747,1712308170.2809494,2860107.32972497,418.1,0.0,434.6,BID
748,1712308182.771031,2860346.90806709,417.4,-9.297608366368009e-08,434.6,ASK
749,1712308200.2638836,2860346.90806709,417.4,-0.0,434.6,ASK
750,1712308230.2478323,2860346.90806709,417.4,-0.0,434.6,ASK
751,1712308260.3014874,2860346.90806709,417.4,-0.0,434.6,ASK
752,1712308267.911466,2860396.75854916,417.4,-1.9386702857613108e-08,434.6,ASK
753,1712308290.3014567,2860396.75854916,417.4,-0.0,434.6,ASK
754,1712308320.2113523,2860396.75854916,417.4,-0.0,434.6,ASK
755,1712308350.211343,2860396.75854916,417.4,-0.0,434.6,ASK
756,1712308359.8414423,2860564.222664,418.0,6.512576464249797e-08,434.6,BID
757,1712308361.8314774,2860578.55958156,418.5,5.575539091512734e-09,434.6,BID
758,1712308374.9215312,2860602.45444416,418.5,9.292565152521224e-09,434.6,BID
759,1712308380.2913396,2860602.45444416,418.5,0.0,434.6,BID
760,1712308410.285119,2860602.45444416,418.5,0.0,434.6,BID
761,1712308440.2114832,2860602.45444416,418.5,0.0,434.6,BID
762,1712308470.2217236,2860602.45444416,418.5,0.0,434.6,BID
763,1712308482.681537,2860616.79136172,418.5,5.575352624380964e-09,434.6,BID
764,1712308500.2040217,2860616.79136172,418.5,0.0,434.6,BID
765,1712308530.2134953,2860616.79136172,418.5,0.0,434.6,BID
766,1712308550.0412202,2861214.02021982,418.6,2.323604519699026e-07,434.6,BID
767,1712308552.2014277,2862641.01665449,418.6,-5.551934271462965e-07,434.6,ASK
768,1712308560.203524,2862641.01665449,418.6,-0.0,434.6,ASK
769,1712308560.8546443,2865561.01665149,418.6,-1.1356934697748955e-06,434.6,ASK
770,1712308560.9217997,2866801.44151156,418.6,-4.824460324575072e-07,434.6,ASK
771,1712308560.9266927,2866813.44151156,418.5,-4.6672334422265905e-09,434.6,ASK
772,1712308560.9355316,2871013.44151156,418.6,-1.6335317047793064e-06,434.6,ASK
773,1712308560.9383416,2872870.63214701,418.6,-7.223285201967482e-07,434.6,ASK
774,1712308572.4072363,2872883.90156701,418.1,-5.160956732013199e-09,434.6,ASK
775,1712308572.4115791,2874305.55430017,418.1,-5.529320982863222e-07,434.6,ASK
776,1712308586.494167,2876513.2950253,418.1,-8.58670112007632e-07,434.6,ASK
777,1712308587.2914,2878014.2950253,418.1,-5.837931163985092e-07,434.6,ASK
778,1712308587.3912811,2878251.1950253,418.1,-9.21389668721015e-08,434.6,ASK
779,1712308588.5054245,2878944.46336597,418.1,-2.6963709866767815e-07,434.6,ASK
780,1712308590.203688,2878944.46336597,418.1,-0.0,434.6,ASK
781,1712308592.251306,2879636.92368158,418.1,-2.68610162614554e-07,434.6,ASK
782,1712308592.3230405,2880227.37759246,418.1,-2.290411702194759e-07,434.6,ASK
783,1712308596.611492,2880790.39000521,418.1,-2.1839642263059042e-07,434.6,ASK
784,1712308607.5378785,2883111.74137856,418.1,-9.004683096272569e-07,434.6,ASK
785,1712308607.5711746,2884858.88603458,418.1,-6.777295385531569e-07,434.6,ASK
786,1712308607.6926544,2886408.38603457,418.1,-6.010618046784202e-07,434.6,ASK
787,1712308607.705332,2887706.96502768,418.1,-5.037278045312036e-07,434.6,ASK
788,1712308608.9712083,2888389.16502768,418.1,-2.6463011497517786e-07,434.6,ASK
789,1712308610.384917,2888919.56502768,418.1,-2.057458413703711e-07,434.6,ASK
790,1712308611.5012276,2889246.35016989,418.1,-1.2676222479526557e-07,434.6,ASK
791,1712308612.591287,2889882.7232581,418.1,-2.468535378190577e-07,434.6,ASK
792,1712308612.8144226,2890660.8614269,418.1,-3.018451965350984e-07,434.6,ASK
793,1712308620.29106,2890660.8614269,418.1,-0.0,434.6,ASK
794,1712308628.7771518,2891739.14597421,418.1,-4.174807584531773e-07,434.6,ASK
795,1712308630.3612294,2892394.23111321,418.1,-2.536301214399916e-07,434.6,ASK
796,1712308634.45131,2893043.15198721,418.1,-2.512434953552151e-07,434.6,ASK
797,1712308639.9112697,2893280.15198721,418.1,-9.175958238504801e-08,434.6,ASK
798,1712308643.1235957,2895458.15198721,418.1,-8.432589469815805e-07,434.6,ASK
799,1712308643.3811638,2896155.02161019,418.1,-2.698078716518696e-07,434.6,ASK
800,1712308650.29131,2896155.02161019,418.1,-0.0,434.6,ASK
801,1712308656.8912904,2897168.02161019,418.1,-3.918559531230096e-07,434.6,ASK
802,1712308658.7014313,2897471.85585538,418.2,-1.1753135018790445e-07,434.6,ASK
803,1712308660.761243,2899238.89583371,418.1,-6.835391262734191e-07,434.6,ASK
804,1712308660.7712574,2900481.85585538,418.1,-4.808107443092648e-07,434.6,ASK
805,1712308662.011304,2900633.22195138,418.1,-5.8552523019229823e-08,434.6,ASK
806,1712308672.9916794,2900633.22195186,418.1,-1.8571449570103263e-16,434.6,ASK
807,1712308672.9983263,2906911.27847238,417.9,-2.428523022318265e-06,434.6,ASK
808,1712308673.099686,2909895.01406638,417.9,-1.1541900839624857e-06,434.6,ASK
809,1712308680.191093,2909895.01406638,417.9,-0.0,434.6,ASK
810,1712308710.2029345,2909895.01406638,417.9,-0.0,434.6,ASK
811,1712308721.0212655,2909895.01406655,417.9,-6.560188043143627e-17,434.6,ASK
812,1712308723.8913827,2910397.26237709,417.6,-1.938526641514257e-07,434.6,ASK
813,1712308740.301146,2910397.26237709,417.6,-0.0,434.6,ASK
1014,1712308741.9231465,2910421.21447289,417.5,-9.244036539869581e-09,434.6,ASK
814,1712308741.9231465,2910421.21447289,417.5,-9.24403653986958e-09,434.6,ASK
815,1712308741.9300203,2910648.38653236,417.5,-8.767444970615556e-08,434.6,ASK
816,1712308750.392276,2910888.22111698,417.6,-9.256140599366613e-08,434.6,ASK
817,1712308750.4712706,2911276.19691998,417.6,1.497348094067252e-07,434.6,BID
818,1712308750.4913793,2911276.19692046,417.6,1.8528784623799284e-16,434.6,BID
819,1712308750.5312748,2911515.25979399,418.3,9.226357295330177e-08,434.6,BID
820,1712308770.291248,2911515.25979399,418.3,0.0,434.6,BID
821,1712308800.2518263,2911515.25979399,418.3,0.0,434.6,BID
822,1712308804.859095,2911942.30048361,417.6,-1.6487745597486272e-07,434.6,ASK
823,1712308828.25772,2912515.58543258,417.6,-2.213413527852625e-07,434.6,ASK
824,1712308828.2621942,2912873.53037514,417.6,-1.382000660423764e-07,434.6,ASK
825,1712308830.186827,2912873.53037514,417.6,-0.0,434.6,ASK
826,1712308834.911267,2914331.90599223,417.6,-5.629454531009524e-07,434.6,ASK
827,1712308835.1566763,2914721.26708115,417.6,-1.502967082371038e-07,434.6,ASK
828,1712308860.3087096,2914721.26708115,417.6,-0.0,434.6,ASK
829,1712308869.3814056,2915782.29384515,417.6,-4.094434469213154e-07,434.6,ASK
830,1712308890.685048,2915782.29384515,417.6,-0.0,434.6,ASK
831,1712308901.9570868,2916019.29384515,417.6,-9.14411503339273e-08,434.6,ASK
832,1712308913.7501156,2933186.35773459,417.6,-6.623527721124003e-06,434.6,ASK
833,1712308913.7564552,2934166.5355363,417.6,-3.781796865829136e-07,434.6,ASK
834,1712308914.7225366,2934178.5355363,417.5,-4.629931662477332e-09,434.6,ASK
835,1712308914.7257838,2934519.83467973,417.5,-1.316826425451862e-07,434.6,ASK
836,1712308918.1912868,2947422.9820397,417.5,-4.978390875628002e-06,434.6,ASK
837,1712308920.2422085,2947422.9820397,417.5,-0.0,434.6,ASK
838,1712308920.7784576,2947710.23756674,417.4,-1.1026902666716205e-07,434.6,ASK
839,1712308920.7825358,2947834.82096104,417.4,-4.782393491235081e-08,434.6,ASK
840,1712308932.5170686,2948186.62397663,417.4,-1.3504692671170448e-07,434.6,ASK
841,1712308932.5203116,2948368.70373904,417.4,-6.989511527808986e-08,434.6,ASK
842,1712308932.544003,2948368.70374,417.4,-3.684115809289881e-16,434.6,ASK
843,1712308932.839377,2952927.44761273,417.3,-1.7499689382855697e-06,434.6,ASK
844,1712308932.8443005,2952939.45336398,417.3,-4.608658076736115e-09,434.6,ASK
845,1712308933.7715597,2953107.15820345,417.4,6.43770012235143e-08,434.6,BID
846,1712308933.7789967,2956626.50823973,417.5,1.3509759307349576e-06,434.6,BID
847,1712308936.8012557,2958795.19551162,417.5,8.324958516237962e-07,434.6,BID
848,1712308937.6264794,2959890.29887522,417.4,-4.203782717375069e-07,434.6,ASK
849,1712308937.63049,2959902.2801881,417.4,-4.599276898401741e-09,434.6,ASK
850,1712308939.171641,2963377.3471641,417.4,-1.333976954230658e-06,434.6,ASK
851,1712308939.1913218,2963377.3471647,417.4,-2.302348938556704e-16,434.6,ASK
852,1712308950.2112186,2963377.3471647,417.4,-0.0,434.6,ASK
853,1712308950.2320411,2963877.3471647,417.1,-1.914460231537181e-07,434.6,ASK
854,1712308950.2389636,2963983.3471647,417.1,-4.058655690858824e-08,434.6,ASK
855,1712308974.951326,2964177.3471647,417.1,-7.428105698364261e-08,434.6,ASK
856,1712308974.956206,2964417.09782401,417.1,-9.179862054686204e-08,434.6,ASK
857,1712308977.201132,2964806.55596535,417.0,-1.491204246887414e-07,434.6,ASK
858,1712308980.286401,2964806.55596535,417.0,-0.0,434.6,ASK
859,1712308982.3815134,2965616.13859139,417.0,-3.099120153103803e-07,434.6,ASK
860,1712308982.3871422,3020207.83085275,417.0,-2.089795509900719e-05,434.6,ASK
861,1712308982.5411994,3020567.54308296,417.0,-1.3769952394033594e-07,434.6,ASK
862,1712308984.9912086,3021346.2885,417.0,-2.981073874930064e-07,434.6,ASK
863,1712308986.1015503,3022231.69977158,417.0,-3.389395754403257e-07,434.6,ASK
864,1712308993.1630917,3044479.9213979,417.0,-8.516723283712702e-06,434.6,ASK
865,1712309006.8651106,3044480.17073859,417.1,9.544878208973564e-11,434.6,BID
866,1712309010.3011372,3044480.17073859,417.1,0.0,434.6,BID
867,1712309011.2114573,3044504.15155393,417.0,-9.064681256935032e-09,434.6,ASK
868,1712309011.2214725,3050339.11473561,417.0,-2.205599794600168e-06,434.6,ASK
869,1712309011.3826218,3056493.42750974,417.0,2.3263130490942136e-06,434.6,BID
870,1712309015.3623686,3057323.34148654,417.0,3.1370516655757205e-07,434.6,BID
871,1712309015.376274,3058155.36177174,417.0,3.145013452529798e-07,434.6,BID
872,1712309015.6598096,3060378.15150068,417.0,8.402083127074363e-07,434.6,BID
873,1712309015.7114034,3064358.96684878,417.0,1.5047370892891069e-06,434.6,BID
874,1712309016.323701,3066372.89857205,417.0,7.612605695832898e-07,434.6,BID
875,1712309040.2020702,3066372.89857205,417.0,0.0,434.6,BID
876,1712309044.5212717,3066948.43814039,417.0,-2.1680419416365225e-07,434.6,ASK
877,1712309046.8124652,3066960.45541071,416.9,-4.526873131086154e-09,434.6,ASK
878,1712309046.8181565,3067679.87987114,417.0,-2.710052427063633e-07,434.6,ASK
879,1712309046.8233025,3068279.87987114,416.9,-2.260183724177217e-07,434.6,ASK
880,1712309046.826402,3068903.38107018,417.0,-2.348712103459008e-07,434.6,ASK
881,1712309046.8295288,3068953.38107018,416.9,-1.883486436814347e-08,434.6,ASK
882,1712309046.8326817,3069118.99236534,416.9,-6.238532564338816e-08,434.6,ASK
883,1712309046.8360384,3069131.26050566,416.2,-4.621375179606562e-09,434.6,ASK
884,1712309046.8392086,3069258.31031249,416.1,-4.7859317592840415e-08,434.6,ASK
885,1712309046.8425727,3069270.34779446,416.2,-4.534486804836366e-09,434.6,ASK
886,1712309046.84575,3069806.38620982,416.5,-2.019242169883273e-07,434.6,ASK
887,1712309046.8489342,3070306.38620982,416.8,-1.883486436814347e-07,434.6,ASK
888,1712309046.8521218,3070327.38620982,416.7,-7.910643034620257e-09,434.6,ASK
889,1712309046.8553169,3070447.52076051,416.2,-4.5254359363549924e-08,434.6,ASK
890,1712309070.2049663,3070447.52076051,416.2,-0.0,434.6,ASK
891,1712309100.291264,3070447.52076051,416.2,-0.0,434.6,ASK
892,1712309130.301303,3070447.52076051,416.2,-0.0,434.6,ASK
893,1712309148.3414617,3070928.05896329,416.2,-1.8115206142072242e-07,434.6,ASK
894,1712309148.3487003,3071661.86626747,416.2,-2.766287988527225e-07,434.6,ASK
895,1712309148.4812405,3073047.33203976,416.2,5.222893397991462e-07,434.6,BID
896,1712309148.5307126,3074484.02314629,416.2,5.416001351550266e-07,434.6,BID
897,1712309160.1979434,3074484.02314629,416.2,0.0,434.6,BID
898,1712309190.202702,3074484.02314629,416.2,0.0,434.6,BID
899,1712309198.0378294,3074498.35321555,418.7,5.398693725831366e-09,434.6,BID
900,1712309220.31661,3074498.35321555,418.7,0.0,434.6,BID
901,1712309242.4620552,3075987.76131555,416.3,5.611166172951805e-07,434.6,BID
902,1712309242.4678464,3079302.58093595,416.3,1.248818488594394e-06,434.6,BID
903,1712309250.301864,3079302.58093595,416.3,0.0,434.6,BID
904,1712309280.1771502,3079302.58093595,416.3,0.0,434.6,BID
905,1712309310.1922216,3079302.58093595,416.3,0.0,434.6,BID
906,1712309322.502175,3079316.92128011,418.4,5.398484838862016e-09,434.6,BID
907,1712309327.7530112,3080033.93848852,418.4,2.699242421001698e-07,434.6,BID
908,1712309340.3018909,3080033.93848852,418.4,0.0,434.6,BID
909,1712309370.3053312,3080033.93848852,418.4,0.0,434.6,BID
910,1712309379.2321396,3080057.83906213,418.3,8.996438390254041e-09,434.6,BID
911,1712309391.123195,3080125.8739653,418.3,2.560908473359453e-08,434.6,BID
912,1712309398.421862,3080193.84141595,418.3,2.5583694864232373e-08,434.6,BID
913,1712309400.301819,3080193.84141595,418.3,0.0,434.6,BID
914,1712309415.8726356,3080205.79741786,418.2,4.509391634795808e-09,434.6,BID
915,1712309423.0558517,3081206.62223325,418.2,3.7747660835296937e-07,434.6,BID
916,1712309423.0632775,3082596.42615321,418.3,5.241861132086063e-07,434.6,BID
917,1712309430.2119744,3082596.42615321,418.3,0.0,434.6,BID
918,1712309460.2918968,3082596.42615321,418.3,0.0,434.6,BID
919,1712309490.2921126,3082596.42615321,418.3,0.0,434.6,BID
920,1712309520.2467327,3082596.42615321,418.3,0.0,434.6,BID
921,1712309550.1883228,3082596.42615321,418.3,0.0,434.6,BID
922,1712309569.382033,3084988.42615321,418.2,9.018381063974324e-07,434.6,BID
923,1712309569.988946,3085054.99593793,418.3,2.5098314630073503e-08,434.6,BID
924,1712309569.9990134,3087118.56872821,418.3,7.780136193977287e-07,434.6,BID
925,1712309570.0419486,3087118.56872827,418.3,2.2647864159823617e-17,434.6,BID
926,1712309580.280629,3087118.56872827,418.3,0.0,434.6,BID
927,1712309610.2136192,3087118.56872827,418.3,0.0,434.6,BID
928,1712309616.9420087,3087835.07219137,418.7,2.699455171429401e-07,434.6,BID
929,1712309619.792019,3088118.56872827,418.7,1.0680844294950157e-07,434.6,BID
1130,1712309620.5022771,3088154.55572827,418.7,-1.355824476192108e-08,434.6,ASK
930,1712309620.5022771,3088154.55572827,418.7,-1.3558244761921081e-08,434.6,ASK
931,1712309630.2520473,3088342.18371818,419.4,7.068958822263085e-08,434.6,BID
932,1712309630.3721735,3092959.55572827,419.4,-1.7396131900215509e-06,434.6,ASK
933,1712309632.6261067,3093356.57565447,418.7,-1.4957882943134193e-07,434.6,ASK
934,1712309632.6297524,3093460.92342928,418.7,-3.9313437386561246e-08,434.6,ASK
935,1712309634.5519247,3093508.65612617,419.0,1.7983482579161872e-08,434.6,BID
936,1712309640.3020368,3093508.65612617,419.0,0.0,434.6,BID
937,1712309642.8221133,3093580.25517151,419.0,2.694802552556625e-08,434.6,BID
938,1712309647.8023007,3093627.9878684,419.0,1.7965350349092243e-08,434.6,BID
939,1712309650.496172,3093935.05174318,419.0,1.155708864030977e-07,434.6,BID
940,1712309650.5727825,3096012.23727114,419.0,-7.817988125820534e-07,434.6,ASK
941,1712309670.3019245,3096012.23727114,419.0,-0.0,434.6,ASK
942,1712309679.222129,3096140.01693215,418.6,4.80739732137979e-08,434.6,BID
943,1712309700.2118456,3096140.01693215,418.6,0.0,434.6,BID
944,1712309730.2239568,3096140.01693215,418.6,0.0,434.6,BID
945,1712309760.301963,3096140.01693215,418.6,0.0,434.6,BID
946,1712309760.3639803,3096152.02844018,417.1,-4.591279920228823e-09,434.6,ASK
947,1712309760.372024,3096744.54347675,417.1,-2.26483001390885e-07,434.6,ASK
948,1712309790.3019152,3096744.54347675,417.1,-0.0,434.6,ASK
949,1712309820.2091622,3096744.54347675,417.1,-0.0,434.6,ASK
950,1712309850.220883,3096744.54347675,417.1,-0.0,434.6,ASK
951,1712309880.2950065,3096744.54347675,417.1,-0.0,434.6,ASK
952,1712309910.3550606,3096744.54347675,417.1,-0.0,434.6,ASK
953,1712309940.217432,3096744.54347675,417.1,-0.0,434.6,ASK
954,1712309970.217422,3096744.54347675,417.1,-0.0,434.6,ASK
955,1712309974.1478791,3098581.64461775,418.0,7.021460333863454e-07,434.6,BID
956,1712309988.472103,3098581.64461834,418.0,2.254971872935618e-16,434.6,BID
957,1712309989.5420282,3098938.09091834,418.0,-1.3623493561383978e-07,434.6,ASK
958,1712310000.2434933,3098938.09091834,418.0,-0.0,434.6,ASK
959,1712310018.7319844,3099349.82706134,418.5,1.5851927754277518e-07,434.6,BID
960,1712310018.7419624,3099349.82706214,418.5,3.0800402108318155e-16,434.6,BID
961,1712310022.34726,3099715.91730894,418.6,1.4094551188845113e-07,434.6,BID
962,1712310029.0221984,3099777.64740113,418.6,2.376621480265938e-08,434.6,BID
963,1712310029.0299642,3099835.21181239,419.7,2.2162418918687783e-08,434.6,BID
964,1712310030.2137828,3099835.21181239,419.7,0.0,434.6,BID
965,1712310057.3123317,3100342.07462377,419.6,1.951150324120437e-07,434.6,BID
966,1712310057.4521194,3102661.39747977,419.7,-8.928150656589506e-07,434.6,ASK
967,1712310057.4719214,3105063.36495049,419.7,-9.246288154900112e-07,434.6,ASK
968,1712310060.2920897,3105063.36495049,419.7,-0.0,434.6,ASK
969,1712310090.2923195,3105063.36495049,419.7,-0.0,434.6,ASK
970,1712310120.1920772,3105063.36495049,419.7,-0.0,434.6,ASK
971,1712310139.8185654,3105403.96575581,418.1,-1.3100241447696228e-07,434.6,ASK
972,1712310150.1907332,3105403.96575581,418.1,-0.0,434.6,ASK
973,1712310162.2818646,3105493.96575581,418.1,-3.461404488504048e-08,434.6,ASK
974,1712310174.4220624,3105744.25375581,418.1,-9.626088962436745e-08,434.6,ASK
975,1712310177.465459,3105744.27634674,418.1,-8.68848280704494e-12,434.6,ASK
976,1712310177.607123,3107433.46745445,418.0,-6.496637424633061e-07,434.6,ASK
977,1712310177.6238172,3111411.5320973,418.0,-1.5299656455910778e-06,434.6,ASK
978,1712310177.6375818,3113118.66220714,418.0,-6.565630916289816e-07,434.6,ASK
979,1712310177.6411462,3114810.45581184,418.0,-6.506646641034064e-07,434.6,ASK
980,1712310177.657607,3115921.44123098,418.0,-4.2728554627493657e-07,434.6,ASK
981,1712310177.778583,3116652.33903398,417.5,2.811036595489932e-07,434.6,BID
982,1712310177.7845995,3116652.33903477,417.5,3.039217769784733e-16,434.6,BID
983,1712310178.4365058,3117665.11985207,417.3,-3.895160074303665e-07,434.6,ASK
984,1712310178.557559,3117665.11985284,417.3,2.9604166019175983e-16,434.6,BID
985,1712310178.563761,3118221.22344384,417.3,2.13877718440144e-07,434.6,BID
986,1712310180.2845747,3118221.22344384,417.3,0.0,434.6,BID
1187,1712310203.6223893,3118341.382539,417.2,-4.611824475227613e-08,434.6,ASK
987,1712310203.6223893,3118341.382539,417.2,-4.6118244752276134e-08,434.6,ASK
988,1712310203.6278548,3118712.4934589,417.2,-1.4243602792988729e-07,434.6,ASK
989,1712310203.6314373,3118964.18665161,417.2,-9.660232750951913e-08,434.6,ASK
990,1712310203.6445692,3119191.99621469,417.2,-8.74355551120021e-08,434.6,ASK
991,1712310203.6499844,3119691.99621469,417.2,-1.919049269261286e-07,434.6,ASK
992,1712310203.6553578,3119700.93326816,417.1,-3.430129186167871e-09,434.6,ASK
993,1712310203.7422662,3120069.9414323,417.1,-1.4162896954883637e-07,434.6,ASK
994,1712310204.042031,3120546.7000026,417.1,-1.8298463718963482e-07,434.6,ASK
995,1712310205.0697334,3121520.67370952,417.1,-3.7382070610897e-07,434.6,ASK
996,1712310205.1619244,3123250.68938969,417.1,-6.639970653680409e-07,434.6,ASK
997,1712310205.3281755,3124040.23905146,417.1,-3.030369402930418e-07,434.6,ASK
998,1712310207.032009,3125651.85668761,417.1,-6.185547293965342e-07,434.6,ASK
999,1712310209.6620474,3126264.83202506,417.1,-2.352659746816945e-07,434.6,ASK
1000,1712310210.2920744,3126264.83202506,417.1,-0.0,434.6,ASK
1201,1712310210.4052413,3127666.69535057,417.1,-5.373569850419323e-07,434.6,ASK
1202,1712310210.4524765,3132898.64708599,417.1,-2.0054920898989058e-06,434.6,ASK
1203,1712310210.5866892,3134050.66898448,417.1,-4.415887075509197e-07,434.6,ASK
1204,1712310210.6807833,3137223.54552844,417.1,-1.216215120651592e-06,434.6,ASK
1205,1712310211.312014,3139976.1570973,417.1,-1.0551207287600514e-06,434.6,ASK
1206,1712310211.4720123,3142640.65720622,417.1,-1.02134617485061e-06,434.6,ASK
1207,1712310212.0121608,3144704.11310998,417.1,-7.909561674336251e-07,434.6,ASK
1208,1712310213.1920743,3145778.61326696,417.1,-4.118733647388436e-07,434.6,ASK
1209,1712310213.252049,3147907.56713593,417.1,-8.16062601471431e-07,434.6,ASK
1210,1712310218.4857256,3149366.1036881,417.1,-5.590807534409278e-07,434.6,ASK
1211,1712310218.6769586,3150719.49114185,417.1,-5.187753959367913e-07,434.6,ASK
1212,1712310218.7921,3151943.08558537,417.1,-4.690236267110559e-07,434.6,ASK
1213,1712310220.262075,3153746.05434279,417.1,-6.911072127943308e-07,434.6,ASK
1214,1712310220.3018043,3154649.02743208,417.1,-3.4612425334560384e-07,434.6,ASK
1215,1712310220.3820536,3156439.24458331,417.1,-6.862193150001458e-07,434.6,ASK
1216,1712310222.03196,3163395.35622599,417.1,-2.666390590227728e-06,434.6,ASK
1217,1712310222.212192,3164361.71670411,417.1,-3.704216691717957e-07,434.6,ASK
1218,1712310222.8121684,3165084.51513936,417.1,-2.770603816299473e-07,434.6,ASK
1219,1712310222.8321254,3165627.88954962,417.1,-2.0828423822271842e-07,434.6,ASK
1220,1712310224.5822077,3166337.9373858,417.1,-2.7217286988108765e-07,434.6,ASK
1221,1712310224.8020406,3166892.57473869,417.1,-2.126015070922303e-07,434.6,ASK
1222,1712310225.287717,3167294.27473869,417.1,-1.539781353596924e-07,434.6,ASK
1223,1712310225.543016,3167631.3164012,417.1,-1.2919354426651616e-07,434.6,ASK
1224,1712310233.7970788,3168228.79415784,417.1,-2.290229297644372e-07,434.6,ASK
1225,1712310233.8518696,3170326.73298009,417.1,-8.041740302440686e-07,434.6,ASK
1226,1712310233.9120464,3171887.52654175,417.1,-5.982775262781903e-07,434.6,ASK
1227,1712310233.9921868,3173884.64062196,417.1,-7.655262687865824e-07,434.6,ASK
1228,1712310233.9944422,3175470.71323265,417.1,-6.079673964134018e-07,434.6,ASK
1229,1712310234.0163848,3177075.6352905,417.1,-6.151926957070641e-07,434.6,ASK
1230,1712310234.0520637,3179080.42393738,417.1,-7.684680548595691e-07,434.6,ASK
1231,1712310234.2321398,3180171.17735972,417.1,-4.181035053753829e-07,434.6,ASK
1232,1712310234.25107,3181259.10525491,417.1,-4.170204349196559e-07,434.6,ASK
1233,1712310234.252473,3182362.82157621,417.1,-4.230723951207114e-07,434.6,ASK
1234,1712310234.4920428,3182830.67278174,417.1,-1.7933496702337337e-07,434.6,ASK
1235,1712310234.552126,3183300.38025336,417.1,-1.800465039697745e-07,434.6,ASK
1236,1712310234.6520677,3183626.10654162,417.1,-1.248561775054451e-07,434.6,ASK
1237,1712310238.112195,3184273.95324659,417.1,-2.4833016587077e-07,434.6,ASK
1238,1712310238.1341598,3184559.25321839,417.1,-1.0936011370660069e-07,434.6,ASK
1239,1712310240.2018714,3184559.25321839,417.1,-0.0,434.6,ASK
1240,1712310243.0320666,3184716.16521839,417.1,-5.9591514752025363e-08,434.6,ASK
1241,1712310248.1521757,3188315.70958164,417.1,-1.3670229238246169e-06,434.6,ASK
1242,1712310251.7422194,3188623.2291702,417.1,-1.167887612050112e-07,434.6,ASK
1243,1712310251.744509,3189035.49063204,417.1,-1.5656727965311016e-07,434.6,ASK
1244,1712310258.1223536,3189606.55703545,417.1,-2.168776894258348e-07,434.6,ASK
1245,1712310258.1398325,3189910.99670624,417.1,-1.1561908033153585e-07,434.6,ASK
1246,1712310258.1620522,3190262.69789913,417.1,-1.3356790318411194e-07,434.6,ASK
1247,1712310258.2618992,3191412.82260102,417.1,-4.367905140417801e-07,434.6,ASK
1248,1712310258.362018,3191882.38148237,417.1,-1.783275020707821e-07,434.6,ASK
1249,1712310258.3720348,3192478.20157752,417.1,-2.262785637151393e-07,434.6,ASK
1250,1712310258.852008,3193135.46677703,417.1,-2.4961398001800496e-07,434.6,ASK
1251,1712310259.0722957,3193632.5049554,417.1,-1.887634976206136e-07,434.6,ASK
1252,1712310259.2720108,3193999.92717293,417.1,-1.3953838136134348e-07,434.6,ASK
1253,1712310259.4520564,3194397.0192994,417.1,-1.5080632018234404e-07,434.6,ASK
1254,1712310260.1722538,3194696.42849707,417.1,-1.1370862406851709e-07,434.6,ASK
1255,1712310260.1785734,3194993.9957443,417.1,-1.130090942887125e-07,434.6,ASK
1256,1712310270.2050197,3194993.9957443,417.1,-0.0,434.6,ASK
1257,1712310295.875076,3195586.47042986,417.1,-2.246367500714444e-07,434.6,ASK
1258,1712310300.2320342,3195586.47042986,417.1,-0.0,434.6,ASK
1259,1712310330.1880713,3195586.47042986,417.1,-0.0,434.6,ASK
1260,1712310336.6720428,3196188.48815686,417.9,-2.284756062595281e-07,434.6,ASK
1261,1712310343.062135,3197102.32519921,417.9,-3.468161532612767e-07,434.6,ASK
1262,1712310343.0651088,3197102.32519988,417.9,-2.5430885767441043e-16,434.6,ASK
1263,1712310350.225066,3197448.99463291,417.1,-1.3156673853744418e-07,434.6,ASK
1264,1712310360.3021364,3197448.99463291,417.1,-0.0,434.6,ASK
1265,1712310386.8723109,3197449.51284396,417.1,-1.966115394883596e-10,434.6,ASK
1266,1712310386.8754115,3197789.99463291,417.1,-1.2918028030955045e-07,434.6,ASK
1267,1712310390.2856245,3197789.99463291,417.1,-0.0,434.6,ASK
1268,1712310420.2242296,3197789.99463291,417.1,-0.0,434.6,ASK
1269,1712310442.4021711,3198355.89492844,417.1,-2.1469346236966345e-07,434.6,ASK
1270,1712310443.1022637,3198762.98701396,417.1,-1.5444418395590662e-07,434.6,ASK
1271,1712310443.1047175,3198883.14606671,417.1,-4.558641031600309e-08,434.6,ASK
1272,1712310443.412048,3199272.06043948,417.1,-1.4754785236000746e-07,434.6,ASK
1273,1712310443.802177,3199563.77228876,417.1,-1.106707796954996e-07,434.6,ASK
1274,1712310443.849392,3199573.57697464,417.1,-3.719739988905845e-09,434.6,ASK
1275,1712310443.8522391,3199858.99340694,417.1,-1.0828239983550677e-07,434.6,ASK
1276,1712310450.2119684,3199858.99340694,417.1,-0.0,434.6,ASK
1277,1712310480.2845557,3199858.99340694,417.1,-0.0,434.6,ASK
1278,1712310482.3919978,3199912.33080694,417.1,-2.022872804936016e-08,434.6,ASK
1279,1712310510.303565,3199912.33080694,417.1,-0.0,434.6,ASK
1280,1712310518.0243256,3200407.23010932,417.6,1.876937933229039e-07,434.6,BID
1281,1712310518.0821688,3200605.49820694,417.6,7.519447119492232e-08,434.6,BID
1282,1712310526.3564734,3200682.06218275,417.1,-2.9037387974810423e-08,434.6,ASK
1283,1712310530.4821167,3200694.01532642,418.3,4.533307819834333e-09,434.6,BID
1284,1712310540.2058263,3200694.01532642,418.3,0.0,434.6,BID
1285,1712310570.2690563,3200694.01532642,418.3,0.0,434.6,BID
1286,1712310600.2320614,3200694.01532642,418.3,0.0,434.6,BID
1287,1712310630.2054255,3200694.01532642,418.3,0.0,434.6,BID
1288,1712310645.492299,3202071.23988902,418.2,5.249017033331084e-07,434.6,BID
1289,1712310645.5025165,3203084.02070632,418.2,3.860012306926974e-07,434.6,BID
1290,1712310647.422185,3203107.92699367,418.2,9.11140513393696e-09,434.6,BID
1291,1712310660.312067,3203107.92699367,418.2,0.0,434.6,BID
1292,1712310677.6422524,3204107.09932005,418.2,3.8066816342838404e-07,434.6,BID
1293,1712310677.645498,3205107.92699367,418.2,3.8129882340275493e-07,434.6,BID
1294,1712310690.2820406,3205107.92699367,418.2,0.0,434.6,BID
1295,1712310720.2089524,3205107.92699367,418.2,0.0,434.6,BID
1296,1712310750.1977673,3205107.92699367,418.2,0.0,434.6,BID
1297,1712310780.2921607,3205107.92699367,418.2,0.0,434.6,BID
1298,1712310810.2922783,3205107.92699367,418.2,0.0,434.6,BID
1299,1712310832.493876,3205120.92699367,418.2,4.951207689326882e-09,434.6,BID
1300,1712310840.2234042,3205120.92699367,418.2,0.0,434.6,BID
1301,1712310845.2022808,3205360.04703192,417.3,-9.10715785088334e-08,434.6,ASK
1302,1712310845.205733,3205932.85360867,417.2,-2.1815988114867525e-07,434.6,ASK
1303,1712310851.302102,3206372.82784922,417.2,-1.6756917941024894e-07,434.6,ASK
1304,1712310851.3621426,3207092.30385122,417.2,2.740205951825878e-07,434.6,BID
1305,1712310851.3753867,3207092.30385149,417.2,1.0286438184622424e-16,434.6,BID
1306,1712310854.5822127,3208287.90404278,418.2,4.553578925594193e-07,434.6,BID
1307,1712310867.7521706,3208309.16100692,418.2,8.09595587518753e-09,434.6,BID
1308,1712310867.7554924,3208387.90404278,418.2,2.9990178258673615e-08,434.6,BID
1309,1712310870.2059696,3208387.90404278,418.2,0.0,434.6,BID
1310,1712310900.292724,3208387.90404278,418.2,0.0,434.6,BID
1311,1712310930.295768,3208387.90404278,418.2,0.0,434.6,BID
1312,1712310944.9321778,3208818.29619964,418.0,1.639587539390995e-07,434.6,BID
1313,1712310946.232164,3211210.64069724,418.0,9.113684266028424e-07,434.6,BID
1314,1712310954.1223383,3228234.71956689,418.0,6.485356933067089e-06,434.6,BID
1315,1712310954.2061632,3232550.58346861,418.0,1.6441369951059478e-06,434.6,BID
1316,1712310960.2119818,3232550.58346861,418.0,0.0,434.6,BID
1317,1712310990.1937785,3232550.58346861,418.0,0.0,434.6,BID
1318,1712311020.292067,3232550.58346861,418.0,0.0,434.6,BID
1319,1712311050.2945397,3232550.58346861,418.0,0.0,434.6,BID
1320,1712311080.1837757,3232550.58346861,418.0,0.0,434.6,BID
1321,1712311110.215685,3232550.58346861,418.0,0.0,434.6,BID
1322,1712311140.3056383,3232550.58346861,418.0,0.0,434.6,BID
1323,1712311155.4823804,3233260.58651159,418.3,-2.694403779772907e-07,434.6,ASK
1324,1712311159.79215,3233563.36428591,418.3,-1.1490170184832036e-07,434.6,ASK
1325,1712311159.8621163,3233662.59677991,418.3,3.765792408259628e-08,434.6,BID
1326,1712311170.286659,3233662.59677991,418.3,0.0,434.6,BID
1327,1712311186.3550828,3233863.60191391,418.3,7.626635017020758e-08,434.6,BID
1328,1712311200.3046484,3233863.60191391,418.3,0.0,434.6,BID
1329,1712311230.2120664,3233863.60191391,418.3,0.0,434.6,BID
1330,1712311245.1522248,3233863.60191441,418.3,1.9019164075290634e-16,434.6,BID
1331,1712311245.155723,3234566.67214151,418.3,2.673718718469907e-07,434.6,BID
1332,1712311260.2335396,3234566.67214151,418.3,0.0,434.6,BID
1333,1712311290.1958745,3234566.67214151,418.3,0.0,434.6,BID
1334,1712311314.8121555,3237486.67214151,418.3,1.1103279982507058e-06,434.6,BID
1335,1712311314.962216,3240201.00993735,418.3,-1.032125086106638e-06,434.6,ASK
1336,1712311320.292307,3240201.00993735,418.3,-0.0,434.6,ASK
1337,1712311350.3122325,3240201.00993735,418.3,-0.0,434.6,ASK
1338,1712311351.752524,3240213.00706378,417.6,-4.55781444135807e-09,434.6,ASK
1339,1712311351.8922403,3240248.90265678,417.6,1.3637053265566085e-08,434.6,BID
1340,1712311379.8725286,3241261.68347407,417.1,-3.847643902047429e-07,434.6,ASK
1341,1712311379.8804588,3242286.47292031,417.2,-3.893265745554308e-07,434.6,ASK
1342,1712311379.9523337,3244228.06897937,417.1,7.376295156213002e-07,434.6,BID
1343,1712311379.9559977,3245000.61321164,417.1,2.9349638674147045e-07,434.6,BID
1344,1712311380.224375,3245000.61321164,417.1,0.0,434.6,BID
1345,1712311410.2323723,3245000.61321164,417.1,0.0,434.6,BID
1346,1712311432.0731916,3245000.61321227,417.1,2.3917574736559274e-16,434.6,BID
1347,1712311432.0767994,3246236.41459127,417.1,4.691350532746502e-07,434.6,BID
1348,1712311440.3033493,3246236.41459127,417.1,0.0,434.6,BID
1349,1712311470.3199785,3246236.41459127,417.1,0.0,434.6,BID
1350,1712311500.2207637,3246236.41459127,417.1,0.0,434.6,BID
1351,1712311528.7550642,3246260.91238647,417.0,-9.31685991022016e-09,434.6,ASK
1352,1712311528.7587967,3246760.91238647,417.0,-1.901571107556147e-07,434.6,ASK
1353,1712311528.7624488,3247979.95315385,417.0,-4.6361854043659e-07,434.6,ASK
1354,1712311528.7661202,3248185.44164581,417.1,-7.81501958492344e-08,434.6,ASK
1355,1712311528.7695956,3248297.45603429,417.0,-4.260066495291269e-08,434.6,ASK
1356,1712311530.2000833,3248297.45603429,417.0,-0.0,434.6,ASK
1357,1712311560.2950156,3248297.45603429,417.0,-0.0,434.6,ASK
1358,1712311563.5051658,3251137.45603429,416.7,-1.0797394541154629e-06,434.6,ASK
1359,1712311563.5653744,3254472.86021496,416.7,1.2680871441164526e-06,434.6,BID
1360,1712311563.6285534,3255221.87307313,416.7,2.847671600725457e-07,434.6,BID
1361,1712311564.075156,3259836.41236513,416.7,1.7544014563868616e-06,434.6,BID
1362,1712311564.1155326,3259836.41236545,416.7,1.2162630199935519e-16,434.6,BID
1363,1712311570.0556226,3259836.41236633,417.6,3.346051103039029e-16,434.6,BID
1364,1712311590.3044271,3259836.41236633,417.6,0.0,434.6,BID
1365,1712311620.198976,3259836.41236633,417.6,0.0,434.6,BID
1366,1712311650.2166283,3259836.41236633,417.6,0.0,434.6,BID
1367,1712311680.2970376,3259836.41236633,417.6,0.0,434.6,BID
1368,1712311695.4672256,3259936.41236545,417.6,-3.794962031132096e-08,434.6,ASK
1369,1712311710.29734,3259936.41236545,417.6,-0.0,434.6,ASK
1370,1712311740.211689,3259936.41236545,417.6,-0.0,434.6,ASK
1371,1712311770.2000463,3259936.41236545,417.6,-0.0,434.6,ASK
1372,1712311794.2487,3260256.27467387,417.6,-1.213846089583283e-07,434.6,ASK
1373,1712311800.2506106,3260256.27467387,417.6,-0.0,434.6,ASK
1374,1712311830.2186067,3260256.27467387,417.6,-0.0,434.6,ASK
1375,1712311860.328861,3260256.27467387,417.6,-0.0,434.6,ASK
1376,1712311890.3033173,3260256.27467387,417.6,-0.0,434.6,ASK
1377,1712311905.8895583,3261269.05549117,418.8,3.844872443530108e-07,434.6,BID
1378,1712311905.9894795,3262644.04926794,418.8,-5.219960323126002e-07,434.6,ASK
1379,1712311920.244667,3262644.04926794,418.8,-0.0,434.6,ASK
1380,1712311950.2299483,3262644.04926794,418.8,-0.0,434.6,ASK
1381,1712311980.3299446,3262644.04926794,418.8,-0.0,434.6,ASK
1382,1712312008.2604394,3262986.5308485,418.3,1.2996872135317074e-07,434.6,BID
1383,1712312008.2634623,3263837.93656497,418.4,3.2310091579689104e-07,434.6,BID
1384,1712312010.0341368,3264184.88016868,418.4,1.3166201955212648e-07,434.6,BID
1385,1712312010.0361156,3264309.64793335,418.4,4.7348259762569735e-08,434.6,BID
1386,1712312010.0379555,3264657.18990346,418.4,1.3188909429217697e-07,434.6,BID
1387,1712312010.310304,3264657.18990346,418.4,0.0,434.6,BID
1388,1712312040.2106605,3264657.18990346,418.4,0.0,434.6,BID
1389,1712312070.2135465,3264657.18990346,418.4,0.0,434.6,BID
1390,1712312100.2237706,3264657.18990346,418.4,0.0,434.6,BID
1391,1712312113.2812092,3266981.21431572,418.3,8.821419631172957e-07,434.6,BID
1392,1712312130.2318995,3266981.21431572,418.3,0.0,434.6,BID
1393,1712312160.3014011,3266981.21431572,418.3,0.0,434.6,BID
1394,1712312187.890385,3267993.99513302,418.2,3.84284650632248e-07,434.6,BID
1395,1712312190.3015847,3267993.99513302,418.2,0.0,434.6,BID
1396,1712312220.2149875,3267993.99513302,418.2,0.0,434.6,BID
1397,1712312250.222083,3267993.99513302,418.2,0.0,434.6,BID
1398,1712312273.852411,3273208.47062131,418.3,1.978237418703789e-06,434.6,BID
1399,1712312280.3057137,3273208.47062131,418.3,0.0,434.6,BID
1400,1712312310.3073616,3273208.47062131,418.3,0.0,434.6,BID
1401,1712312311.392483,3273208.47062132,418.3,3.7067899984963044e-18,434.6,BID
1402,1712312311.4524226,3274521.54357655,418.8,4.977341164784949e-07,434.6,BID
1403,1712312313.6224277,3275422.36290365,418.8,3.414650420563312e-07,434.6,BID
1404,1712312340.1993232,3275422.36290365,418.8,0.0,434.6,BID
1405,1712312370.2255862,3275422.36290365,418.8,0.0,434.6,BID
1406,1712312386.1529472,3275541.89434041,418.3,-4.5293729727625056e-08,434.6,ASK
1407,1712312386.1573076,3275546.97414608,418.0,-1.924877265231179e-09,434.6,ASK
1408,1712312391.1929698,3276134.09684706,418.1,-2.224768450540549e-07,434.6,ASK
1409,1712312391.1970527,3277236.71356524,418.1,-4.1781162328609953e-07,434.6,ASK
1410,1712312391.2526605,3277647.0907811,418.1,-1.5550314800331337e-07,434.6,ASK
1411,1712312391.3726878,3277966.63446346,418.1,-1.210838385056035e-07,434.6,ASK
1412,1712312391.5326788,3278289.4107129,418.1,-1.2230874655999494e-07,434.6,ASK
1413,1712312400.232599,3278289.4107129,418.1,-0.0,434.6,ASK
1414,1712312411.223199,3278918.3088119,418.1,-2.381984878020947e-07,434.6,ASK
1415,1712312411.2427218,3278918.30881232,418.1,-1.5908725564000415e-16,434.6,ASK
1416,1712312412.2442186,3279070.69854035,417.7,-5.7718417071009483e-08,434.6,ASK
1417,1712312412.2461596,3279309.50659622,417.7,-9.044981670908033e-08,434.6,ASK
1418,1712312419.9328468,3279956.58581565,417.7,-2.450846835145269e-07,434.6,ASK
1419,1712312420.173182,3280708.35745536,417.7,-2.847374925064821e-07,434.6,ASK
1420,1712312420.3031783,3281458.6302757,417.7,-2.84169806727263e-07,434.6,ASK
1421,1712312422.8931236,3281551.17959263,417.7,-3.5053544246549914e-08,434.6,ASK
1422,1712312422.8972414,3281736.10896136,417.7,-7.004297842807625e-08,434.6,ASK
1423,1712312430.2129366,3281736.10896136,417.7,-0.0,434.6,ASK
1424,1712312430.5030582,3282034.96437179,417.7,-1.131313704346397e-07,434.6,ASK
1425,1712312430.5787,3282631.18328879,417.7,-2.256979823860313e-07,434.6,ASK
1426,1712312430.6831284,3282930.03869879,417.7,-1.1313137027193737e-07,434.6,ASK
1427,1712312460.3132288,3282930.03869879,417.7,-0.0,434.6,ASK
1428,1712312476.473404,3282930.03869909,417.7,-1.135000223584385e-16,434.6,ASK
1429,1712312477.2134273,3282942.0142738,417.6,-4.532484313939919e-09,434.6,ASK
1430,1712312477.2174532,3282954.01140023,417.6,-4.540641152898448e-09,434.6,ASK
1431,1712312477.273226,3283951.79184123,417.2,-3.776373415994004e-07,434.6,ASK
1432,1712312482.2939253,3283951.79184126,417.2,-1.1455747598289601e-17,434.6,ASK
1433,1712312482.2981634,3286094.83991084,417.1,-8.110952496774693e-07,434.6,ASK
1434,1712312482.3022444,3286106.85141823,417.1,-4.546084021091761e-09,434.6,ASK
1435,1712312490.3134632,3286106.85141823,417.1,-0.0,434.6,ASK
1436,1712312520.2194786,3286106.85141823,417.1,-0.0,434.6,ASK
1437,1712312538.9940882,3286606.85141823,416.7,-1.8914383344302229e-07,434.6,ASK
1438,1712312538.9982276,3286606.85141887,417.1,-2.4203548873841075e-16,434.6,ASK
1439,1712312550.2263715,3286606.85141887,417.1,-0.0,434.6,ASK
1440,1712312580.3236551,3286606.85141887,417.1,-0.0,434.6,ASK
1441,1712312610.3138986,3286606.85141887,417.1,-0.0,434.6,ASK
1442,1712312618.6839902,3286618.87734301,416.6,-4.548900257921253e-09,434.6,ASK
1443,1712312618.693897,3290378.91574915,416.6,-1.4222640585615326e-06,434.6,ASK
1444,1712312632.2843423,3293298.91574915,416.5,-1.104512933755754e-06,434.6,ASK
1445,1712312632.2885852,3293498.91574915,416.5,-7.565157080518864e-08,434.6,ASK
1446,1712312632.404032,3293511.91574915,416.5,4.917352102337261e-09,434.6,BID
1447,1712312640.223492,3293511.91574915,416.5,0.0,434.6,BID
1448,1712312655.5641513,3301360.52266567,416.4,-2.965570677715251e-06,434.6,ASK
1449,1712312655.568379,3301372.55436595,416.4,-4.546138943257543e-09,434.6,ASK
1450,1712312662.6144807,3301612.76575196,416.3,-9.0763093423027e-08,434.6,ASK
1451,1712312662.619048,3303106.95758674,416.3,-5.645755405048942e-07,434.6,ASK
1452,1712312670.2175577,3303106.95758674,416.3,-0.0,434.6,ASK
1453,1712312672.243398,3303258.40159148,416.3,-5.71363746074236e-08,434.6,ASK
1454,1712312672.2454536,3304123.0428249,416.3,-3.262094494836128e-07,434.6,ASK
1455,1712312675.9841628,3304135.03323257,417.0,4.523707792385121e-09,434.6,BID
1456,1712312686.9440522,3304741.30041799,416.3,-2.287308043516645e-07,434.6,ASK
1457,1712312695.394436,3305046.4779219,416.3,-1.1513652333172896e-07,434.6,ASK
1458,1712312700.3041816,3305046.4779219,416.3,-0.0,434.6,ASK
1459,1712312711.4743707,3307089.00318519,416.3,-7.704669706181657e-07,434.6,ASK
1460,1712312717.7590144,3307101.04066716,416.2,-4.540694029153217e-09,434.6,ASK
1461,1712312717.764361,3307148.22178314,416.3,-1.779732772614205e-08,434.6,ASK
1462,1712312717.7676902,3311380.86708919,416.2,-1.5966086027257784e-06,434.6,ASK
1463,1712312717.7710314,3311404.86708919,416.2,-9.053110689584304e-09,434.6,ASK
1464,1712312724.4249797,3312591.34386055,416.2,-4.475543975725356e-07,434.6,ASK
1465,1712312725.6464498,3319258.6159739,416.2,-2.5149813516557584e-06,434.6,ASK
1466,1712312727.6543157,3320014.51455539,416.2,-2.851347303470005e-07,434.6,ASK
1467,1712312729.152891,3320888.99691037,416.2,-3.298660648217479e-07,434.6,ASK
1468,1712312730.3042326,3320888.99691037,416.2,-0.0,434.6,ASK
1469,1712312731.1530235,3321705.02911468,416.2,-3.07054178118307e-07,434.6,ASK
1470,1712312731.6897078,3325024.73428768,416.2,-1.2491288188223476e-06,434.6,ASK
1471,1712312732.3969524,3325140.51270632,416.1,-4.3564760056626366e-08,434.6,ASK
1472,1712312732.3990562,3325240.51270632,416.1,-3.762770347745764e-08,434.6,ASK
1473,1712312732.4010527,3325657.51270632,416.1,-1.5690752350099834e-07,434.6,ASK
1474,1712312732.4065254,3327092.88764722,416.1,-5.400986265516345e-07,434.6,ASK
1475,1712312732.4119844,3327392.88764722,416.0,-1.128831104323729e-07,434.6,ASK
1476,1712312732.414016,3328503.61884004,416.1,-4.1794263966602803e-07,434.6,ASK
1477,1712312732.4160802,3328551.28670468,416.0,-1.7936322760691427e-08,434.6,ASK
1478,1712312732.420926,3328551.68374357,416.0,-1.4939661623777463e-10,434.6,ASK
1479,1712312732.4229896,3329111.33498449,416.0,-2.1058390944135826e-07,434.6,ASK
1480,1712312732.4250093,3329123.37825372,416.0,-4.531605634700956e-09,434.6,ASK
1481,1712312735.125976,3329414.3941191,416.0,-1.09502586897698e-07,434.6,ASK
1482,1712312738.2142386,3330231.30906383,416.2,3.073863330659539e-07,434.6,BID
1483,1712312748.554449,3330238.72128353,416.0,-2.789048049790314e-09,434.6,ASK
1484,1712312748.5590787,3330687.13922012,416.0,-1.687293715198322e-07,434.6,ASK
1485,1712312749.764788,3330738.72128353,416.0,-1.9409145867455985e-08,434.6,ASK
1486,1712312749.7669728,3331006.22032952,416.0,-1.0065374783012333e-07,434.6,ASK
1487,1712312760.2281814,3331006.22032952,416.0,-0.0,434.6,ASK
1488,1712312766.0782928,3331238.72128353,416.0,-8.734639941608234e-08,434.6,ASK
1489,1712312766.080496,3331750.74291814,416.0,-1.923572589056013e-07,434.6,ASK
1490,1712312790.218679,3331750.74291814,416.0,-0.0,434.6,ASK
1491,1712312790.6066017,3331991.12753352,415.9,9.029764153602484e-08,434.6,BID
1492,1712312814.924572,3332111.4065809,415.7,-4.5181403507902064e-08,434.6,ASK
1493,1712312814.926822,3332611.4065809,415.7,-1.8781909439829018e-07,434.6,ASK
1494,1712312815.6046102,3332852.0225578,415.6,-9.0384549758359e-08,434.6,ASK
1495,1712312815.6075103,3332976.08415549,415.6,-4.6602273855476443e-08,434.6,ASK
1496,1712312819.2951071,3332997.08415549,415.5,-7.888401964728187e-09,434.6,ASK
1497,1712312819.2997675,3335372.91943085,415.4,-8.92454459715224e-07,434.6,ASK
1498,1712312819.3051853,3335384.97719258,415.5,-4.529355777083315e-09,434.6,ASK
1499,1712312819.3073947,3335433.11196995,415.5,-1.8081260589534152e-08,434.6,ASK
1500,1712312819.309439,3335686.02622813,415.2,-9.50042538634609e-08,434.6,ASK
1501,1712312819.3115168,3335786.02622813,415.1,-3.756381887965804e-08,434.6,ASK
1502,1712312819.3135767,3336486.02622813,415.5,-2.629467321576062e-07,434.6,ASK
1503,1712312819.3156712,3336510.11100655,415.2,-9.047162543316412e-09,434.6,ASK
1504,1712312819.3177283,3336558.25737149,415.4,-1.808561332314996e-08,434.6,ASK
1505,1712312819.319801,3339976.08415549,415.1,-1.283866262762301e-06,434.6,ASK
1506,1712312819.4195008,3340421.79991962,415.5,1.67427862355877e-07,434.6,BID
1507,1712312820.3211837,3340421.79991962,415.5,0.0,434.6,BID
1508,1712312822.204666,3340754.33710871,415.1,-1.2474491201026172e-07,434.6,ASK
1509,1712312822.2246687,3341840.03263784,415.1,-4.072777352272688e-07,434.6,ASK
1510,1712312822.384833,3342444.5417125,415.1,-2.267699186797691e-07,434.6,ASK
1511,1712312822.3918858,3343258.77372073,415.1,-3.054434317576027e-07,434.6,ASK
1512,1712312825.7373905,3343635.02549461,415.1,-1.4114359526172825e-07,434.6,ASK
1513,1712312842.8451445,3343648.27212274,415.2,-4.969217022056712e-09,434.6,ASK
1514,1712312842.849892,3348724.57024691,415.1,-1.904275322020276e-06,434.6,ASK
1515,1712312850.3147216,3348724.57024691,415.1,-0.0,434.6,ASK
1516,1712312872.8991785,3348748.66082749,415.1,-9.025447779504774e-09,434.6,ASK
1517,1712312872.9029448,3374765.63823035,415.1,-9.747165293588595e-06,434.6,ASK
1518,1712312880.234706,3374765.63823035,415.1,-0.0,434.6,ASK
1519,1712312884.55472,3375429.30610478,415.1,2.4763785589443615e-07,434.6,BID
1520,1712312884.564831,3376711.20494369,415.1,4.783216005651758e-07,434.6,BID
1521,1712312884.8648252,3382383.25616266,415.1,2.116442058604886e-06,434.6,BID
1522,1712312885.0849054,3382528.53780012,415.1,5.4209695221888624e-08,434.6,BID
1523,1712312886.8448882,3385891.83721693,415.1,1.2549654554617916e-06,434.6,BID
1524,1712312886.884777,3387234.41928793,415.1,5.009646514984521e-07,434.6,BID
1525,1712312886.9249425,3402425.57458093,415.1,5.668355016501679e-06,434.6,BID
1526,1712312887.0048914,3405055.92590093,415.1,9.814767088026012e-07,434.6,BID
1527,1712312887.0096045,3410316.62854093,415.1,1.9629534176052025e-06,434.6,BID
1528,1712312887.0147896,3412891.27607393,415.1,9.606916641901869e-07,434.6,BID
1529,1712312887.0280156,3415521.62739393,415.1,9.81476708802775e-07,434.6,BID
1530,1712312887.0980265,3419454.29930495,415.1,1.4674183842591522e-06,434.6,BID
1531,1712312888.0349324,3419454.29930534,415.1,1.454326212709765e-16,434.6,BID
1532,1712312888.0398004,3420247.08119434,415.1,2.958148416516603e-07,434.6,BID
1533,1712312890.064828,3422935.11690734,415.5,1.0030007872634342e-06,434.6,BID
1534,1712312908.8247793,3422935.11690748,415.5,5.230014217749573e-17,434.6,BID
1535,1712312910.2195685,3422935.11690748,415.5,0.0,434.6,BID
1536,1712312925.4683669,3422936.63455638,415.6,5.620942986151661e-10,434.6,BID
1537,1712312929.7288544,3422939.27934101,415.7,9.79553545983098e-10,434.6,BID
1538,1712312929.7338145,3423177.07697042,415.8,8.807352723142445e-08,434.6,BID
1539,1712312940.3271656,3423177.07697042,415.8,0.0,434.6,BID
1540,1712312946.0248675,3423987.65318433,415.6,-3.00203355245304e-07,434.6,ASK
1541,1712312946.6497035,3425076.61251729,415.6,4.033047600831733e-07,434.6,BID
1542,1712312970.315105,3425076.61251729,415.6,0.0,434.6,BID
1543,1712312983.6850982,3425786.46598132,415.6,-2.628230391288024e-07,434.6,ASK
1544,1712312986.2423038,3426697.31600299,415.6,-3.3724195628591017e-07,434.6,ASK
1545,1712312986.2462428,3426982.38978261,415.6,-1.0554848420435954e-07,434.6,ASK
1546,1712312989.9852855,3427704.26478261,415.6,-2.6727400933417697e-07,434.6,ASK
1547,1712312998.6953063,3428299.9843512,415.6,-2.205649974523573e-07,434.6,ASK
1548,1712312998.7001014,3428469.46565944,415.6,-6.275040520935113e-08,434.6,ASK
