,time,acc_trade_volume,trade_price,dev,high,ask_bid
0,1712300395.5334315,35454363.18307384,172.9,0.0,173.9,ASK
1,1712300400.262187,35454363.18307384,172.9,-0.0,173.9,ASK
2,1712300406.00255,35457012.81989963,173.0,1.547286188112725e-07,173.9,BID
3,1712300406.0041811,35458168.8892638,173.0,6.751001277852516e-08,173.9,BID
4,1712300406.0060024,35466175.91502312,173.0,4.675795657976048e-07,173.9,BID
5,1712300409.4922369,35471946.70601699,173.0,-3.369920402819223e-07,173.9,ASK
6,1712300411.0624228,35494031.00397712,173.0,-1.2896382204251164e-06,173.9,ASK
7,1712300411.0640378,35509447.37608275,173.0,-9.002569483351902e-07,173.9,ASK
8,1712300411.0675745,35523061.81999199,173.0,-7.950312591728931e-07,173.9,ASK
9,1712300416.9024868,35526526.2913958,173.1,2.0231183006068733e-07,173.9,BID
10,1712300420.8423152,35526749.55540504,173.1,1.3037761041222502e-08,173.9,BID
11,1712300422.0055966,35526779.55540504,173.0,-1.751884831593787e-09,173.9,ASK
12,1712300429.312424,35527005.45540504,173.0,-1.31916927818142e-08,173.9,ASK
13,1712300430.182336,35527005.45540504,173.0,-0.0,173.9,ASK
14,1712300431.2825935,35528737.69110694,173.1,1.0108173188514913e-07,173.9,BID
15,1712300432.60433,35529315.10300757,173.1,3.369391062838304e-08,173.9,BID
16,1712300435.132517,35530324.48486776,173.1,5.8900798805659683e-08,173.9,BID
17,1712300448.2025368,35549906.97421376,173.0,-1.1427035798587132e-06,173.9,ASK
18,1712300449.6523514,35550121.80036509,173.1,1.253582258307311e-08,173.9,BID
19,1712300454.2927382,35551717.19204619,173.1,9.309642676453061e-08,173.9,BID
20,1712300456.2826009,35560393.25887105,173.0,-5.062774422950611e-07,173.9,ASK
21,1712300456.2842934,35560393.25887107,173.0,-1.3042986981434277e-18,173.9,ASK
22,1712300460.2636998,35560393.25887107,173.0,-0.0,173.9,ASK
23,1712300464.5326228,35560451.02894617,173.1,3.369940647713433e-09,173.9,BID
24,1712300473.167856,35562183.26508113,173.1,1.01047695589344e-07,173.9,BID
25,1712300486.9825573,35566855.78150922,173.1,2.7256504360617884e-07,173.9,BID
26,1712300490.2524035,35566855.78150922,173.1,0.0,173.9,BID
27,1712300503.302567,35567721.8995767,173.1,5.0520551040654463e-08,173.9,BID
28,1712300517.232652,35568740.43794046,173.0,-5.9411206537917e-08,173.9,ASK
29,1712300517.2525756,35569768.77842605,173.0,-5.998296299305388e-08,173.9,ASK
30,1712300517.2538006,35570795.12006238,173.0,-5.986637038317291e-08,173.9,ASK
31,1712300517.3324971,35571818.50720971,173.0,-5.969403543493094e-08,173.9,ASK
32,1712300520.18283,35571818.50720971,173.0,-0.0,173.9,ASK
33,1712300520.2254996,35575406.18887552,173.0,-2.092585111911069e-07,173.9,ASK
34,1712300527.4527566,35576678.41880041,173.1,7.420528485386648e-08,173.9,BID
35,1712300532.5328383,35577929.07902276,173.0,-7.294718999956944e-08,173.9,ASK
36,1712300532.553019,35579182.84696401,173.0,-7.312845374934386e-08,173.9,ASK
37,1712300532.5947297,35580432.61468623,173.0,-7.289513319387553e-08,173.9,ASK
38,1712300532.7526147,35585049.27599342,173.0,-2.692757501380221e-07,173.9,ASK
39,1712300532.772554,35592428.02347148,173.0,-4.303797983053015e-07,173.9,ASK
40,1712300538.9430006,35592733.96767098,173.1,1.7844790496334197e-08,173.9,BID
41,1712300538.9448411,35593005.43551646,173.1,1.583389009224559e-08,173.9,BID
42,1712300550.1726909,35593005.43551646,173.1,0.0,173.9,BID
43,1712300556.8331296,35595902.06174407,173.1,1.6891524478176965e-07,173.9,BID
44,1712300564.8832176,35597902.06174407,173.1,1.1662895486598709e-07,173.9,BID
45,1712300571.7629416,35597930.99692925,173.1,1.6873402031469523e-09,173.9,BID
46,1712300571.772709,35601397.20143534,173.1,2.0212990444862925e-07,173.9,BID
47,1712300571.7737095,35609449.91269727,173.1,4.6958964915811803e-07,173.9,BID
48,1712300571.9054625,35620952.71454591,173.1,6.70779878818861e-07,173.9,BID
49,1712300580.2442043,35620952.71454591,173.1,0.0,173.9,BID
50,1712300585.0857117,35638902.78220267,173.0,-1.0464536039988263e-06,173.9,ASK
51,1712300597.262878,35644676.90265255,173.1,3.3661985404408373e-07,173.9,BID
52,1712300610.2629206,35644676.90265255,173.1,0.0,173.9,BID
53,1712300618.2429705,35661718.65054321,173.0,-9.932626568629611e-07,173.9,ASK
54,1712300623.8831606,35662897.26974321,173.0,-6.869473985479926e-08,173.9,ASK
55,1712300623.9029386,35663014.57179599,173.0,-6.8368426377517e-09,173.9,ASK
56,1712300625.915825,35664870.61968665,173.0,-1.0817805021909121e-07,173.9,ASK
57,1712300629.287494,35670533.55625459,173.0,-3.3005906772033935e-07,173.9,ASK
58,1712300634.3830397,35672389.58990852,173.0,-1.0817722044457214e-07,173.9,ASK
59,1712300634.482817,35675506.65990852,173.0,-1.8167556812196844e-07,173.9,ASK
60,1712300635.2131703,35677362.69356245,173.0,-1.0817722044457214e-07,173.9,ASK
61,1712300636.033095,35679218.72721638,173.0,-1.0817722044457214e-07,173.9,ASK
62,1712300636.0349946,35680550.0084273,173.1,7.759250524507943e-08,173.9,BID
63,1712300636.852897,35682406.04208123,173.0,-1.0817722044457214e-07,173.9,ASK
64,1712300639.3037946,35687248.36402674,173.1,2.822302965541572e-07,173.9,BID
65,1712300639.3055346,35689900.59319358,173.1,1.545827461929987e-07,173.9,BID
66,1712300639.3129492,35691067.22275605,173.1,6.799593481991633e-08,173.9,BID
67,1712300640.1853912,35691067.22275605,173.1,0.0,173.9,BID
68,1712300642.98327,35691315.62620847,173.1,1.4471197663916492e-08,173.9,BID
69,1712300642.984969,35691564.02966089,173.1,1.4471197663916492e-08,173.9,BID
70,1712300642.9866009,35707899.30515605,173.1,9.5164136521966e-07,173.9,BID
71,1712300647.0942247,35716892.12935605,173.0,-5.238934293700119e-07,173.9,ASK
72,1712300650.2330563,35719779.18958099,173.1,1.68190976316828e-07,173.9,BID
73,1712300651.5932145,35721658.64463604,173.0,-1.0949109336948661e-07,173.9,ASK
74,1712300663.4031923,35725716.99241189,173.1,2.364264758856549e-07,173.9,BID
75,1712300665.363094,35737704.34290991,173.0,-6.983450384219153e-07,173.9,ASK
76,1712300669.5538182,35743005.21882983,173.0,-3.088122265699841e-07,173.9,ASK
77,1712300669.5554376,35744129.82426999,173.0,-6.551594778545837e-08,173.9,ASK
78,1712300670.123099,35748862.23564951,173.1,2.756952845591191e-07,173.9,BID
79,1712300670.193098,35748862.23564951,173.1,0.0,173.9,BID
80,1712300670.3630753,35748950.65598451,173.0,-5.1480888825661795e-09,173.9,ASK
81,1712300672.0931747,35752322.78699007,173.0,-1.963352676713557e-07,173.9,ASK
82,1712300673.2029238,35756860.32096478,173.0,-2.641884155822496e-07,173.9,ASK
83,1712300673.2158098,35761349.71558571,173.0,-2.613856024957488e-07,173.9,ASK
84,1712300673.2532873,35765740.90787323,173.0,-2.55667977236416e-07,173.9,ASK
85,1712300673.2570305,35767386.24369291,173.0,-9.579623331203205e-08,173.9,ASK
86,1712300673.7131765,35771899.24581022,173.0,-2.627600995462312e-07,173.9,ASK
87,1712300678.035739,35774531.49454376,173.0,-1.532571714522125e-07,173.9,ASK
88,1712300678.27869,35776614.52109999,173.0,-1.2127986006783678e-07,173.9,ASK
89,1712300678.713086,35777996.51760311,173.0,-8.046385295022467e-08,173.9,ASK
90,1712300679.523235,35780207.42012643,173.0,-1.2872517052183134e-07,173.9,ASK
91,1712300680.7050817,35781502.75273769,173.0,-7.541802929267604e-08,173.9,ASK
92,1712300680.7264426,35782791.34008002,173.0,-7.502530013138684e-08,173.9,ASK
93,1712300680.7308908,35784221.50862866,173.0,-8.326856944437835e-08,173.9,ASK
94,1712300680.7656617,35785643.10486939,173.0,-8.276946476406843e-08,173.9,ASK
95,1712300680.8068027,35815585.30140217,173.0,-1.7433217040638577e-06,173.9,ASK
96,1712300681.0832734,35823341.44206993,173.0,-4.515850515872185e-07,173.9,ASK
97,1712300682.41323,35826025.75273649,173.0,-1.562883685012973e-07,173.9,ASK
98,1712300683.8931215,35840842.04688449,173.0,-8.626477063476668e-07,173.9,ASK
99,1712300683.9780188,35859462.04688449,173.0,-1.0841105158779374e-06,173.9,ASK
100,1712300684.0831444,35860616.87097446,173.1,6.72372148185867e-08,173.9,BID
101,1712300685.023151,35861711.37033354,173.0,-6.372493366266849e-08,173.9,ASK
102,1712300685.143162,35866742.88346076,173.0,-2.9294931750805417e-07,173.9,ASK
103,1712300685.3633058,35872465.42681336,173.1,3.33183105591687e-07,173.9,BID
104,1712300685.5430698,35880718.28575357,173.0,-4.805054330366896e-07,173.9,ASK
105,1712300685.627167,35888877.74200424,173.0,-4.750672569921956e-07,173.9,ASK
106,1712300685.6473525,35897104.55449319,173.0,-4.789889329445487e-07,173.9,ASK
107,1712300685.963204,35898124.02549271,173.0,-5.935656451216741e-08,173.9,ASK
108,1712300685.9651594,35900130.89840733,173.0,-1.1684597372555697e-07,173.9,ASK
109,1712300686.74321,35901342.98190281,173.0,-7.057102382206859e-08,173.9,ASK
110,1712300686.8332975,35903976.45039977,173.0,-1.533281896235912e-07,173.9,ASK
111,1712300690.4447513,35913167.15313448,173.0,-5.351094244364077e-07,173.9,ASK
112,1712300690.446591,35917722.11578499,173.0,-2.652031637404204e-07,173.9,ASK
113,1712300690.4484456,35923499.57387675,173.0,-3.3638040130650985e-07,173.9,ASK
114,1712300690.503275,35923552.80408886,173.0,-3.099217653487532e-09,173.9,ASK
115,1712300690.5056336,35927332.79353751,173.0,-2.2008197159994219e-07,173.9,ASK
116,1712300694.5931346,35927362.29035648,172.9,-1.717390527779259e-09,173.9,ASK
117,1712300694.6032977,35942037.11921317,172.8,-8.544111859424543e-07,173.9,ASK
118,1712300694.6052585,35967736.60967773,173.0,-1.4962990260652536e-06,173.9,ASK
119,1712300694.6072462,35967736.60967841,172.9,-3.94752955145775e-17,173.9,ASK
120,1712300696.9032447,35969616.79707741,172.8,-1.09469974816166e-07,173.9,ASK
121,1712300700.2533195,35969616.79707741,172.8,-0.0,173.9,ASK
122,1712300706.6832204,36001108.02554186,172.8,-1.832308981929608e-06,173.9,ASK
123,1712300730.244805,36001108.02554186,172.8,-0.0,173.9,ASK
124,1712300742.8633144,36002303.22023148,173.0,6.952008218170287e-08,173.9,BID
125,1712300742.865288,36016707.15848983,173.0,8.378241471066701e-07,173.9,BID
126,1712300745.7532525,36017438.78590799,172.8,-4.2556077832726464e-08,173.9,ASK
127,1712300751.8433285,36017999.00556116,173.0,3.258591814879554e-08,173.9,BID
128,1712300757.7686534,36020890.85055826,172.9,1.682079945639815e-07,173.9,BID
129,1712300760.1808732,36020890.85055826,172.9,0.0,173.9,BID
130,1712300760.9248266,36021311.32885826,172.8,-2.44528100475426e-08,173.9,ASK
131,1712300764.653336,36027285.25339358,172.8,-3.474120826246675e-07,173.9,ASK
132,1712300764.6545582,36032129.15954807,172.8,-2.816961471836802e-07,173.9,ASK
133,1712300778.4348607,36032748.51718695,172.8,-3.601858810579096e-08,173.9,ASK
134,1712300778.4370866,36032777.51718695,172.8,-1.686487724533073e-09,173.9,ASK
135,1712300778.4382546,36034256.51439559,172.8,-8.601071162034505e-08,173.9,ASK
136,1712300778.4392202,36037265.77365484,172.8,-1.7500271726444565e-07,173.9,ASK
137,1712300779.153368,36039147.60331084,172.8,1.0943733153455189e-07,173.9,BID
138,1712300780.4223073,36040713.60331084,172.8,9.1070337124786e-08,173.9,BID
139,1712300782.8637247,36042000.06164417,172.8,7.481366163039887e-08,173.9,BID
140,1712300783.7435827,36042742.24914417,172.8,4.31617278638583e-08,173.9,BID
141,1712300785.2535124,36046654.55075607,172.8,2.275189187289953e-07,173.9,BID
142,1712300785.2557378,36046742.24914417,172.8,5.100077758325225e-09,173.9,BID
143,1712300785.4995291,36047031.62385461,172.7,-1.6828513687877407e-08,173.9,ASK
144,1712300785.5012658,36059410.14914417,172.7,-7.198700327129011e-07,173.9,ASK
145,1712300785.55711,36060647.44986823,172.8,7.195491319592989e-08,173.9,BID
146,1712300786.4533873,36061513.56037508,172.8,5.0368439237497546e-08,173.9,BID
147,1712300786.793366,36063026.95784308,172.8,8.80112500731908e-08,173.9,BID
148,1712300790.183802,36063026.95784308,172.8,0.0,173.9,BID
149,1712300792.8248005,36063534.48489107,172.8,2.9502617979201682e-08,173.9,BID
150,1712300793.623609,36068796.51284308,172.9,3.058824176529292e-07,173.9,BID
151,1712300796.9533138,36068842.78600279,172.8,-2.689865218202561e-09,173.9,ASK
152,1712300797.929525,36074965.28677919,172.7,-3.559018227660816e-07,173.9,ASK
153,1712300820.2349842,36074965.28677919,172.7,-0.0,173.9,ASK
154,1712300822.593586,36078621.9191471,172.8,2.125350628110857e-07,173.9,BID
155,1712300822.5958502,36079575.64598739,172.8,5.5433626766972086e-08,173.9,BID
156,1712300823.5353558,36084410.75911274,172.8,2.810320995932921e-07,173.9,BID
157,1712300823.5363822,36085349.90298739,172.8,5.458601858356802e-08,173.9,BID
158,1712300835.6434972,36101702.60626538,172.8,9.504709439265224e-07,173.9,BID
159,1712300843.5536048,36103438.71737649,172.8,1.009082803306813e-07,173.9,BID
160,1712300846.1461446,36109225.75441352,172.8,3.363609344350269e-07,173.9,BID
161,1712300850.2567265,36109225.75441352,172.8,0.0,173.9,BID
162,1712300856.243769,36109859.34176136,172.8,3.681343724095608e-08,173.9,BID
163,1712300856.2492206,36112250.40230706,172.8,1.3892821193381516e-07,173.9,BID
164,1712300857.163649,36114367.65583254,172.8,1.2301915442203684e-07,173.9,BID
165,1712300860.34577,36115936.58911971,172.8,9.116000706128805e-08,173.9,BID
166,1712300868.2538278,36118545.23709357,172.7,-1.515707325871751e-07,173.9,ASK
167,1712300868.2568483,36120936.58911971,172.7,-1.3894514787296897e-07,173.9,ASK
168,1712300872.5235956,36121628.34248971,172.7,-4.019306786947546e-08,173.9,ASK
169,1712300876.2441328,36124131.2472205,172.8,1.4542671431462638e-07,173.9,BID
170,1712300876.246601,36136521.66742867,172.8,7.199227672095926e-07,173.9,BID
171,1712300876.248957,36136667.11939755,172.8,8.451221360680223e-09,173.9,BID
172,1712300880.1554928,36136667.11939755,172.8,0.0,173.9,BID
173,1712300881.0487905,36141377.08502878,172.8,2.735885930385643e-07,173.9,BID
174,1712300881.051133,36162733.16641585,172.9,1.2405144149589855e-06,173.9,BID
175,1712300881.053424,36165588.29346674,172.9,1.6584626172643405e-07,173.9,BID
176,1712300884.8138404,36171056.57537636,172.7,-3.176370426296641e-07,173.9,ASK
177,1712300884.815109,36175140.72876774,172.7,-2.372369285862669e-07,173.9,ASK
178,1712300910.1737337,36175140.72876774,172.7,-0.0,173.9,ASK
179,1712300911.0339873,36176876.83987903,172.8,-1.0080685024527517e-07,173.9,ASK
180,1712300913.923941,36184973.77520748,172.8,-4.701464910815961e-07,173.9,ASK
181,1712300913.933426,36185750.45455903,172.8,-4.509768906534558e-08,173.9,ASK
182,1712300918.62386,36185870.45455903,172.7,-6.967769488232437e-09,173.9,ASK
183,1712300930.6738436,36188564.25812021,172.8,1.5641501884073057e-07,173.9,BID
184,1712300934.6939394,36191612.79544659,172.8,1.770125447207709e-07,173.9,BID
185,1712300940.2388773,36191612.79544659,172.8,0.0,173.9,BID
186,1712300945.573794,36193898.81685862,172.8,1.327153177450229e-07,173.9,BID
187,1712300952.8939116,36194188.02403454,172.8,1.6789966202462923e-08,173.9,BID
188,1712300954.866349,36196879.45455903,172.8,1.5625140489356917e-07,173.9,BID
189,1712300954.8683283,36197272.6734328,173.0,2.2828381003334693e-08,173.9,BID
190,1712300954.8703158,36203272.6734328,173.1,3.4833090463622285e-07,173.9,BID
191,1712300954.8737586,36402682.27563377,173.1,1.1576754521302206e-05,173.9,BID
192,1712300954.8750389,36423375.4295747,172.9,1.2013441720035169e-06,173.9,BID
193,1712300954.8761454,36482922.84426465,173.1,3.457034137949802e-06,173.9,BID
194,1712300955.003708,36485614.27478914,173.0,-1.5625140489356917e-07,173.9,ASK
195,1712300970.263043,36485614.27478914,173.0,-0.0,173.9,ASK
196,1712300970.5866454,36486770.08416768,173.0,6.690304457704371e-08,173.9,BID
197,1712300973.0337532,36486811.10989758,173.0,2.3747395439095224e-09,173.9,BID
198,1712300974.9839523,36493704.32677585,173.0,3.9900800655169817e-07,173.9,BID
199,1712300974.9870205,36544704.50296116,173.0,2.95210189855616e-06,173.9,BID
200,1712300988.5739489,36560702.10101868,173.0,9.26007381354032e-07,173.9,BID
201,1712300988.5839624,36565618.62423901,173.0,2.845887724053331e-07,173.9,BID
202,1712300988.5852177,36579344.34936282,173.1,7.945019454408134e-07,173.9,BID
203,1712300992.5338893,36581084.34936282,172.8,-1.0071842271335689e-07,173.9,ASK
204,1712300993.3542798,36582818.45340906,173.0,1.0037714043574029e-07,173.9,BID
205,1712300995.5440712,36587739.42650906,172.8,-2.8484634991193706e-07,173.9,ASK
206,1712301000.2038877,36587739.42650906,172.8,-0.0,173.9,ASK
207,1712301021.3441691,36587888.42650906,172.9,-8.670618555255868e-09,173.9,ASK
208,1712301027.0243394,36587917.35404916,173.0,1.6833534628094003e-09,173.9,BID
209,1712301027.154065,36588386.83626372,173.0,-2.7320142288248672e-08,173.9,ASK
210,1712301028.1341684,36590588.90514043,173.1,1.2814294806925533e-07,173.9,BID
211,1712301028.1369262,36596194.16150924,173.1,3.261814756936689e-07,173.9,BID
212,1712301028.4340122,36596636.17889817,172.9,-2.5721907209550853e-08,173.9,ASK
213,1712301028.4361136,36608575.60397124,172.8,-6.947798696487782e-07,173.9,ASK
214,1712301030.1840656,36608575.60397124,172.8,-0.0,173.9,ASK
215,1712301044.6388538,36608816.47061624,172.9,-1.4013590700819356e-08,173.9,ASK
216,1712301060.2740946,36608816.47061624,172.9,-0.0,173.9,ASK
217,1712301060.3257127,36608989.70761045,173.0,1.00788818190765e-08,173.9,BID
218,1712301061.284112,36609037.88094517,172.9,-2.802711682068582e-09,173.9,ASK
219,1712301064.984228,36609327.23279702,172.8,-1.6834413066103338e-08,173.9,ASK
220,1712301064.987062,36611297.50625284,172.8,-1.1462998075290701e-07,173.9,ASK
221,1712301066.4640963,36612997.50625284,172.9,9.890554364634762e-08,173.9,BID
222,1712301075.7242205,36614443.42875139,172.9,8.412338281719465e-08,173.9,BID
223,1712301084.4014242,36615247.07500748,172.8,-4.675592344623069e-08,173.9,ASK
224,1712301090.257515,36615247.07500748,172.8,-0.0,173.9,ASK
225,1712301092.524204,36621030.76500169,172.9,3.364717715034655e-07,173.9,BID
226,1712301099.014732,36621685.13417337,172.9,3.806856083790256e-08,173.9,BID
227,1712301107.5521462,36624232.45011077,172.9,1.481925737538143e-07,173.9,BID
228,1712301110.398877,36625966.68998909,172.9,1.0089108590784192e-07,173.9,BID
229,1712301111.2441278,36626060.96413599,172.9,5.484489875156393e-09,173.9,BID
230,1712301116.6500337,36628730.25743177,172.9,1.552887248092848e-07,173.9,BID
231,1712301116.6523952,36631869.38518862,172.9,1.82621799989334e-07,173.9,BID
232,1712301120.1641986,36631869.38518862,172.9,0.0,173.9,BID
233,1712301126.544532,36631927.19318456,172.9,3.3624739994637503e-09,173.9,BID
234,1712301126.704207,36634526.71313829,172.9,1.5120431200867733e-07,173.9,BID
235,1712301130.8443084,36639906.25020333,172.9,3.1290746573328106e-07,173.9,BID
236,1712301130.847325,36640316.1868225,172.9,2.384447343051896e-08,173.9,BID
237,1712301137.4043574,36642434.02483159,172.8,-1.2318668246884776e-07,173.9,ASK
238,1712301142.4743214,36645483.28442698,172.9,1.773639777587157e-07,173.9,BID
239,1712301148.0772872,36703257.86534461,173.0,3.360530372814514e-06,173.9,BID
240,1712301149.57448,36703961.12297108,172.9,-4.090585472265997e-08,173.9,ASK
241,1712301149.5774257,36705769.69160009,172.9,-1.051976442335112e-07,173.9,ASK
242,1712301149.714515,36710473.15160009,172.9,-2.7358260218030976e-07,173.9,ASK
243,1712301150.194207,36710473.15160009,172.9,-0.0,173.9,ASK
244,1712301151.2045422,36716750.26816988,172.9,-3.648277748082177e-07,173.9,ASK
245,1712301151.207646,36717992.49840009,172.9,-7.219876923572575e-08,173.9,ASK
246,1712301157.6651597,36717992.49841392,172.9,-8.0370337012738655e-16,173.9,ASK
247,1712301157.676617,36718156.46501361,172.9,-9.529784741443164e-09,173.9,ASK
248,1712301169.5541975,36721624.94477026,172.9,2.015890158353488e-07,173.9,BID
249,1712301180.2515392,36721624.94477026,172.9,0.0,173.9,BID
250,1712301182.8868763,36722374.22089996,172.8,-4.354325906949497e-08,173.9,ASK
251,1712301182.8887846,36729979.88047026,172.8,-4.419935347418681e-07,173.9,ASK
252,1712301198.0633342,36730279.88047026,172.8,-1.743413036002426e-08,173.9,ASK
253,1712301200.9771352,36731279.88047026,172.9,5.811376786674754e-08,173.9,BID
254,1712301200.9787366,36731737.82954433,172.9,2.6613146185131807e-08,173.9,BID
255,1712301202.8232396,36732789.99774651,172.8,-6.114545865850225e-08,173.9,ASK
256,1712301202.8262064,36737524.86658136,172.8,-2.751610683477217e-07,173.9,ASK
257,1712301204.443129,36740802.9608555,172.9,1.905024096927383e-07,173.9,BID
258,1712301206.0933576,36743694.8058526,172.9,1.6805600886811553e-07,173.9,BID
259,1712301210.2528822,36743694.8058526,172.9,0.0,173.9,BID
260,1712301218.7028117,36748075.91750729,172.9,2.545464800810517e-07,173.9,BID
261,1712301218.7058778,36764428.62078528,172.9,9.501065910440694e-07,173.9,BID
262,1712301219.10268,36768001.87018528,172.9,-2.076089652376389e-07,173.9,ASK
263,1712301223.1028004,36771572.95448528,172.9,-2.07483171004173e-07,173.9,ASK
264,1712301228.0626872,36772629.99103778,172.9,-6.141476295560974e-08,173.9,ASK
265,1712301229.3025105,36774362.36184659,172.9,1.006522833321422e-07,173.9,BID
266,1712301233.922483,36779105.19364441,172.8,-2.755627418122602e-07,173.9,ASK
267,1712301233.924999,36814492.93427359,172.8,-2.0560591751943868e-06,173.9,ASK
268,1712301233.9264617,36817183.28555659,172.8,-1.5631180011940477e-07,173.9,ASK
269,1712301234.54224,36818811.81470932,172.8,-9.461899084278109e-08,173.9,ASK
270,1712301240.1756032,36818811.81470932,172.8,-0.0,173.9,ASK
271,1712301243.1213183,36821227.7283428,172.9,1.4026092433583253e-07,173.9,BID
272,1712301243.1228473,36821445.29264935,172.9,1.2631151344257461e-08,173.9,BID
273,1712301245.9220085,36822542.87392132,172.9,6.372237881626741e-08,173.9,BID
274,1712301254.2217395,36823610.71036968,173.0,6.19954808029254e-08,173.9,BID
275,1712301261.991759,36823909.10080911,172.9,-1.7323681719510868e-08,173.9,ASK
276,1712301263.2515545,36827427.80966277,173.0,2.042860098319057e-07,173.9,BID
277,1712301263.9215655,36827601.22006739,173.0,1.0067704120187412e-08,173.9,BID
278,1712301270.163477,36827601.22006739,173.0,0.0,173.9,BID
279,1712301275.7097268,36828813.87963356,173.0,7.039727712834462e-08,173.9,BID
280,1712301279.7012494,36830613.26607448,172.9,-1.0445792823966265e-07,173.9,ASK
281,1712301279.7050486,36840013.87963356,172.9,-5.457241392029776e-07,173.9,ASK
282,1712301289.1469913,36860584.19142956,173.0,1.194147129595033e-06,173.9,BID
283,1712301300.216046,36860584.19142956,173.0,0.0,173.9,BID
284,1712301303.9708006,36860584.19143012,173.0,3.25151788394852e-17,173.9,BID
285,1712301320.340206,36867794.58392307,173.1,4.19559609458172e-07,173.9,BID
286,1712301322.343389,36869794.5839231,172.9,-1.1637635811771765e-07,173.9,ASK
287,1712301330.1643767,36869794.5839231,172.9,-0.0,173.9,ASK
288,1712301330.880268,36870740.9644055,172.9,-5.506305002080675e-08,173.9,ASK
289,1712301330.8836362,36872631.24015021,172.9,-1.0998150302145216e-07,173.9,ASK
290,1712301330.8868868,36872881.24015021,173.0,-1.4545695691358188e-08,173.9,ASK
291,1712301330.8900323,36875571.59143321,172.9,-1.5653212426142945e-07,173.9,ASK
292,1712301338.069864,36876149.29218422,173.1,3.3612237299244554e-08,173.9,BID
293,1712301346.609823,36877594.3506084,173.1,8.407752037755363e-08,173.9,BID
294,1712301346.6130302,36889974.41094115,173.1,7.203063609630717e-07,173.9,BID
295,1712301346.6158178,36899695.49668164,173.1,5.655998198831773e-07,173.9,BID
296,1712301346.618332,36907057.22893898,173.1,4.283260687063149e-07,173.9,BID
297,1712301346.7098298,36927627.54073498,173.1,-1.196837982643575e-06,173.9,ASK
298,1712301346.7297933,36976242.24073498,173.1,-2.828538529306857e-06,173.9,ASK
299,1712301346.829654,36992302.32161278,173.1,-9.34420196908508e-07,173.9,ASK
300,1712301348.2495463,37000684.12161278,173.1,-4.876764485831308e-07,173.9,ASK
301,1712301348.3296356,37003375.55213727,173.1,-1.5659491753470148e-07,173.9,ASK
302,1712301349.5849416,37003952.3419756,173.2,3.3559237864802814e-08,173.9,BID
303,1712301353.8396864,37005754.0293836,173.1,-1.0482718707089305e-07,173.9,ASK
304,1712301357.0694287,37006723.5408646,173.1,-5.640887588773079e-08,173.9,ASK
305,1712301360.2025604,37006723.5408646,173.1,-0.0,173.9,ASK
306,1712301366.1195168,37008191.4256646,173.1,-8.52880094833546e-08,173.9,ASK
307,1712301368.2891495,37014199.46856465,173.1,-3.490832658223731e-07,173.9,ASK
308,1712301368.4091232,37036383.29528376,173.1,-1.288939311581939e-06,173.9,ASK
309,1712301371.649025,37040389.39528376,173.1,-2.327650608487351e-07,173.9,ASK
310,1712301371.79913,37044143.35730748,173.1,-2.1811517407821453e-07,173.9,ASK
311,1712301371.8388703,37046785.69921731,172.9,-1.535270900440007e-07,173.9,ASK
312,1712301371.849065,37052592.03742892,173.1,-3.373636871604421e-07,173.9,ASK
313,1712301371.8516924,37053170.11738836,172.9,-3.3587982560044934e-08,173.9,ASK
314,1712301371.85437,37054279.05730748,173.1,-6.443235759262778e-08,173.9,ASK
315,1712301374.5991302,37057167.56106254,172.9,-1.6782974771149306e-07,173.9,ASK
316,1712301374.7795742,37059239.49555254,172.9,-1.20384902433761e-07,173.9,ASK
317,1712301377.1919775,37060114.76260099,172.9,-5.0855342550333536e-08,173.9,ASK
318,1712301390.174047,37060114.76260099,172.9,-0.0,173.9,ASK
319,1712301396.698567,37061621.54689728,172.9,-8.750119593262363e-08,173.9,ASK
320,1712301400.0320976,37064148.34917236,172.9,-1.467351508106649e-07,173.9,ASK
321,1712301402.3785946,37064345.13337135,172.9,-1.1427549911985442e-08,173.9,ASK
322,1712301402.388509,37066079.21652994,172.9,-1.0070077754123769e-07,173.9,ASK
323,1712301403.9553895,37071852.99823365,172.9,3.352920556530983e-07,173.9,BID
324,1712301414.308394,37072192.16930745,172.9,1.9696166635031883e-08,173.9,BID
325,1712301414.3883717,37078502.52789622,172.9,3.664518701455492e-07,173.9,BID
326,1712301417.7382789,37080404.65756382,172.9,1.1045948722988849e-07,173.9,BID
327,1712301417.7420137,37115162.73728522,172.9,2.018453173048167e-06,173.9,BID
328,1712301420.258159,37115162.73728522,172.9,0.0,173.9,BID
329,1712301422.4380777,37116492.18245274,172.9,7.71602026463302e-08,173.9,BID
330,1712301427.5579772,37117614.91800482,172.8,-6.51629001581085e-08,173.9,ASK
331,1712301436.1002178,37119438.57023093,172.8,-1.0584368484025229e-07,173.9,ASK
332,1712301436.1030097,37122332.08874944,172.8,-1.6793808477680597e-07,173.9,ASK
333,1712301436.1127107,37132158.79150036,172.8,-5.703359522689083e-07,173.9,ASK
334,1712301436.1142864,37135097.2008382,172.9,-1.7054352109066e-07,173.9,ASK
335,1712301436.115888,37151024.9948387,172.8,-9.244396405463608e-07,173.9,ASK
336,1712301438.903134,37152470.1947367,172.9,8.387853799341e-08,173.9,BID
337,1712301438.9977603,37152470.19473742,172.9,4.194544258424116e-17,173.9,BID
338,1712301442.937976,37152831.4947121,172.9,-2.096963450883886e-08,173.9,ASK
339,1712301444.19759,37154564.4947121,172.9,-1.0058228383771524e-07,173.9,ASK
340,1712301450.247536,37154564.4947121,172.9,-0.0,173.9,ASK
341,1712301451.6358943,37154765.5926121,172.9,-1.1666990924203032e-08,173.9,ASK
342,1712301462.9373822,37157549.30879986,173.0,1.615013955771778e-07,173.9,BID
343,1712301463.437472,37160540.2058202,173.0,-1.7352129679612716e-07,173.9,ASK
344,1712301463.4412572,37178609.01179986,173.0,-1.048288397703118e-06,173.9,ASK
345,1712301475.936999,37184133.03777069,173.1,3.204845046404225e-07,173.9,BID
346,1712301478.1771832,37184766.30773705,173.0,-3.674009002590621e-08,173.9,ASK
347,1712301478.1809628,37184766.30777069,173.0,-1.9516376886900408e-15,173.9,ASK
348,1712301479.6870823,37189913.38457069,173.0,-2.986152431764708e-07,173.9,ASK
349,1712301480.1819909,37189913.38457069,173.0,-0.0,173.9,ASK
350,1712301481.2670612,37189971.15464579,173.1,3.350427206988045e-09,173.9,BID
351,1712301482.8443036,37191736.36678264,173.1,1.0237505765128724e-07,173.9,BID
352,1712301483.3569586,37191836.60363994,173.1,5.813326245692237e-09,173.9,BID
353,1712301483.66692,37192818.15526029,173.1,5.692596466071389e-08,173.9,BID
354,1712301484.8869822,37197610.72406029,173.1,-2.779493166603797e-07,173.9,ASK
355,1712301486.051629,37197610.72408982,173.1,-1.7128566472045789e-15,173.9,ASK
356,1712301487.5969546,37205574.62109007,173.1,4.61873333810226e-07,173.9,BID
357,1712301487.6002014,37207885.42406454,173.1,1.340170865549984e-07,173.9,BID
358,1712301487.6038396,37222093.56663318,173.2,8.240139438300662e-07,173.9,BID
359,1712301487.607324,37238021.36063368,173.1,9.23746667620884e-07,173.9,BID
360,1712301509.4664812,37243864.26913894,173.1,3.388647078672315e-07,173.9,BID
361,1712301509.586611,37244862.97737494,173.1,-5.792097793975452e-08,173.9,ASK
362,1712301509.590356,37244862.97737585,173.1,-5.2716576932128817e-17,173.9,ASK
363,1712301509.76648,37245440.05589778,173.2,3.346818533510852e-08,173.9,BID
364,1712301510.1788871,37245440.05589778,173.2,0.0,173.9,BID
365,1712301540.25609,37245440.05589778,173.2,0.0,173.9,BID
366,1712301551.1059637,37256449.05589778,173.1,6.381210403571151e-07,173.9,BID
367,1712301551.1097577,37257341.2877299,173.2,5.171695021801564e-08,173.9,BID
368,1712301566.0556643,37263363.6149608,173.2,3.490756397450475e-07,173.9,BID
369,1712301566.0735488,37268888.63184075,173.2,3.202497519689812e-07,173.9,BID
370,1712301566.2856934,37268888.63189519,173.0,-3.1556179462839013e-15,173.9,ASK
371,1712301566.289556,37269471.04302304,173.0,-3.3758633374463304e-08,173.9,ASK
372,1712301568.3654704,37271825.3960122,173.2,1.3646672529842488e-07,173.9,BID
373,1712301568.375585,37272946.2566489,173.2,6.496909397619493e-08,173.9,BID
374,1712301570.249182,37272946.2566489,173.2,0.0,173.9,BID
375,1712301570.3581426,37273730.8979876,173.2,4.5468067691359963e-08,173.9,BID
376,1712301570.3611038,37278711.75895836,173.2,2.8862884557630285e-07,173.9,BID
377,1712301573.165586,37279408.5620947,173.2,4.0378056327323174e-08,173.9,BID
378,1712301573.1695678,37279463.66360649,173.2,3.1929993286385022e-09,173.9,BID
379,1712301574.2961636,37283557.53684573,173.2,2.3723005197562082e-07,173.9,BID
380,1712301574.3004105,37284195.7479021,173.2,3.6982787015426246e-08,173.9,BID
381,1712301581.8756618,37287082.58392981,173.2,1.6728516514210293e-07,173.9,BID
382,1712301585.715914,37287122.09972981,173.2,2.289845029784434e-09,173.9,BID
383,1712301585.7198305,37325883.57939606,173.2,2.2461339906019103e-06,173.9,BID
384,1712301585.7236245,37333912.54733219,173.2,4.65259271474465e-07,173.9,BID
385,1712301585.727424,37334066.57544061,173.3,8.925556320467672e-09,173.9,BID
386,1712301585.7304702,37341839.21980381,173.2,4.5040594041746083e-07,173.9,BID
387,1712301585.732178,37349868.98944502,173.3,4.6530572834496586e-07,173.9,BID
388,1712301585.7338948,37352559.34072802,173.2,1.5589934944266985e-07,173.9,BID
389,1712301585.7356284,37354019.483489,173.2,8.461174121322085e-08,173.9,BID
390,1712301585.7373571,37371729.79525789,173.3,1.0262697294009206e-06,173.9,BID
391,1712301585.7390895,37372226.60216273,173.2,2.8788758461912573e-08,173.9,BID
392,1712301585.7429771,37372765.74500658,173.3,3.124202372531326e-08,173.9,BID
393,1712301585.744763,37377983.87340154,173.2,3.023779189068685e-07,173.9,BID
394,1712301585.7465174,37429207.54528994,173.3,2.968287886392753e-06,173.9,BID
395,1712301600.1997356,37429207.54528994,173.3,0.0,173.9,BID
396,1712301614.225124,37432900.45314999,173.0,-2.145501704948076e-07,173.9,ASK
397,1712301614.2291834,37433477.88251733,173.0,-3.3547430346699195e-08,173.9,ASK
398,1712301614.23308,37434973.04760021,172.9,-8.686594293892598e-08,173.9,ASK
399,1712301618.9649453,37448360.79776821,173.0,-7.778000941105362e-07,173.9,ASK
400,1712301623.0348322,37448389.66612848,173.2,1.6771909432136007e-09,173.9,BID
401,1712301625.990892,37460752.29776821,173.2,7.182428662151497e-07,173.9,BID
402,1712301625.9947865,37465707.82113808,173.3,2.879054729194875e-07,173.9,BID
403,1712301628.7867,37467150.4062506,173.3,8.381115737935287e-08,173.9,BID
404,1712301630.1776054,37467150.4062506,173.3,0.0,173.9,BID
405,1712301633.7848845,37467732.34263382,173.3,3.379638150680147e-08,173.9,BID
406,1712301637.7749236,37468704.80410574,173.3,5.647641194694916e-08,173.9,BID
407,1712301637.7790902,37469309.01506281,173.3,3.508999369125738e-08,173.9,BID
408,1712301637.783089,37493177.45010813,173.3,1.386176839987154e-06,173.9,BID
409,1712301637.7858105,37522956.71544452,173.3,1.7294526366201036e-06,173.9,BID
410,1712301644.2846026,37523764.15938556,173.3,4.689289802765652e-08,173.9,BID
411,1712301657.2358024,37525474.35938556,173.0,-9.932111708363693e-08,173.9,ASK
412,1712301660.0245433,37527165.05938556,173.1,-9.818864030758969e-08,173.9,ASK
413,1712301660.2380805,37527165.05938556,173.1,-0.0,173.9,ASK
414,1712301662.894518,37531973.35938556,173.1,-2.790769887960279e-07,173.9,ASK
415,1712301662.8986533,37536104.07823197,173.0,-2.397497196971825e-07,173.9,ASK
416,1712301662.9026637,37536145.15532485,173.1,-2.38414229333431e-09,173.9,ASK
417,1712301677.4740558,37536186.23241782,173.2,2.384142298955988e-09,173.9,BID
418,1712301677.6141777,37537336.23241782,173.2,-6.674677892719486e-08,173.9,ASK
419,1712301680.1841216,37537587.13064204,173.2,-1.4562302874101508e-08,173.9,ASK
420,1712301681.9566295,37540804.71217447,173.2,1.867506115000652e-07,173.9,BID
421,1712301681.9603612,37554322.97460137,173.3,7.846091075551781e-07,173.9,BID
422,1712301684.37419,37554357.3277136,173.3,1.993877902050229e-09,173.9,BID
423,1712301684.3841498,37554611.34736536,173.3,1.4743472642521828e-08,173.9,BID
424,1712301687.97423,37555232.74468747,173.3,3.606632146511528e-08,173.9,BID
425,1712301690.25377,37555232.74468747,173.3,0.0,173.9,BID
426,1712301690.4039872,37555715.38490831,173.3,2.8004863411556263e-08,173.9,BID
427,1712301690.4071903,37556386.81277748,173.3,3.895913551090071e-08,173.9,BID
428,1712301691.4639254,37572314.606778,173.0,-9.241991781220974e-07,173.9,ASK
429,1712301691.4681442,37576976.20177748,173.0,-2.70485810345988e-07,173.9,ASK
430,1712301694.1352372,37581969.5658919,173.3,2.897364826829772e-07,173.9,BID
431,1712301694.1372232,37584909.46201983,173.3,1.7058542979083957e-07,173.9,BID
432,1712301706.623731,37584953.72630142,173.3,2.5684041782832044e-09,173.9,BID
433,1712301711.8638284,37588764.50050917,173.0,-2.2111752517025535e-07,173.9,ASK
434,1712301711.8663306,37592922.54850142,173.0,-2.4126784518299925e-07,173.9,ASK
435,1712301720.1763706,37592922.54850142,173.0,-0.0,173.9,ASK
436,1712301729.5735407,37600391.31705542,173.0,-4.332061378571985e-07,173.9,ASK
437,1712301745.5734055,37601571.80105542,173.0,-6.847084773661347e-08,173.9,ASK
438,1712301748.9469917,37605195.87907009,173.0,-2.102050463443408e-07,173.9,ASK
439,1712301748.953102,37611006.72380736,173.0,-3.370426581194919e-07,173.9,ASK
440,1712301750.1693203,37611006.72380736,173.0,-0.0,173.9,ASK
441,1712301752.6232233,37612489.84008836,173.0,-8.600862416429023e-08,173.9,ASK
442,1712301765.1330862,37617044.66875606,173.0,-2.641428403362258e-07,173.9,ASK
443,1712301765.1371334,37624715.28208836,173.0,-4.448328884647146e-07,173.9,ASK
444,1712301772.6229868,37630495.62890916,173.0,-3.352128781928196e-07,173.9,ASK
445,1712301772.626324,37635079.28208836,173.0,-2.658144264471226e-07,173.9,ASK
446,1712301773.3230448,37638396.21870678,173.0,-1.9235521762147773e-07,173.9,ASK
447,1712301774.6128905,37641768.21870678,173.0,-1.9554844377131282e-07,173.9,ASK
448,1712301774.8761275,37642830.2655776,173.0,-6.159003938347784e-08,173.9,ASK
449,1712301776.2933211,37647954.93028164,173.1,-2.971886737024724e-07,173.9,ASK
450,1712301776.352949,37649256.36219261,173.0,-7.547241544020626e-08,173.9,ASK
451,1712301777.123152,37654249.66745963,173.0,-2.89570899834243e-07,173.9,ASK
452,1712301777.143012,37657275.18946953,173.0,-1.7545555178888852e-07,173.9,ASK
453,1712301777.2029932,37661000.38946953,173.0,-2.160311573950237e-07,173.9,ASK
454,1712301777.206365,37664019.11566142,173.0,-1.7506144988031448e-07,173.9,ASK
455,1712301777.2428195,37666984.60087567,173.0,-1.7197390826604178e-07,173.9,ASK
456,1712301777.2629993,37669229.86441677,173.0,-1.3020693692735557e-07,173.9,ASK
457,1712301777.3031406,37670902.26943446,173.0,-9.69858240107928e-08,173.9,ASK
458,1712301777.7028203,37671017.75181458,173.1,6.697034316682617e-09,173.9,BID
459,1712301777.7430084,37676018.54181458,173.0,-2.9000495318118866e-07,173.9,ASK
460,1712301777.8030388,37679010.19307484,173.0,-1.734913251037062e-07,173.9,ASK
461,1712301777.8829708,37681284.49307484,173.0,-1.3189081425562598e-07,173.9,ASK
462,1712301778.2231026,37684886.42826505,173.0,-2.088828057563321e-07,173.9,ASK
463,1712301778.5028665,37713411.98745005,173.0,-1.654249319790299e-06,173.9,ASK
464,1712301779.4929209,37718509.12206903,173.0,-2.95592153747018e-07,173.9,ASK
465,1712301780.0328164,37724284.38579476,173.1,3.349181002179668e-07,173.9,BID
466,1712301780.2684748,37724284.38579476,173.1,0.0,173.9,BID
467,1712301780.8168738,37726870.39228531,173.0,-1.4979699437275586e-07,173.9,ASK
468,1712301780.912779,37730532.22160059,173.0,-2.121150999967092e-07,173.9,ASK
469,1712301781.8227932,37732736.42134069,173.0,-1.2768045914431772e-07,173.9,ASK
470,1712301788.6827295,37736968.78374069,173.0,-2.45163795579496e-07,173.9,ASK
471,1712301795.9526398,37737285.23943689,173.0,-1.8331010504194162e-08,173.9,ASK
472,1712301796.3326178,37738525.23943689,173.0,-7.182823156126128e-08,173.9,ASK
473,1712301799.0325289,37749256.55626589,173.0,-6.216221856055773e-07,173.9,ASK
474,1712301801.7636037,37750898.66531255,173.0,-9.512079746158277e-08,173.9,ASK
475,1712301801.782634,37753205.06531255,173.0,-1.3360051070385969e-07,173.9,ASK
476,1712301803.3426833,37755511.46531255,173.0,-1.3360051070385969e-07,173.9,ASK
477,1712301805.0725868,37757817.86531255,173.0,-1.3360051070385969e-07,173.9,ASK
478,1712301810.251513,37757817.86531255,173.0,-0.0,173.9,ASK
479,1712301813.4425762,37763591.9843189,173.1,3.343592183228779e-07,173.9,BID
480,1712301817.4625974,37764871.26051596,173.1,7.40784505476793e-08,173.9,BID
481,1712301817.4672525,37765902.78732294,173.1,5.973214207772894e-08,173.9,BID
482,1712301818.8526423,37775880.26051596,173.1,5.777608902737132e-07,173.9,BID
483,1712301820.0726,37777498.6036702,173.1,-9.371264281808382e-08,173.9,ASK
484,1712301821.1127424,37781183.9892702,173.1,-2.1340790639737802e-07,173.9,ASK
485,1712301830.2727437,37781882.00312701,173.2,4.041956310277896e-08,173.9,BID
486,1712301830.3725736,37783931.82371007,173.1,-1.1869800520224956e-07,173.9,ASK
487,1712301830.37705,37787375.50312701,173.1,-1.994115390999257e-07,173.9,ASK
488,1712301832.922396,37795470.9357254,173.1,-4.68778442669103e-07,173.9,ASK
489,1712301832.9272392,37796914.46582701,173.1,-8.358982484942804e-08,173.9,ASK
490,1712301836.3122551,37801656.15330504,173.2,2.7457468696803373e-07,173.9,BID
491,1712301836.3159626,37820274.29858856,173.2,1.0781122621083663e-06,173.9,BID
492,1712301836.4122186,37823076.85618856,173.2,-1.6228639683558448e-07,173.9,ASK
493,1712301836.414544,37824451.5394025,173.2,-7.960314021058718e-08,173.9,ASK
494,1712301836.492294,37825156.7444764,173.2,-4.083598155967535e-08,173.9,ASK
495,1712301836.5322149,37825768.39913749,173.2,-3.5418801403364184e-08,173.9,ASK
496,1712301837.9022758,37828151.95012663,173.1,-1.380231762951586e-07,173.9,ASK
497,1712301837.9068348,37828151.95013749,173.1,-6.286041436928582e-16,173.9,ASK
498,1712301839.422388,37829232.87141828,173.1,-6.259240485298149e-08,173.9,ASK
499,1712301839.42721,37829704.48603749,173.1,-2.7309567962729097e-08,173.9,ASK
500,1712301840.1782763,37829704.48603749,173.1,-0.0,173.9,ASK
501,1712301845.6722586,37829704.48609187,173.1,-3.1463617091777602e-15,173.9,ASK
502,1712301858.562197,37829762.35640786,173.1,3.3486559233939187e-09,173.9,BID
503,1712301858.7020905,37830912.35640786,173.1,-6.65445530395781e-08,173.9,ASK
504,1712301858.7696772,37832022.17123081,173.1,-6.421924465206167e-08,173.9,ASK
505,1712301860.2020135,37834154.20803081,173.1,-1.233699442784649e-07,173.9,ASK
506,1712301862.3802328,37835242.03797922,173.1,-6.294709365220594e-08,173.9,ASK
507,1712301862.384399,37835242.03803081,173.1,-2.985120371930228e-15,173.9,ASK
508,1712301862.53212,37836462.70143826,173.1,-7.063347900929449e-08,173.9,ASK
509,1712301862.5368392,37837547.03803081,173.0,-6.274495121351205e-08,173.9,ASK
510,1712301864.0720432,37839853.43803081,173.0,-1.334594409829424e-07,173.9,ASK
511,1712301865.0821192,37840259.6238329,173.2,2.3503871870360385e-08,173.9,BID
512,1712301865.0870552,37841149.12390611,173.2,5.147076939207621e-08,173.9,BID
513,1712301870.194718,37841149.12390611,173.2,0.0,173.9,BID
514,1712301874.34215,37841201.24565124,173.2,3.015670192683804e-09,173.9,BID
515,1712301875.793631,37842206.96756139,173.0,-5.8189256313708255e-08,173.9,ASK
516,1712301875.7963252,37843046.92030715,173.0,-4.8598151359270263e-08,173.9,ASK
517,1712301880.8418934,37846346.92030715,173.0,-1.9093204980173426e-07,173.9,ASK
518,1712301883.3128192,37872711.92030715,173.0,-1.5254313615220374e-06,173.9,ASK
519,1712301885.4018548,37875018.32030715,173.0,-1.3344414535225314e-07,173.9,ASK
520,1712301885.9217098,37877118.32030715,173.0,-1.2150221351019452e-07,173.9,ASK
521,1712301893.1376803,37878297.70638211,173.0,-6.823715175750873e-08,173.9,ASK
522,1712301893.1414487,37879485.98527398,173.0,-6.875167410929102e-08,173.9,ASK
523,1712301900.2515583,37879485.98527398,173.0,-0.0,173.9,ASK
524,1712301911.941618,37881285.98527398,173.0,-1.0441125483881717e-07,173.9,ASK
525,1712301916.7015746,37881553.67031998,173.0,-1.5527406419268545e-08,173.9,ASK
526,1712301917.891457,37936778.04313068,173.0,-3.2033589238065243e-06,173.9,ASK
527,1712301920.6915183,37944885.50802195,173.0,-4.702836571439636e-07,173.9,ASK
528,1712301920.7314608,37949668.33971011,173.0,-2.774341434685874e-07,173.9,ASK
529,1712301920.7513363,37949878.6326831,173.0,-1.2198307329781493e-08,173.9,ASK
530,1712301920.7613688,37957332.0467693,173.0,-4.323446208741604e-07,173.9,ASK
531,1712301921.404822,37968657.93614421,173.0,-6.569724010000922e-07,173.9,ASK
532,1712301921.4415977,37971084.93868363,173.0,-1.4078132257649766e-07,173.9,ASK
533,1712301921.5719209,37972147.54601446,173.0,-6.163786934042896e-08,173.9,ASK
534,1712301921.576756,37988378.65425476,173.0,-9.415057659968202e-07,173.9,ASK
535,1712301921.5815446,37996478.65425476,173.0,-4.698506467746772e-07,173.9,ASK
536,1712301921.701813,38003479.31063004,173.0,-4.0608184268806e-07,173.9,ASK
537,1712301921.706415,38005012.04146827,173.0,-8.890797230551575e-08,173.9,ASK
538,1712301921.82153,38022152.29017722,173.0,-9.942415977504044e-07,173.9,ASK
539,1712301921.8415017,38039206.65322946,173.0,-9.89259692645164e-07,173.9,ASK
540,1712301921.9013724,38049375.98358647,173.0,-5.898847463586937e-07,173.9,ASK
541,1712301922.023425,38055179.92266576,173.0,-3.366647568205218e-07,173.9,ASK
542,1712301922.0281649,38067126.80856208,173.0,-6.929940821392743e-07,173.9,ASK
543,1712301922.7015934,38073710.08618641,173.0,-3.818712653937501e-07,173.9,ASK
544,1712301922.761433,38080260.37659266,173.0,-3.799578004862066e-07,173.9,ASK
545,1712301925.831845,38082566.77659266,173.0,-1.337856212000513e-07,173.9,ASK
546,1712301926.821514,38088255.7325769,173.0,-3.299950183541848e-07,173.9,ASK
547,1712301927.2412608,38093560.79080961,173.0,-3.077265483723469e-07,173.9,ASK
548,1712301927.6254945,38095867.19080961,173.0,-1.337856212000513e-07,173.9,ASK
549,1712301930.2426493,38095867.19080961,173.0,-0.0,173.9,ASK
550,1712301934.831341,38103827.42671314,173.0,-4.6074299651683684e-07,173.9,ASK
551,1712301937.333449,38110000.13675202,173.0,-3.5727997943886986e-07,173.9,ASK
552,1712301938.9612026,38117022.73926011,173.0,-4.064722405386078e-07,173.9,ASK
553,1712301941.6214318,38119911.77449985,173.1,1.672190082721793e-07,173.9,BID
554,1712301942.3211942,38126162.84679676,173.0,-3.618156316503145e-07,173.9,ASK
555,1712301943.6212285,38137348.74034317,173.0,-6.474459015724537e-07,173.9,ASK
556,1712301943.641736,38137810.92034317,173.0,-2.675124213788028e-08,173.9,ASK
557,1712301943.681151,38145282.87148699,173.0,-4.3248079599066283e-07,173.9,ASK
558,1712301943.7612228,38150909.75580175,173.0,-3.256872750575479e-07,173.9,ASK
559,1712301943.7811522,38155601.89385339,173.0,-2.715836279453269e-07,173.9,ASK
560,1712301943.8252227,38159831.15693575,173.0,-2.44792160589285e-07,173.9,ASK
561,1712301944.4481812,38162949.62577373,173.0,-1.80498755861777e-07,173.9,ASK
562,1712301960.171249,38162949.62577373,173.0,-0.0,173.9,ASK
563,1712301966.95109,38167211.1980494,173.1,2.46496654491179e-07,173.9,BID
564,1712301973.541103,38176485.20383515,173.0,-5.364244114719628e-07,173.9,ASK
565,1712301973.546385,38177640.6954535,173.0,-6.683561835666344e-08,173.9,ASK
566,1712301980.041113,38177698.31404304,173.0,3.3327581085640604e-09,173.9,BID
567,1712301983.7311592,38178620.66977092,173.0,5.335063832463848e-08,173.9,BID
568,1712301983.736329,38210389.48639075,173.0,1.8375628775891767e-06,173.9,BID
569,1712301983.7508855,38223776.2644023,173.0,7.743142156955091e-07,173.9,BID
570,1712301983.753293,38245055.92098025,173.0,1.2308518583939186e-06,173.9,BID
571,1712301983.7609086,38312279.56333937,173.0,3.88833084888476e-06,173.9,BID
572,1712301983.7649128,38347534.67390669,173.0,2.0392161029813737e-06,173.9,BID
573,1712301983.7908783,38376959.6075861,173.0,1.7019886655475382e-06,173.9,BID
574,1712301983.7948034,38401383.17233654,173.0,1.4127009029286087e-06,173.9,BID
575,1712301987.4308467,38401672.18967758,173.0,1.6717259041474558e-08,173.9,BID
576,1712301990.1657443,38401672.18967758,173.0,0.0,173.9,BID
577,1712302004.0510085,38420041.45526281,173.0,1.0599777417997042e-06,173.9,BID
578,1712302004.0563717,38432094.452002,173.0,6.955045756317759e-07,173.9,BID
579,1712302004.0616732,38464949.67658859,173.0,1.895873659294322e-06,173.9,BID
580,1712302004.0706282,38472167.00763001,173.0,4.164679433489602e-07,173.9,BID
581,1712302004.0733466,38480360.4561644,173.0,4.7279370178046586e-07,173.9,BID
582,1712302004.077365,38516043.15154735,173.0,2.059029670939227e-06,173.9,BID
583,1712302004.0908031,38524195.25402395,173.0,4.704078741727908e-07,173.9,BID
584,1712302004.0960903,38539612.63972053,173.0,8.896428438739361e-07,173.9,BID
585,1712302004.1013658,38589959.74861473,173.0,2.905223104549734e-06,173.9,BID
586,1712302013.0209098,38601500.39447677,173.0,6.659399464285098e-07,173.9,BID
587,1712302020.270619,38601500.39447677,173.0,0.0,173.9,BID
588,1712302020.3106964,38602756.87424555,173.0,7.235940182855723e-08,173.9,BID
589,1712302022.060888,38604490.11167307,173.0,9.981539424612145e-08,173.9,BID
590,1712302031.0306206,38605067.85748224,173.0,3.32717980816114e-08,173.9,BID
591,1712302031.110616,38619430.28280524,173.0,8.271175796110396e-07,173.9,BID
592,1712302031.1159675,38666618.3166804,173.0,2.717511248111955e-06,173.9,BID
593,1712302050.240303,38666618.3166804,173.0,0.0,173.9,BID
594,1712302053.5403745,38666672.3166804,173.1,3.1077892836712594e-09,173.9,BID
595,1712302058.1103537,38678794.56433988,173.3,6.976553957434696e-07,173.9,BID
596,1712302058.1258063,38680712.68042634,173.2,1.1039075219105017e-07,173.9,BID
597,1712302058.1300528,38742335.4549272,173.3,3.5464925597012726e-06,173.9,BID
598,1712302058.134308,38765074.55304846,173.2,1.3086726937335312e-06,173.9,BID
599,1712302058.1385598,38775244.38397543,173.1,5.852905846589782e-07,173.9,BID
600,1712302058.1422718,38795118.35298525,173.3,1.1437797761615348e-06,173.9,BID
601,1712302058.1446896,38797253.64298525,173.2,1.2288946999125234e-07,173.9,BID
602,1712302058.147169,38826122.00326238,173.3,1.661421864933878e-06,173.9,BID
603,1712302058.2603784,38830383.57553805,173.0,-2.452605305539397e-07,173.9,ASK
604,1712302077.9700532,38830961.56358205,173.1,-3.3264167578461553e-08,173.9,ASK
605,1712302079.2302396,38838832.55043836,173.1,-4.529883074807853e-07,173.9,ASK
606,1712302079.410517,38845438.62458383,173.1,-3.801904895637118e-07,173.9,ASK
607,1712302079.430045,38852025.8734615,173.1,-3.7910706427571653e-07,173.9,ASK
608,1712302080.1630597,38852025.8734615,173.1,-0.0,173.9,ASK
609,1712302080.4600456,38853532.31025868,173.1,-8.653795392185108e-08,173.9,ASK
610,1712302081.060073,38854879.18909725,173.1,-7.737207368317e-08,173.9,ASK
611,1712302081.220221,38855459.76685625,173.1,-3.3351556103059065e-08,173.9,ASK
612,1712302081.4202,38857871.51697734,173.1,-1.3854409374520404e-07,173.9,ASK
613,1712302084.110341,38859407.03556597,173.1,-8.820857079302842e-08,173.9,ASK
614,1712302084.545176,38859984.97762497,173.1,-3.320014710506871e-08,173.9,ASK
615,1712302085.1001055,38861260.33717633,173.1,-7.326361537123456e-08,173.9,ASK
616,1712302090.260039,38861840.55802333,173.1,-3.3331053129128634e-08,173.9,ASK
617,1712302090.502737,38865063.57553805,173.1,-1.8514772189567562e-07,173.9,ASK
618,1712302090.5052974,38865977.23280633,173.0,-5.2485461541648064e-08,173.9,ASK
619,1712302091.2201746,38868216.64311933,173.0,-1.2864395429066453e-07,173.9,ASK
620,1712302098.371021,38868274.26170887,173.0,-3.309926348210411e-09,173.9,ASK
621,1712302107.948032,38870006.49784383,173.1,-9.950910062056965e-08,173.9,ASK
622,1712302108.0143628,38876848.11458619,173.3,3.9301981703427977e-07,173.9,BID
623,1712302108.0198162,38879538.46586919,173.3,1.545484654900166e-07,173.9,BID
624,1712302108.0252483,39054565.11296212,173.3,1.005448615539996e-05,173.9,BID
625,1712302110.1599915,39054565.11296212,173.3,0.0,173.9,BID
626,1712302111.6201596,39055372.5567013,173.3,4.629064936185809e-08,173.9,BID
627,1712302124.2099397,39067397.75657249,173.2,6.894032162619582e-07,173.9,BID
628,1712302127.7200398,39069704.15657249,173.0,-1.3222562577067745e-07,173.9,ASK
629,1712302129.2708485,39072010.55657249,173.0,-1.3222562577067745e-07,173.9,ASK
630,1712302132.2798018,39072298.92940857,173.2,1.6532378904954592e-08,173.9,BID
631,1712302137.399749,39074605.32940857,173.0,-1.3222562577067745e-07,173.9,ASK
632,1712302140.2454195,39074605.32940857,173.0,-0.0,173.9,ASK
633,1712302146.3697283,39079224.04835643,173.1,2.647379236603323e-07,173.9,BID
634,1712302155.4695802,39081858.32940857,173.1,1.5099297098504212e-07,173.9,BID
635,1712302162.219755,39082109.66505125,173.1,-1.4406175594629136e-08,173.9,ASK
636,1712302162.2243812,39084163.32940857,173.1,-1.1771290784085797e-07,173.9,ASK
637,1712302165.4596334,39084692.32940857,173.1,-3.032147294463023e-08,173.9,ASK
638,1712302170.2295475,39084692.32940857,173.1,-0.0,173.9,ASK
639,1712302177.299518,39085493.40490041,173.1,-4.5911830127927624e-08,173.9,ASK
640,1712302178.719626,39085573.93219314,173.2,4.61523966477338e-09,173.9,BID
641,1712302178.725159,39086648.13931149,173.2,6.156575159595239e-08,173.9,BID
642,1712302181.5494976,39088257.13765357,173.1,-9.22161011166773e-08,173.9,ASK
643,1712302197.8694634,39093854.48399122,173.2,3.2079924656271144e-07,173.9,BID
644,1712302197.8793426,39096913.31548266,173.2,1.7531000917619633e-07,173.9,BID
645,1712302200.342305,39096913.31548266,173.2,0.0,173.9,BID
646,1712302222.9292245,39097490.6826882,173.2,3.3154185895052347e-08,173.9,BID
647,1712302230.25593,39097490.6826882,173.2,0.0,173.9,BID
648,1712302241.4662118,39097548.41940875,173.1,-3.3153995515126063e-09,173.9,ASK
649,1712302241.4719985,39099795.6826882,173.1,-1.2904397058311288e-07,173.9,ASK
650,1712302243.173274,39102100.6826882,173.1,-1.323593701346255e-07,173.9,ASK
651,1712302244.7198195,39104405.6826882,173.1,-1.323593701346255e-07,173.9,ASK
652,1712302245.279008,39109232.78460687,173.1,-2.7718532300671574e-07,173.9,ASK
653,1712302248.689094,39109290.52132742,173.1,3.3153995515126063e-09,173.9,BID
654,1712302260.162111,39109290.52132742,173.1,0.0,173.9,BID
655,1712302261.4789643,39111228.03899261,173.1,1.1124448708971756e-07,173.9,BID
656,1712302263.5290947,39112889.2895882,173.1,9.538234089593564e-08,173.9,BID
657,1712302271.1587424,39113919.54130615,173.1,-5.915291818813135e-08,173.9,ASK
658,1712302276.238997,39125574.55296116,173.0,-6.691839857147787e-07,173.9,ASK
659,1712302279.1764972,39129470.27939244,173.0,-2.2367697413823925e-07,173.9,ASK
660,1712302279.1792114,39148223.71365795,173.0,-1.0767469187590882e-06,173.9,ASK
661,1712302279.2888317,39152548.55096095,173.0,2.4831479793019625e-07,173.9,BID
662,1712302279.3088834,39152548.55096116,173.0,1.197790806950162e-17,173.9,BID
663,1712302280.2488608,39158082.69214316,173.1,3.1774817248558306e-07,173.9,BID
664,1712302282.0388715,39158082.69214325,173.1,5.133389172643553e-18,173.9,BID
665,1712302282.918837,39159939.83403889,173.1,-1.0662963303266645e-07,173.9,ASK
666,1712302282.924458,39160387.69214325,173.1,-2.57142146381752e-08,173.9,ASK
667,1712302284.6088154,39162692.69214325,173.1,-1.3234384767084166e-07,173.9,ASK
668,1712302287.2187188,39165650.55024761,173.1,-1.6982833943418325e-07,173.9,ASK
669,1712302290.162681,39165650.55024761,173.1,-0.0,173.9,ASK
670,1712302294.2686317,39168422.12806355,173.1,1.5904382054976108e-07,173.9,BID
671,1712302316.3292634,39171649.91336211,173.1,1.852227647529158e-07,173.9,BID
672,1712302318.842414,39172221.83710561,173.1,3.2819189382434226e-08,173.9,BID
673,1712302320.2285428,39172221.83710561,173.1,0.0,173.9,BID
674,1712302323.3785918,39181838.27729361,173.1,5.517923955203147e-07,173.9,BID
675,1712302323.478546,39187451.49106861,173.1,3.220868237023235e-07,173.9,BID
676,1712302323.8985195,39187451.49106925,173.1,3.676630152416791e-17,173.9,BID
677,1712302350.243544,39187451.49106925,173.1,0.0,173.9,BID
678,1712302355.558334,39187803.53919307,173.1,-2.0197504813981835e-08,173.9,ASK
679,1712302355.568336,39191314.302586,173.1,-2.014175214445648e-07,173.9,ASK
680,1712302376.7682817,39194201.13861371,173.2,1.656219153618501e-07,173.9,BID
681,1712302380.1519227,39194201.13861371,173.2,0.0,173.9,BID
682,1712302383.3881483,39211513.49859999,173.2,9.931682855051587e-07,173.9,BID
683,1712302399.1919014,39214398.60974738,173.2,1.6551185938914837e-07,173.9,BID
684,1712302399.1946993,39214398.89193103,173.2,1.6188194403613134e-11,173.9,BID
685,1712302407.588137,39220169.67715042,173.2,3.3105601240413534e-07,173.9,BID
686,1712302410.1524394,39220169.67715042,173.2,0.0,173.9,BID
687,1712302415.8579967,39220307.86440783,173.2,7.925424296374981e-09,173.9,BID
688,1712302423.5679743,39220423.33784893,173.2,6.622723634954287e-09,173.9,BID
689,1712302424.9150603,39227352.28238879,173.1,-3.9739427812702026e-07,173.9,ASK
690,1712302424.9199047,39228839.70594193,173.0,-8.530788574918246e-08,173.9,ASK
691,1712302435.7379415,39231694.8410549,173.1,-1.637499550829409e-07,173.9,ASK
692,1712302436.9179804,39231983.380388,173.1,1.654853482055808e-08,173.9,BID
693,1712302440.2379992,39231983.380388,173.1,0.0,173.9,BID
694,1712302449.627942,39233136.20085818,173.1,6.61097133854409e-08,173.9,BID
695,1712302466.8385818,39236459.87400226,173.0,-1.905995639606505e-07,173.9,ASK
696,1712302466.8436325,39242619.67877281,173.0,-3.5324054215130265e-07,173.9,ASK
697,1712302469.187815,39243339.9108858,173.0,-4.1302474923585714e-08,173.9,ASK
698,1712302469.193964,39250391.70877281,173.0,-4.043928341136316e-07,173.9,ASK
699,1712302470.2476704,39250391.70877281,173.0,-0.0,173.9,ASK
700,1712302471.4678054,39250853.39691734,173.0,-2.6471162138210854e-08,173.9,ASK
701,1712302474.7877522,39251431.09766835,173.0,3.3122813371501744e-08,173.9,BID
702,1712302477.4976842,39264290.34276946,173.0,7.372924041387783e-07,173.9,BID
703,1712302477.503541,39277683.88905502,173.0,7.679268777585107e-07,173.9,BID
704,1712302477.5180004,39290820.77798248,173.0,7.532112767175928e-07,173.9,BID
705,1712302477.5226407,39300355.84513094,173.0,5.466987001365904e-07,173.9,BID
706,1712302477.5271938,39329795.13440658,173.0,1.6879190182245227e-06,173.9,BID
707,1712302477.529872,39362267.92369186,173.0,1.8618465308800163e-06,173.9,BID
708,1712302477.537719,39366773.63550881,173.0,2.5833764515385417e-07,173.9,BID
709,1712302477.5424235,39409711.47913269,173.0,2.461866595205678e-06,173.9,BID
710,1712302477.5471072,39417863.96619905,173.0,4.674276554808946e-07,173.9,BID
711,1712302477.597648,39419018.79028902,173.0,6.621252048310281e-08,173.9,BID
712,1712302479.7077413,39426982.68728927,172.9,-4.566147327822798e-07,173.9,ASK
713,1712302479.7140577,39427124.3634928,172.9,-8.123088711003204e-09,173.9,ASK
714,1712302492.4093094,39435404.3634928,172.8,-4.747386847570492e-07,173.9,ASK
715,1712302492.4160411,39442119.75096928,172.8,-3.850307026834282e-07,173.9,ASK
716,1712302496.6877203,39449609.17890238,172.9,4.294107689059325e-07,173.9,BID
717,1712302496.7878156,39483455.1790655,172.9,1.940580386682113e-06,173.9,BID
718,1712302496.7931962,39498019.57589537,172.9,8.350582844553456e-07,173.9,BID
719,1712302496.8277557,39502525.61483565,172.9,2.5835640096291013e-07,173.9,BID
720,1712302497.267824,39515664.0827329,172.9,7.53301807882098e-07,173.9,BID
721,1712302497.274133,39550939.9017907,172.9,2.022559896525068e-06,173.9,BID
722,1712302497.287657,39558429.2992688,172.9,4.294090227505006e-07,173.9,BID
723,1712302497.3075955,39582997.2711463,172.9,1.408619161385594e-06,173.9,BID
724,1712302500.1719675,39582997.2711463,172.9,0.0,173.9,BID
725,1712302503.400359,39588472.74521482,172.8,-3.149398288752597e-07,173.9,ASK
726,1712302503.4079547,39613036.66253248,172.8,-1.4128741766860442e-06,173.9,ASK
727,1712302503.412495,39632105.43716875,172.8,-1.0968030431067142e-06,173.9,ASK
728,1712302503.4154046,39635155.89003098,172.7,-1.754567897502487e-07,173.9,ASK
729,1712302503.418269,39647631.98116564,172.8,-7.176032536744784e-07,173.9,ASK
730,1712302503.4211051,39705520.21088364,172.7,-3.329631175880672e-06,173.9,ASK
731,1712302503.4239511,39708210.56216664,172.8,-1.5474436771657598e-07,173.9,ASK
732,1712302503.426793,39724138.35616714,172.8,-9.161392518896842e-07,173.9,ASK
733,1712302503.4296207,39753075.82721158,172.7,-1.664433447180786e-06,173.9,ASK
734,1712302503.432475,39760016.80116904,172.8,-3.99232856010752e-07,173.9,ASK
735,1712302503.4979496,39767555.88626459,172.7,-4.336351775492381e-07,173.9,ASK
736,1712302510.2574286,39769338.3968238,172.8,1.0252693437319425e-07,173.9,BID
737,1712302510.3576243,39771120.90738301,172.9,1.0252693437319425e-07,173.9,BID
738,1712302510.363939,39783840.1868238,172.8,7.315910257940644e-07,173.9,BID
739,1712302514.2976172,39805934.16553374,172.9,1.2708075660668037e-06,173.9,BID
740,1712302517.9875245,39811504.50443374,172.8,3.203962904382641e-07,173.9,BID
741,1712302519.4974792,39839189.92243374,172.8,1.592417514564577e-06,173.9,BID
742,1712302519.5776093,39843308.13243374,172.8,2.368723395347308e-07,173.9,BID
743,1712302523.4275663,39843365.94042968,172.8,3.325016267162081e-09,173.9,BID
744,1712302525.57744,39845711.55042968,172.8,1.3491544344164044e-07,173.9,BID
745,1712302525.7376916,39853807.14964974,172.8,4.656449105778224e-07,173.9,BID
746,1712302527.0482202,39854876.58631833,172.9,6.151215350189001e-08,173.9,BID
747,1712302527.5277183,39855453.62036333,172.8,-3.3190003479935226e-08,173.9,ASK
748,1712302530.1868105,39855453.62036333,172.8,-0.0,173.9,ASK
749,1712302538.3875685,39862981.12470612,172.8,-4.317999440840237e-07,173.9,ASK
750,1712302544.6474297,39881920.40234435,172.8,-1.086413059730435e-06,173.9,ASK
751,1712302544.6538582,39907488.19634487,172.8,-1.4666443906276414e-06,173.9,ASK
752,1712302544.660484,39911852.13295286,172.8,-2.503283289532366e-07,173.9,ASK
753,1712302544.7872438,39935582.87435386,172.8,1.361265612532507e-06,173.9,BID
754,1712302544.790192,39935582.87435481,172.8,5.427819601392238e-17,173.9,BID
755,1712302560.2372148,39935582.87435481,172.8,0.0,173.9,BID
756,1712302560.9173827,39935865.26640081,173.0,1.6185988155013593e-08,173.9,BID
757,1712302560.9224968,39968494.29390081,173.0,1.870212210687144e-06,173.9,BID
758,1712302568.1172566,39976064.47373102,173.0,-4.339033014560967e-07,173.9,ASK
759,1712302570.7873745,39976364.19065765,173.1,1.717900590022339e-08,173.9,BID
760,1712302572.8973746,39976944.14630173,173.0,-3.3241570782718486e-08,173.9,ASK
761,1712302572.9043665,39993216.74591143,173.0,-9.327036942695216e-07,173.9,ASK
762,1712302577.2772162,40046369.36035565,172.9,3.0465716014222764e-06,173.9,BID
763,1712302579.6672115,40047132.03104342,172.9,4.3714328690638745e-08,173.9,BID
764,1712302590.2371583,40047132.03104342,172.9,0.0,173.9,BID
765,1712302607.1771848,40048293.13354595,172.9,6.647790732977886e-08,173.9,BID
766,1712302609.52711,40057453.13354595,172.8,-5.244477811499961e-07,173.9,ASK
767,1712302609.6081953,40061386.56109665,172.8,2.252049510131663e-07,173.9,BID
768,1712302609.614335,40066979.59806265,172.8,3.202244352299697e-07,173.9,BID
769,1712302609.907248,40067210.94566241,172.9,1.3245604297854904e-08,173.9,BID
770,1712302610.213163,40089340.11621036,173.0,1.266986287397467e-06,173.9,BID
771,1712302610.2184162,40096647.66610807,172.9,4.183873722161297e-07,173.9,BID
772,1712302614.1971092,40101152.45537134,173.0,2.579177656845736e-07,173.9,BID
773,1712302614.2169237,40127115.87081341,173.0,1.4865126222343036e-06,173.9,BID
774,1712302614.2206144,40165852.86310048,173.0,2.217852582246522e-06,173.9,BID
775,1712302620.1939266,40165852.86310048,173.0,0.0,173.9,BID
776,1712302621.8471026,40168159.26310048,173.0,-1.3189584803034901e-07,173.9,ASK
777,1712302623.097082,40185481.62589655,173.1,9.906120928160238e-07,173.9,BID
778,1712302623.536956,40187788.02589655,173.0,-1.3189584802992293e-07,173.9,ASK
779,1712302633.9303927,40187822.68794161,173.1,1.982214632263503e-09,173.9,BID
780,1712302646.0869749,40189502.39658613,173.1,9.605731707937668e-08,173.9,BID
781,1712302650.1385024,40192266.60750263,173.0,-1.5807663153231701e-07,173.9,ASK
782,1712302650.1437654,40196443.37054359,173.0,-2.388560975146519e-07,173.9,ASK
783,1712302650.1668775,40196443.37054359,173.0,-0.0,173.9,ASK
784,1712302653.5267055,40199308.05569668,173.1,1.6377962414931985e-07,173.9,BID
785,1712302669.217313,40202195.11519985,173.1,1.6505880927808498e-07,173.9,BID
786,1712302673.4268634,40203350.51670187,173.1,6.605655198737059e-08,173.9,BID
787,1712302680.2287211,40203350.51670187,173.1,0.0,173.9,BID
788,1712302680.4967997,40204512.90785652,173.0,-6.644887673747334e-08,173.9,ASK
789,1712302687.506711,40206721.8639988,173.0,-1.2627647227899296e-07,173.9,ASK
790,1712302688.1467512,40207299.89868088,173.0,3.304374365374199e-08,173.9,BID
791,1712302704.4970396,40209035.00567914,172.9,-9.918856539178965e-08,173.9,ASK
792,1712302708.327163,40209129.30831209,173.0,5.390873810317122e-09,173.9,BID
793,1712302708.3339715,40212522.0316907,173.0,1.9394732718722946e-07,173.9,BID
794,1712302708.6698406,40220456.97823619,173.0,4.536065874312574e-07,173.9,BID
795,1712302708.6764925,40221769.82773145,173.1,7.504992956696638e-08,173.9,BID
796,1712302710.2369237,40221769.82773145,173.1,0.0,173.9,BID
797,1712302726.540084,40222347.52848246,173.0,3.30186396371884e-08,173.9,BID
798,1712302739.9666028,40222376.43599691,173.0,1.6522166551889107e-09,173.9,BID
799,1712302740.1498322,40222376.43599691,173.0,0.0,173.9,BID
800,1712302743.086542,40222671.23368477,173.0,1.6849138971432473e-08,173.9,BID
801,1712302748.6864965,40225559.96778881,173.0,1.651053735327429e-07,173.9,BID
802,1712302754.0677054,40226173.34778881,173.0,3.5057686298098126e-08,173.9,BID
803,1712302754.0744617,40252336.62369645,173.0,1.4953600040700211e-06,173.9,BID
804,1712302754.081133,40267885.74318813,173.1,8.887087178398836e-07,173.9,BID
805,1712302754.0843425,40274625.68334235,173.0,3.852207564539585e-07,173.9,BID
806,1712302756.3280764,40276013.59790074,173.0,-7.932614887398904e-08,173.9,ASK
807,1712302756.331854,40311285.89273135,173.0,-2.015985273696967e-06,173.9,ASK
808,1712302756.3375132,40315219.32028335,173.0,-2.2481474647640645e-07,173.9,ASK
809,1712302756.7166336,40317386.47716831,173.0,-1.2386368357482617e-07,173.9,ASK
810,1712302756.7229557,40330816.39331535,173.0,-7.675858151404271e-07,173.9,ASK
811,1712302756.756332,40346826.75769126,173.0,-9.150711334021988e-07,173.9,ASK
812,1712302756.759685,40354979.40372008,173.0,-4.659638510820416e-07,173.9,ASK
813,1712302756.7627287,40370078.22276035,173.0,-8.629718304854657e-07,173.9,ASK
814,1712302762.7327664,40370718.60583535,173.0,-3.660104495389996e-08,173.9,ASK
1015,1712302763.8965085,40371744.27415842,173.0,-5.8621993406893864e-08,173.9,ASK
815,1712302763.8965085,40371744.27415842,173.0,-5.862199340689386e-08,173.9,ASK
816,1712302763.9063451,40378095.6167523,173.0,-3.6301049304993297e-07,173.9,ASK
817,1712302763.959263,40379952.30736755,173.0,-1.0611900802411373e-07,173.9,ASK
818,1712302764.7263825,40381808.9979828,173.0,-1.0611900802411373e-07,173.9,ASK
819,1712302765.4471078,40383665.68859805,173.0,-1.0611900802411373e-07,173.9,ASK
820,1712302766.0862374,40383694.59611258,173.0,-1.6522067494151695e-09,173.9,ASK
821,1712302769.9267182,40392490.65230749,173.0,-5.02737909192036e-07,173.9,ASK
822,1712302769.9337666,40402583.48500227,173.0,-5.768550694045645e-07,173.9,ASK
823,1712302770.16846,40402583.48500227,173.0,-0.0,173.9,ASK
824,1712302775.3062823,40403172.69420227,173.0,-3.3616303849062506e-08,173.9,ASK
825,1712302777.1262894,40408946.81465215,173.1,3.294323773392478e-07,173.9,BID
826,1712302800.1836035,40408946.81465215,173.1,0.0,173.9,BID
827,1712302800.966437,40412643.26179253,173.1,2.113524976260667e-07,173.9,BID
828,1712302809.367671,40412713.74128415,173.1,4.029819991544328e-09,173.9,BID
829,1712302815.1461718,40413385.06421886,173.1,3.838436573717568e-08,173.9,BID
830,1712302824.1562316,40416273.56797391,173.1,1.6515655705287392e-07,173.9,BID
831,1712302830.1706524,40416273.56797391,173.1,0.0,173.9,BID
832,1712302835.016187,40417446.45351265,173.1,6.705744837441936e-08,173.9,BID
833,1712302835.1661112,40434777.47604297,173.1,9.908674889531132e-07,173.9,BID
834,1712302844.3760548,40434893.01619317,173.1,6.605783259301205e-09,173.9,BID
835,1712302845.6361563,40435753.02072186,173.0,-4.91690854561242e-08,173.9,ASK
836,1712302847.8884964,40441505.62072186,173.0,-3.288937110884244e-07,173.9,ASK
837,1712302859.376071,40444266.30326233,173.0,-1.5783665227403114e-07,173.9,ASK
838,1712302860.2394087,40444266.30326233,173.0,-0.0,173.9,ASK
839,1712302860.6433728,40448283.5126775,173.0,-2.2961253299546065e-07,173.9,ASK
840,1712302860.6465597,40454187.99117911,173.0,-3.374835923796288e-07,173.9,ASK
841,1712302863.526024,40459676.14831371,173.1,3.136878193092771e-07,173.9,BID
842,1712302871.856052,40459964.70998319,173.1,1.6493383592452335e-08,173.9,BID
843,1712302888.4859746,40468391.00974249,173.0,-4.816238915020261e-07,173.9,ASK
844,1712302890.2494266,40468391.00974249,173.0,-0.0,173.9,ASK
845,1712302897.697144,40468968.91258771,173.1,3.3023442767560735e-08,173.9,BID
846,1712302906.89983,40470241.41402863,173.0,-7.27152995586128e-08,173.9,ASK
847,1712302907.1358004,40471041.41402863,173.1,4.571487133628351e-08,173.9,BID
848,1712302914.6064396,40474482.71372037,173.0,-1.966482157966691e-07,173.9,ASK
849,1712302914.6137376,40483622.85973896,173.0,-5.223007490436147e-07,173.9,ASK
850,1712302914.6205397,40490834.15247275,173.0,-4.120791493667713e-07,173.9,ASK
851,1712302915.4058375,40496319.56690014,173.1,3.134562684680338e-07,173.9,BID
852,1712302920.1855395,40496319.56690014,173.1,0.0,173.9,BID
853,1712302928.7365935,40496896.97894512,173.1,3.2986287962461016e-08,173.9,BID
854,1712302933.555726,40496962.50515738,173.0,-3.743369272419907e-09,173.9,ASK
855,1712302934.925892,40498230.78938614,173.1,7.245430564148125e-08,173.9,BID
856,1712302948.2156923,40499963.0255211,173.1,9.895886388865997e-08,173.9,BID
857,1712302950.1692345,40499963.0255211,173.1,0.0,173.9,BID
858,1712302951.0655549,40500020.7955962,173.1,3.3001592085718023e-09,173.9,BID
859,1712302963.2755644,40500072.78866379,173.1,2.970143287969994e-09,173.9,BID
860,1712302976.205659,40529997.68756559,173.1,1.7094824701087184e-06,173.9,BID
861,1712302976.212905,40552084.47779322,173.1,1.2617245872410409e-06,173.9,BID
862,1712302976.866042,40552184.47779322,173.0,-5.712575590375732e-09,173.9,ASK
863,1712302976.873355,40555555.96573075,173.0,-1.925987969519361e-07,173.9,ASK
864,1712302976.880272,40560090.20728048,173.0,-2.590219759785675e-07,173.9,ASK
865,1712302976.98565,40560501.97797235,173.0,2.3522712032180773e-08,173.9,BID
866,1712302980.2355037,40560501.97797235,173.0,0.0,173.9,BID
867,1712302990.475495,40561599.06085782,173.1,6.263419695313076e-08,173.9,BID
868,1712302996.425616,40561711.77762082,173.0,-6.435178259982755e-09,173.9,ASK
869,1712302996.4326267,40615813.69095782,173.0,-3.08876379385856e-06,173.9,ASK
870,1712303008.995498,40616067.47962161,172.9,-1.4489196179112869e-08,173.9,ASK
871,1712303009.0026467,40616394.66581512,172.9,-1.8679577228106985e-08,173.9,ASK
872,1712303010.2325685,40616394.66581512,172.9,-0.0,173.9,ASK
873,1712303024.5682254,40616521.03831512,172.9,-7.210825171891509e-09,173.9,ASK
874,1712303029.9357295,40617214.59101883,173.1,3.9574173923822367e-08,173.9,BID
875,1712303034.1054518,40656498.24208757,173.1,2.241528338694152e-06,173.9,BID
876,1712303036.3554482,40657075.6539882,173.1,3.294717021298735e-08,173.9,BID
877,1712303040.1775663,40657075.6539882,173.1,0.0,173.9,BID
878,1712303046.8955102,40658090.85618346,173.1,5.790425374818206e-08,173.9,BID
879,1712303049.245269,40662300.54798689,173.1,2.401088803040961e-07,173.9,BID
880,1712303050.2452247,40662589.89983874,173.0,-1.6503808926170132e-08,173.9,ASK
881,1712303052.6151233,40668364.0246221,173.1,3.29339700198576e-07,173.9,BID
882,1712303059.2052004,40668421.76582659,173.1,3.293394529946783e-09,173.9,BID
883,1712303067.6951947,40681242.78037125,173.0,-7.312743047306773e-07,173.9,ASK
884,1712303070.177516,40681242.78037125,173.0,-0.0,173.9,ASK
885,1712303084.3754258,40683552.42797379,173.1,1.317043327807495e-07,173.9,BID
886,1712303085.34524,40683846.91093161,173.1,1.6792467141724685e-08,173.9,BID
887,1712303100.1912446,40683846.91093161,173.1,0.0,173.9,BID
888,1712303107.6850994,40698176.1774169,173.1,8.193874120632556e-07,173.9,BID
889,1712303107.6921816,40701198.19055961,173.1,1.7280713780921598e-07,173.9,BID
890,1712303114.30507,40703136.40091489,173.1,1.1083227244598069e-07,173.9,BID
891,1712303115.140321,40710794.36551133,173.1,4.379037684020585e-07,173.9,BID
892,1712303115.2150474,40711842.43746493,173.1,5.993167665628974e-08,173.9,BID
893,1712303128.5849314,40713575.53971796,173.1,9.910361925412888e-08,173.9,BID
894,1712303130.1647987,40713575.53971796,173.1,0.0,173.9,BID
895,1712303131.7750585,40714153.24046897,173.1,3.30248217323815e-08,173.9,BID
896,1712303136.3948717,40714355.43573182,173.1,1.1558687606014084e-08,173.9,BID
897,1712303136.7951112,40720001.95981539,173.1,3.227890061422993e-07,173.9,BID
898,1712303136.8028576,40726287.40587082,173.1,3.593135981295164e-07,173.9,BID
899,1712303136.954806,40727562.04281799,173.1,7.286585291762736e-08,173.9,BID
900,1712303136.9610727,40735500.48095582,173.1,4.538084880020756e-07,173.9,BID
901,1712303137.3349323,40737365.43695582,173.1,1.0661201206789645e-07,173.9,BID
902,1712303137.9673069,40738400.10020682,173.1,5.914752466136036e-08,173.9,BID
903,1712303138.2851813,40745594.83809738,173.1,4.1129414464108453e-07,173.9,BID
904,1712303138.292202,40746732.70020682,173.1,6.504698713735913e-08,173.9,BID
905,1712303138.485029,40746890.90349346,173.1,9.04384377094418e-09,173.9,BID
906,1712303138.4915893,40748164.06695236,173.2,7.27816195370218e-08,173.9,BID
907,1712303138.497579,40748465.06695236,173.1,1.7206955891952797e-08,173.9,BID
908,1712303143.1449244,40754232.96822112,173.2,3.297276502347356e-07,173.9,BID
909,1712303154.524668,40754521.41510333,173.2,1.6489344781961253e-08,173.9,BID
910,1712303158.906566,40754571.41510333,173.0,-2.858298320922392e-09,173.9,ASK
911,1712303159.6867092,40754918.03555393,173.2,1.9814893039002977e-08,173.9,BID
912,1712303160.1769876,40754918.03555393,173.2,0.0,173.9,BID
913,1712303164.5649314,40755495.11422013,173.2,3.2975767771499385e-08,173.9,BID
914,1712303166.2058997,40758185.46550313,173.0,-1.537336317019692e-07,173.9,ASK
915,1712303166.2137594,40759529.77422013,173.0,-7.68172775428113e-08,173.9,ASK
916,1712303169.868474,40767905.80534113,173.0,-4.786280853423641e-07,173.9,ASK
917,1712303172.294812,40776407.79208578,173.2,4.858255154992439e-07,173.9,BID
918,1712303186.0050652,40793748.83254821,173.1,9.909119097666711e-07,173.9,BID
919,1712303186.0133586,40810084.08598904,173.2,9.334386375864944e-07,173.9,BID
920,1712303186.584757,40810648.07074031,173.2,3.2227547601330845e-08,173.9,BID
921,1712303188.134869,40811629.59498973,173.2,5.608683461537409e-08,173.9,BID
922,1712303190.1705732,40811629.59498973,173.2,0.0,173.9,BID
923,1712303199.27458,40814805.11462021,173.2,1.813556585434613e-07,173.9,BID
924,1712303207.9347413,40815156.12658695,173.0,-2.0046484919911025e-08,173.9,ASK
925,1712303215.9048307,40833488.5849317,173.0,-1.0469766975849226e-06,173.9,ASK
926,1712303216.2248895,40833779.15772546,172.9,-1.65947707774483e-08,173.9,ASK
927,1712303216.231392,40837185.03207213,173.0,-1.945113420581031e-07,173.9,ASK
928,1712303217.9623327,40847930.16461335,173.2,6.136603815791579e-07,173.9,BID
929,1712303217.9660246,40867336.87478897,173.2,1.1083278057181787e-06,173.9,BID
930,1712303220.2484915,40867336.87478897,173.2,0.0,173.9,BID
931,1712303225.9448178,40867394.61150952,173.2,3.295560500891925e-09,173.9,BID
932,1712303227.504713,40867481.0607012,173.2,4.934442738379197e-09,173.9,BID
933,1712303239.8752112,40869923.49998963,173.2,1.394122556408911e-07,173.9,BID
934,1712303243.20509,40870096.71015129,173.2,9.886681503951593e-09,173.9,BID
935,1712303248.1253262,40892175.0694442,173.0,-1.260213051949874e-06,173.9,ASK
936,1712303248.133111,40902028.74515129,172.9,-5.624390187245622e-07,173.9,ASK
937,1712303250.2460055,40902028.74515129,172.9,-0.0,173.9,ASK
938,1712303255.1051948,40906025.29624485,172.9,-2.280414562074732e-07,173.9,ASK
939,1712303255.1150577,40914163.32741766,172.9,-4.643524969058924e-07,173.9,ASK
940,1712303255.695148,40915108.41225138,172.9,-5.39261269722384e-08,173.9,ASK
941,1712303257.45554,40916666.43765553,173.2,8.890024765160994e-08,173.9,BID
942,1712303268.315436,40922448.45557976,172.9,-3.2991941211059266e-07,173.9,ASK
943,1712303268.3257904,40925138.80686276,172.9,-1.535102667079112e-07,173.9,ASK
944,1712303268.329729,40934873.56091368,172.8,-5.554608054854795e-07,173.9,ASK
945,1712303268.334346,40936029.63027784,173.0,-6.596481193610885e-08,173.9,ASK
946,1712303268.3402438,40942874.30827183,172.9,-3.9055433059136e-07,173.9,ASK
947,1712303268.3437133,40950342.73155952,172.8,-4.26144964051997e-07,173.9,ASK
948,1712303270.6255436,40951124.00276531,173.2,4.4578993059373945e-08,173.9,BID
949,1712303270.6338534,40958353.25285776,173.2,4.124978462116117e-07,173.9,BID
950,1712303278.4353328,40962602.30599111,173.2,2.424491120840213e-07,173.9,BID
951,1712303278.4452243,40964701.8799299,173.2,1.198007700157641e-07,173.9,BID
952,1712303280.1773272,40964701.8799299,173.2,0.0,173.9,BID
953,1712303299.905644,40964824.38218916,173.1,6.985604778426435e-09,173.9,BID
954,1712303310.1755283,40964824.38218916,173.1,0.0,173.9,BID
955,1712303310.322204,40986910.71298195,173.0,1.2594558850543212e-06,173.9,BID
956,1712303322.2257578,40992684.83343183,173.0,3.292647407054516e-07,173.9,BID
957,1712303335.5358424,40992781.52497045,173.0,5.513760003356467e-09,173.9,BID
958,1712303340.2459662,40992781.52497045,173.0,0.0,173.9,BID
959,1712303349.1162975,40994514.76774501,173.0,9.88095731217828e-08,173.9,BID
960,1712303349.2129312,40998257.90142556,172.8,-2.133904416285845e-07,173.9,ASK
961,1712303349.2167752,41034123.87578701,172.8,-2.0446654492179496e-06,173.9,ASK
962,1712303356.064186,41034959.72743116,173.0,4.765064961693457e-08,173.9,BID
963,1712303356.068105,41039904.22260781,173.0,2.818782601476895e-07,173.9,BID
964,1712303362.396034,41043431.79092426,173.0,2.0110138326977442e-07,173.9,BID
965,1712303362.4061074,41045318.67435626,173.0,1.0756839675491416e-07,173.9,BID
966,1712303362.4122565,41054587.74435626,173.0,5.2841578997374e-07,173.9,BID
967,1712303367.2161722,41057192.20998306,173.1,1.484766823040687e-07,173.9,BID
968,1712303370.2381215,41057192.20998306,173.1,0.0,173.9,BID
969,1712303373.6461596,41057768.62304527,173.0,3.28395978961162e-08,173.9,BID
970,1712303374.7863464,41063532.31180607,173.0,3.28370805088229e-07,173.9,BID
971,1712303377.6763945,41063573.37538988,173.0,2.339488240309342e-09,173.9,BID
972,1712303383.9264157,41063614.43897412,172.9,-2.33948826450453e-09,173.9,ASK
973,1712303384.3666637,41063672.17569524,172.9,-3.289395799187684e-09,173.9,ASK
974,1712303391.21913,41066067.80575304,173.0,1.3648463742928466e-07,173.9,BID
975,1712303400.2106178,41066067.80575304,173.0,0.0,173.9,BID
976,1712303403.3763804,41066991.47423001,173.0,5.290891861966098e-08,173.9,BID
977,1712303407.2763166,41071495.39318372,173.0,2.5799027176256574e-07,173.9,BID
978,1712303414.7879975,41071841.86734548,173.0,1.98464857093292e-08,173.9,BID
979,1712303417.5365715,41076288.16357272,172.9,-2.5468956786082045e-07,173.9,ASK
980,1712303417.5434425,41087988.87192299,172.9,-6.702316267502654e-07,173.9,ASK
981,1712303420.3466587,41092621.86734548,172.9,2.6538393794509464e-07,173.9,BID
982,1712303420.8865883,41093201.68009663,172.9,-3.321242028914465e-08,173.9,ASK
983,1712303428.20843,41103254.43154171,173.0,5.758345351971131e-07,173.9,BID
984,1712303430.176602,41103254.43154171,173.0,0.0,173.9,BID
985,1712303446.827355,41104408.95266078,172.8,-6.610810173665925e-08,173.9,ASK
986,1712303449.57668,41105033.37246618,172.8,-3.5754398373572034e-08,173.9,ASK
987,1712303456.586701,41105166.02397115,172.8,-7.595650734606818e-09,173.9,ASK
988,1712303460.2464054,41105166.02397115,172.8,-0.0,173.9,ASK
989,1712303464.6168337,41105252.77932106,172.9,4.9675340946358055e-09,173.9,BID
990,1712303469.086869,41105398.15263835,172.9,8.323946717314459e-09,173.9,BID
991,1712303469.094851,41105839.42532106,172.9,2.5266880931187552e-08,173.9,BID
992,1712303474.7469442,41107052.78625193,172.9,6.94759666043837e-08,173.9,BID
993,1712303480.880504,41110620.6936559,172.8,-2.042952013189401e-07,173.9,ASK
994,1712303480.884735,41143360.20474979,172.8,-1.8746352561087493e-06,173.9,ASK
995,1712303481.2771938,41149086.05784406,172.9,3.278572502510825e-07,173.9,BID
996,1712303483.6273513,41177987.7919481,172.9,1.6548875625766651e-06,173.9,BID
997,1712303490.2505429,41177987.7919481,172.9,0.0,173.9,BID
998,1712303502.9373505,41180668.45563576,172.9,1.533818684021424e-07,173.9,BID
999,1712303518.4773831,41183558.85471036,172.9,1.653824806634442e-07,173.9,BID
1000,1712303520.212597,41183558.85471036,172.9,0.0,173.9,BID
1201,1712303530.8471856,41189339.65430477,172.9,3.307468151211125e-07,173.9,BID
1202,1712303541.5274734,41197252.67438135,172.8,-4.5274120743595764e-07,173.9,ASK
1203,1712303541.5300877,41201232.0192848,172.8,-2.2767709407470325e-07,173.9,ASK
1204,1712303542.869411,41201810.09924424,172.9,3.3074681511898106e-08,173.9,BID
1205,1712303550.1673124,41201810.09924424,172.9,0.0,173.9,BID
1206,1712303550.85726,41205668.29160554,172.9,2.207055524509745e-07,173.9,BID
1207,1712303555.1573207,41214945.71188903,172.9,5.307091967534658e-07,173.9,BID
1208,1712303560.8373415,41220729.40188324,172.9,3.308524759366768e-07,173.9,BID
1209,1712303576.747357,41220787.23878318,172.9,3.308524759456271e-09,173.9,BID
1210,1712303579.9972844,41222520.61154156,172.9,9.915653664111098e-08,173.9,BID
1211,1712303580.241088,41222520.61154156,172.9,0.0,173.9,BID
1212,1712303584.858822,41223671.74441182,172.9,6.583637127218169e-08,173.9,BID
1213,1712303588.4675364,41225553.26836662,172.9,1.0760939318686517e-07,173.9,BID
1214,1712303588.8475814,41227287.50781138,172.9,9.918579766970185e-08,173.9,BID
1215,1712303594.24733,41228782.49974099,172.8,-8.550259163780471e-08,173.9,ASK
1216,1712303594.717536,41234569.53677803,172.8,-3.309761442670969e-07,173.9,ASK
1217,1712303595.2376373,41236594.9563082,172.8,-1.158391664554941e-07,173.9,ASK
1218,1712303601.6877692,41237422.04783499,172.9,4.730357914440009e-08,173.9,BID
1219,1712303602.497357,41239220.04437915,172.9,1.0283223690849548e-07,173.9,BID
1220,1712303603.5074086,41244992.92637915,172.9,3.3016657979510885e-07,173.9,BID
1221,1712303604.8774517,41246672.15737846,172.9,9.603971737631258e-08,173.9,BID
1222,1712303607.687466,41252377.84704374,172.9,3.263236702496472e-07,173.9,BID
1223,1712303608.3474765,41255124.88204374,172.9,1.5711028746626873e-07,173.9,BID
1224,1712303609.9910405,41260897.55404374,172.9,3.301545693327346e-07,173.9,BID
1225,1712303610.237341,41260897.55404374,172.9,0.0,173.9,BID
1226,1712303613.4877007,41264408.27804374,172.9,2.0071154802986737e-07,173.9,BID
1227,1712303616.1174543,41273667.53730299,172.8,-5.293609692858183e-07,173.9,ASK
1228,1712303616.1196878,41294190.64465394,172.8,-1.1733262560064665e-06,173.9,ASK
1229,1712303616.2187817,41295858.86465394,172.8,9.53737800676434e-08,173.9,BID
1230,1712303616.2606487,41296737.84194804,172.8,5.025199741774229e-08,173.9,BID
1231,1712303616.2619815,41297481.60369943,172.8,4.25215916965032e-08,173.9,BID
1232,1712303616.3175468,41322192.25184742,172.8,1.4127320867734878e-06,173.9,BID
1233,1712303616.417345,41333746.25184742,172.8,6.60553557026255e-07,173.9,BID
1234,1712303616.480063,41335880.27898096,172.8,1.2200443256447466e-07,173.9,BID
1235,1712303616.5376403,41337863.34277828,172.8,1.1337370998165405e-07,173.9,BID
1236,1712303616.9984536,41339400.98226828,172.8,8.79083637306676e-08,173.9,BID
1237,1712303617.0175064,41345174.29926828,172.8,3.3006621777663575e-07,173.9,BID
1238,1712303617.4174702,41356728.29926828,172.8,6.60553557026255e-07,173.9,BID
1239,1712303617.6976223,41359772.06926828,172.8,1.7401532804803949e-07,173.9,BID
1240,1712303618.3151617,41371326.06926828,172.8,6.60553557026255e-07,173.9,BID
1241,1712303619.1875486,41388538.04646828,172.8,9.840256848637509e-07,173.9,BID
1242,1712303619.7944071,41396885.63029328,172.8,4.772395869982982e-07,173.9,BID
1243,1712303620.0883887,41408439.63029328,172.8,6.60553557026255e-07,173.9,BID
1244,1712303620.187566,41409528.64477992,172.8,6.226003053519387e-08,173.9,BID
1245,1712303620.4675422,41421082.64477992,172.8,6.60553557026255e-07,173.9,BID
1246,1712303620.6875746,41422730.27159592,172.8,9.41964474605075e-08,173.9,BID
1247,1712303621.5777333,41424196.56959592,172.8,8.382970049859436e-08,173.9,BID
1248,1712303621.597462,41426756.42746092,172.8,1.463495947902241e-07,173.9,BID
1249,1712303621.812699,41430537.51446092,172.8,2.161684669620045e-07,173.9,BID
1250,1712303622.0574312,41431196.6188593,172.8,3.7681647464058815e-08,173.9,BID
1251,1712303622.3174312,41456272.7879303,172.8,1.4336292778642302e-06,173.9,BID
1252,1712303622.967041,41457666.08723585,172.8,7.96562932563408e-08,173.9,BID
1253,1712303623.1225429,41458701.27093568,172.8,5.91824714466234e-08,173.9,BID
1254,1712303623.1239676,41459727.49946709,172.8,5.8670495650557545e-08,173.9,BID
1255,1712303623.128817,41460751.25823449,172.8,5.85292968102219e-08,173.9,BID
1256,1712303623.157612,41462015.07558839,172.8,7.225368258162007e-08,173.9,BID
1257,1712303623.2000775,41462804.47855921,172.8,4.513094515342597e-08,173.9,BID
1258,1712303623.2926023,41476347.56855921,172.8,7.742717909489479e-07,173.9,BID
1259,1712303623.867565,41477153.29772587,172.8,4.606432984592577e-08,173.9,BID
1260,1712303623.9277797,41484638.34826983,172.8,4.279277099992854e-07,173.9,BID
1261,1712303624.5944364,41485364.27069919,172.8,4.150170008994159e-08,173.9,BID
1262,1712303624.6112297,41486082.73420357,172.8,4.107526600421789e-08,173.9,BID
1263,1712303624.6142316,41486800.88666379,172.8,4.1057483303082034e-08,173.9,BID
1264,1712303624.8475957,41487950.88666379,172.8,6.574663238533784e-08,173.9,BID
1265,1712303626.2581236,41488768.26243564,172.8,4.673017773263179e-08,173.9,BID
1266,1712303626.2804394,41489577.15836773,172.8,4.6245376943766025e-08,173.9,BID
1267,1712303626.337537,41490310.56136773,172.8,4.192937167923114e-08,173.9,BID
1268,1712303632.7376883,41492369.69804634,172.8,1.1772287151302785e-07,173.9,BID
1269,1712303633.0375683,41493081.85144726,172.8,4.071451117589317e-08,173.9,BID
1270,1712303633.0777504,41493786.45544049,172.8,4.0282904104439546e-08,173.9,BID
1271,1712303633.1175554,41495598.58203592,172.8,1.0360106183081309e-07,173.9,BID
1272,1712303633.2376046,41496407.71953293,172.8,4.6259187447797653e-08,173.9,BID
1273,1712303633.2408504,41497225.52645121,172.8,4.675482679846245e-08,173.9,BID
1274,1712303636.5075607,41497372.15645121,172.8,8.382981484207333e-09,173.9,BID
1275,1712303640.175066,41497372.15645121,172.8,0.0,173.9,BID
1276,1712303644.3377075,41499021.23124317,172.9,9.405948909485912e-08,173.9,BID
1277,1712303645.288843,41502658.17017096,172.9,2.0744275461918066e-07,173.9,BID
1278,1712303645.347644,41505542.74297051,172.9,1.645294956330716e-07,173.9,BID
1279,1712303645.6077237,41509882.27748626,172.9,2.475172147743114e-07,173.9,BID
1280,1712303645.8538258,41513344.26069569,172.9,1.9746367691847696e-07,173.9,BID
1281,1712303652.167497,41520964.42937627,172.8,4.346371531516694e-07,173.9,BID
1282,1712303652.9776745,41522114.42937627,172.8,6.559339393606126e-08,173.9,BID
1283,1712303653.9775743,41524186.15014638,172.8,1.1816625791265512e-07,173.9,BID
1284,1712303654.3177931,41525423.8390104,172.8,7.05949680244379e-08,173.9,BID
1285,1712303654.32115,41525590.94955971,172.8,9.531607036221585e-09,173.9,BID
1286,1712303660.0177724,41528479.45322454,172.8,1.6475370328076048e-07,173.9,BID
1287,1712303660.687747,41552310.71717833,172.8,1.3592812908827902e-06,173.9,BID
1288,1712303660.6910827,41557385.71727007,172.8,2.894665045591158e-07,173.9,BID
1289,1712303660.897827,41558541.87718895,172.8,6.594474174983353e-08,173.9,BID
1290,1712303670.157615,41558541.87718895,172.8,0.0,173.9,BID
1291,1712303671.1176412,41560600.04914628,172.8,1.1732272023238489e-07,173.9,BID
1292,1712303680.9178877,41563169.19316059,172.8,-1.4644984514278684e-07,173.9,ASK
1293,1712303680.921201,41563227.06353096,172.8,-3.298805645456599e-09,173.9,ASK
1294,1712303698.4417014,41565814.38353096,172.8,1.474859374265484e-07,173.9,BID
1295,1712303698.567914,41567382.63235497,172.9,8.939545472799932e-08,173.9,BID
1296,1712303698.5705223,41570167.49797029,172.8,1.5874670156101844e-07,173.9,BID
1297,1712303700.1877985,41570167.49797029,172.8,0.0,173.9,BID
1298,1712303704.3914895,41570265.64816252,172.9,5.610799631179336e-09,173.9,BID
1299,1712303704.3947327,41570745.56617041,172.8,2.743472753795508e-08,173.9,BID
1300,1712303706.7177348,41573437.06848395,172.7,-1.5386093338047158e-07,173.9,ASK
1301,1712303711.157959,41579389.13004715,172.9,3.402522609939312e-07,173.9,BID
1302,1712303730.1778762,41579389.13004715,172.9,0.0,173.9,BID
1303,1712303734.1221387,41591585.17777227,172.9,6.971290052443815e-07,173.9,BID
1304,1712303736.3680236,41593443.62102028,172.8,-1.0622906059319776e-07,173.9,ASK
1305,1712303736.3714445,41596300.41021827,172.8,-1.632947538967957e-07,173.9,ASK
1306,1712303739.7079594,41596467.35160827,172.8,-9.542409784550058e-09,173.9,ASK
1307,1712303743.3581157,41598066.13700727,172.8,-9.13869558337948e-08,173.9,ASK
1308,1712303747.958007,41606566.13700727,172.9,4.858620331874417e-07,173.9,BID
1309,1712303759.7409306,41623913.77897575,172.9,9.915953644487164e-07,173.9,BID
1310,1712303760.2317142,41623913.77897575,172.9,0.0,173.9,BID
1311,1712303776.768294,41625070.51697459,172.9,6.60903409341529e-08,173.9,BID
1312,1712303790.2621794,41625070.51697459,172.9,0.0,173.9,BID
1313,1712303791.328235,41625359.7014743,172.9,1.6522396431784615e-08,173.9,BID
1314,1712303791.589097,41631953.44913488,172.9,3.767301253288523e-07,173.9,BID
1315,1712303793.6079867,41632242.63363459,172.9,1.6522396431784615e-08,173.9,BID
1316,1712303793.6882172,41632319.26969481,172.9,4.378558910455221e-09,173.9,BID
1317,1712303794.9381435,41636559.08182916,172.8,-2.422393210910065e-07,173.9,ASK
1318,1712303794.940977,41638024.95936095,172.8,-8.375210194491434e-08,173.9,ASK
1319,1712303803.0880158,41638101.59542173,172.8,-4.378558942381581e-09,173.9,ASK
1320,1712303804.668125,41639834.96818055,172.8,-9.903529377934225e-08,173.9,ASK
1321,1712303811.0779855,41640181.9895802,172.9,1.982687571780099e-08,173.9,BID
1322,1712303820.1719615,41640181.9895802,172.9,0.0,173.9,BID
1323,1712303822.85825,41643363.01907701,172.9,1.8171924161747814e-07,173.9,BID
1324,1712303825.6885006,41643710.04047666,172.9,1.9823917267067188e-08,173.9,BID
1325,1712303826.378439,41644500.38171436,172.9,4.514897157605623e-08,173.9,BID
1326,1712303829.3284335,41645448.1233344,172.8,-5.4140613476198615e-08,173.9,ASK
1327,1712303830.408378,41645743.09145727,172.9,1.6850325859269324e-08,173.9,BID
1328,1712303836.6392329,41648055.41071695,172.9,1.320933687247751e-07,173.9,BID
1329,1712303837.7583025,41648352.97737607,172.9,1.6998769637511418e-08,173.9,BID
1330,1712303844.6280448,41651402.97737607,172.9,1.7423406085636214e-07,173.9,BID
1331,1712303845.9480577,41651512.81256836,172.9,6.274436582569911e-09,173.9,BID
1332,1712303850.158007,41651512.81256836,172.9,0.0,173.9,BID
1333,1712303852.4382846,41651745.64657645,172.9,1.3299368958605866e-08,173.9,BID
1334,1712303858.3000348,41652165.82497645,172.8,-2.4000392450848823e-08,173.9,ASK
1335,1712303861.94823,41655513.67136899,172.8,-1.9122741027508284e-07,173.9,ASK
1336,1712303866.0682592,41658542.06350317,172.9,1.7298033338938117e-07,173.9,BID
1337,1712303880.2618504,41658542.06350317,172.9,0.0,173.9,BID
1338,1712303910.2482271,41658542.06350317,172.9,0.0,173.9,BID
1339,1712303913.5583324,41659080.52350317,172.8,-3.07544474416974e-08,173.9,ASK
1340,1712303916.0683503,41659852.25861016,172.9,4.4078087112857615e-08,173.9,BID
1341,1712303916.7693715,41669898.20792264,172.8,-5.73780076759754e-07,173.9,ASK
1342,1712303917.548439,41670465.73536342,172.8,-3.2414650761666754e-08,173.9,ASK
1343,1712303926.7683945,41687826.84647453,172.9,9.9158968019031e-07,173.9,BID
1344,1712303938.3685515,41705148.83903521,172.9,9.89355402058028e-07,173.9,BID
1345,1712303938.928346,41705498.76284199,172.9,1.9986096133729944e-08,173.9,BID
1346,1712303940.1683276,41705498.76284199,172.9,0.0,173.9,BID
1347,1712303943.2485385,41706365.88256437,172.9,4.9503081417272464e-08,173.9,BID
1348,1712303949.988448,41707233.4360635,172.9,4.952784533960813e-08,173.9,BID
1349,1712303965.4485304,41707522.78791535,172.8,-1.6518835762460712e-08,173.9,ASK
1350,1712303965.4560454,41709275.3317823,172.8,-1.0005114575711428e-07,173.9,ASK
1351,1712303965.462543,41710432.7391897,172.8,-6.607534304984283e-08,173.9,ASK
1352,1712303965.4661813,41758484.44250202,172.8,-2.74322832235467e-06,173.9,ASK
1353,1712303966.5783682,41759147.91183072,172.8,3.7876864461552745e-08,173.9,BID
1354,1712303967.1985738,41761727.09483072,172.8,1.472432269079773e-07,173.9,BID
1355,1712303970.158685,41761727.09483072,172.8,0.0,173.9,BID
1356,1712303972.3826478,41766528.81683072,172.8,2.739739961522064e-07,173.9,BID
1357,1712303972.6084445,41767107.52053442,172.8,3.3019355616866795e-08,173.9,BID
1358,1712303973.368345,41767194.32608997,172.8,4.952903342359974e-09,173.9,BID
1359,1712303973.4710822,41767772.93720108,172.8,3.3014072520141264e-08,173.9,BID
1360,1712303974.7683315,41768187.09920108,172.8,2.3631026159912882e-08,173.9,BID
1361,1712303977.8783035,41769337.51620108,172.8,6.56398564370362e-08,173.9,BID
1362,1712303978.3983555,41770506.52204948,172.7,-6.670048866049206e-08,173.9,ASK
1363,1712303984.588305,41770541.2442717,172.8,1.9811613371140342e-09,173.9,BID
1364,1712303985.108397,41770641.6392717,172.8,5.7282823417482215e-09,173.9,BID
1365,1712303990.96839,41876477.4964717,172.7,-6.038723760623194e-06,173.9,ASK
1366,1712303998.4185405,41876477.4966119,172.8,7.999315641123638e-15,173.9,BID
1367,1712303998.4224174,41876659.41087316,172.9,1.0379563230501546e-08,173.9,BID
1368,1712304000.2184472,41876659.41087316,172.9,0.0,173.9,BID
1369,1712304005.4418871,41882443.10086737,172.9,3.3032131365320466e-07,173.9,BID
1370,1712304016.65843,41883443.10086737,172.9,5.7112555130716093e-08,173.9,BID
1371,1712304022.2584815,41888648.42186216,172.9,2.972891822882672e-07,173.9,BID
1372,1712304028.091233,41888716.40219761,172.9,3.8825306558621265e-09,173.9,BID
1373,1712304029.748318,41894500.09219182,172.8,3.303213136536302e-07,173.9,BID
1374,1712304030.158391,41894500.09219182,172.8,0.0,173.9,BID
1375,1712304030.3327017,41901423.14108404,172.8,3.953233794952949e-07,173.9,BID
1376,1712304033.4484637,41920713.03088404,172.7,-1.1015008769337106e-06,173.9,ASK
1377,1712304043.6713488,41921584.53781262,172.7,-4.976522188749159e-08,173.9,ASK
1378,1712304051.0784702,41921820.80278198,172.8,1.3491319734479862e-08,173.9,BID
1379,1712304059.4484522,41923556.04627134,172.8,9.908673637034585e-08,173.9,BID
1380,1712304060.309129,41923556.04627134,172.8,0.0,173.9,BID
1381,1712304060.440894,41924029.15627234,172.7,-2.7008022271202635e-08,173.9,ASK
1382,1712304062.9796607,41926645.66583944,172.7,-1.4936642326759548e-07,173.9,ASK
1383,1712304071.0484688,41932421.58783944,172.8,3.297250738384142e-07,173.9,BID
1384,1712304071.108621,41936468.35442029,172.8,2.310142709125794e-07,173.9,BID
1385,1712304071.1124752,41942072.31743944,172.8,3.1990859992165264e-07,173.9,BID
1386,1712304072.6385517,41947477.35442029,172.8,3.0855268087267134e-07,173.9,BID
1387,1712304072.641647,41947848.23943944,172.8,2.117239296616821e-08,173.9,BID
1388,1712304074.278515,41953623.96443944,172.8,3.2971382786920257e-07,173.9,BID
1389,1712304082.6186996,41958620.92943944,172.8,2.852574279213968e-07,173.9,BID
1390,1712304084.9800951,41959044.73440872,172.8,2.4193388482269973e-08,173.9,BID
1391,1712304084.9883635,41963805.03643944,172.8,2.717472532649648e-07,173.9,BID
1392,1712304085.3685217,41964012.83736536,172.8,1.1862552098521628e-08,173.9,BID
1393,1712304086.8485172,41964648.93236536,172.8,3.63122062318209e-08,173.9,BID
1394,1712304088.7986217,41964938.83874094,172.7,-1.6549635035621354e-08,173.9,ASK
1395,1712304089.3222988,41965002.44874094,172.8,3.6312491662233035e-09,173.9,BID
1396,1712304090.2434256,41965002.44874094,172.8,0.0,173.9,BID
1397,1712304092.768564,41970786.13873515,172.8,3.30033591613223e-07,173.9,BID
1398,1712304092.7849867,41971786.13873515,172.8,5.7062807989929656e-08,173.9,BID
1399,1712304097.1486015,41976991.34664534,172.8,2.970237795266948e-07,173.9,BID
1400,1712304099.4985628,41977687.35859306,172.8,3.971639613151424e-08,173.9,BID
1401,1712304101.6884866,42041026.1348068,172.8,3.614288425401504e-06,173.9,BID
1402,1712304110.578452,42042183.5422142,172.8,6.604491665475924e-08,173.9,BID
1403,1712304120.1822476,42042183.5422142,172.8,0.0,173.9,BID
1404,1712304130.9786017,42044720.54742253,172.8,1.4465855004810793e-07,173.9,BID
1405,1712304139.7981558,42104719.54742253,172.7,-3.4211078147747547e-06,173.9,ASK
1406,1712304147.5198617,42105024.58590553,172.7,-1.73931155186379e-08,173.9,ASK
1407,1712304150.1523387,42105024.58590553,172.7,-0.0,173.9,ASK
1408,1712304161.308545,42174472.61651985,172.8,3.957437036996676e-06,173.9,BID
1409,1712304176.008774,42175472.61651985,172.8,5.6984150622990335e-08,173.9,BID
1410,1712304177.7986605,42175524.38461728,172.8,2.949961061018839e-09,173.9,BID
1411,1712304178.846074,42176786.99756479,172.7,-7.194892637979769e-08,173.9,ASK
1412,1712304180.2444112,42176786.99756479,172.7,-0.0,173.9,ASK
1413,1712304180.5701158,42182307.10209585,172.8,3.143363494021186e-07,173.9,BID
1414,1712304184.9685383,42183116.88218844,172.8,4.611204673589076e-08,173.9,BID
1415,1712304186.0287802,42184116.88218844,172.8,5.6943912499048064e-08,173.9,BID
1416,1712304188.8986132,42189324.95154912,172.7,-2.96567845963585e-07,173.9,ASK
1417,1712304197.1485012,42194324.95154912,172.8,2.847195624952402e-07,173.9,BID
1418,1712304198.05851,42195393.85163785,172.7,-6.086735312272198e-08,173.9,ASK
1419,1712304200.8489594,42196248.69032785,172.7,-4.86778595644594e-08,173.9,ASK
1420,1712304204.0427775,42201454.41949451,172.8,2.9643458615984324e-07,173.9,BID
1421,1712304210.2422545,42201454.41949451,172.8,0.0,173.9,BID
1422,1712304218.1686294,42203764.81949451,172.7,-1.3153129482421933e-07,173.9,ASK
1423,1712304219.8009398,42206075.21949451,172.7,-1.3153129482421933e-07,173.9,ASK
1424,1712304220.7185464,42303043.76648551,172.7,-5.520428732236125e-06,173.9,ASK
1425,1712304221.5585482,42305354.16648551,172.7,-1.3153129482421933e-07,173.9,ASK
1426,1712304223.2484212,42307664.56648551,172.7,-1.3153129482421933e-07,173.9,ASK
1427,1712304225.658607,42319232.85641461,172.8,6.585838613562151e-07,173.9,BID
1428,1712304234.8726218,42320100.47794238,172.8,4.93937772527936e-08,173.9,BID
1429,1712304240.1631253,42320100.47794238,172.8,0.0,173.9,BID
1430,1712304242.6385665,42340199.96853138,172.7,-1.14293261720795e-06,173.9,ASK
1431,1712304250.6385694,42342180.65642817,172.8,1.126293620095807e-07,173.9,BID
1432,1712304251.2184882,42342903.32333617,172.7,-4.1093557912228536e-08,173.9,ASK
1433,1712304270.1585224,42342903.32333617,172.7,-0.0,173.9,ASK
1434,1712304270.4750874,42344734.08184421,172.8,1.0408050499840945e-07,173.9,BID
1435,1712304270.99861,42346578.27836516,172.8,1.0484446985954637e-07,173.9,BID
1436,1712304271.3585792,42351578.27836516,172.7,-2.842551449064468e-07,173.9,ASK
1437,1712304273.078547,42352034.00412546,172.7,-2.5908478406530865e-08,173.9,ASK
1438,1712304283.7185447,42352172.40412546,172.8,7.868182410925732e-09,173.9,BID
1439,1712304294.5985165,42354017.04955525,172.8,1.0486999078919538e-07,173.9,BID
1440,1712304298.338585,42359807.43751124,172.8,3.291895134990904e-07,173.9,BID
1441,1712304299.0786126,42360059.60917724,172.7,-1.4336218691816416e-08,173.9,ASK
1442,1712304300.258596,42360059.60917724,172.7,-0.0,173.9,ASK
1443,1712304301.5086482,42365846.64621427,172.8,3.2976161427781165e-07,173.9,BID
1444,1712304318.1186128,42370601.58401427,172.8,2.709497027035725e-07,173.9,BID
1445,1712304319.369001,42387966.88401427,172.7,-9.895235374817957e-07,173.9,ASK
1446,1712304319.5084903,42388815.88822427,172.7,-4.8378642995585464e-08,173.9,ASK
1447,1712304320.59225,42406175.08822427,172.7,-9.89175942359332e-07,173.9,ASK
1448,1712304322.10858,42408772.59102427,172.8,1.4801300059756368e-07,173.9,BID
1449,1712304322.5786116,42425501.59102427,172.7,-9.532653774209886e-07,173.9,ASK
1450,1712304326.0886266,42427369.38192427,172.8,1.0643196827254792e-07,173.9,BID
1451,1712304330.2495732,42427369.38192427,172.8,0.0,173.9,BID
1452,1712304335.708431,42427490.90970204,172.8,6.920409291982949e-09,173.9,BID
1453,1712304345.428666,42427696.30310204,172.7,-1.1696144041797237e-08,173.9,ASK
1454,1712304345.80872,42428275.00680574,172.8,3.2954329964167176e-08,173.9,BID
1455,1712304346.9486957,42428391.42601475,172.8,6.629501424258111e-09,173.9,BID
1456,1712304346.9534173,42445282.134528,172.8,9.618427843368394e-07,173.9,BID
1457,1712304346.9566486,42456625.93822441,172.8,6.459738337064848e-07,173.9,BID
1458,1712304351.6284173,42457312.44143029,172.8,-3.909298147453147e-08,173.9,ASK
1459,1712304353.859598,42458791.15869978,172.8,-8.420567642944448e-08,173.9,ASK
1460,1712304360.1623223,42458791.15869978,172.8,-0.0,173.9,ASK
1461,1712304366.0586972,42460614.59403778,172.8,-1.0380357987279145e-07,173.9,ASK
1462,1712304369.6585689,42488290.78258607,172.9,1.575535687325794e-06,173.9,BID
1463,1712304373.2094688,42488348.51930662,172.9,3.2868060406548515e-09,173.9,BID
1464,1712304375.5252798,42488656.23930862,172.8,-1.7517724451185086e-08,173.9,ASK
1465,1712304376.818479,42489234.15266408,172.9,3.2899151345363246e-08,173.9,BID
1466,1712304380.858598,42491601.08152469,172.9,1.34743296850622e-07,173.9,BID
1467,1712304390.162262,42491601.08152469,172.9,0.0,173.9,BID
1468,1712304391.2186916,42497384.7715189,172.9,3.291446100331141e-07,173.9,BID
1469,1712304395.208927,42500276.616516,172.9,1.6457230501634508e-07,173.9,BID
1470,1712304406.558564,42506005.44672206,172.9,3.26022588694647e-07,173.9,BID
1471,1712304409.2287028,42511775.97572206,172.9,3.2839562965708737e-07,173.9,BID
1472,1712304411.2784324,42517546.64572206,172.9,3.2840365384077016e-07,173.9,BID
