,time,acc_trade_volume,trade_price,dev,high,ask_bid
0,1712300395.5243173,4494243.240303,529.0,0.0,547.4,ASK
1,1712300397.262433,4494432.27621982,529.0,3.493152555734533e-08,547.4,BID
2,1712300400.4421508,4494432.27621982,529.0,0.0,547.4,BID
3,1712300402.0823426,4494551.760403,529.0,2.2123615962766923e-08,547.4,BID
4,1712300402.1821833,4494621.31213664,529.0,-1.2878155113439314e-08,547.4,ASK
5,1712300430.3745716,4494621.31213664,529.0,-0.0,547.4,ASK
6,1712300460.5123403,4494621.31213664,529.0,-0.0,547.4,ASK
7,1712300481.332644,4494810.34805346,529.0,3.500112299762139e-08,547.4,BID
8,1712300490.5025616,4494810.34805346,529.0,0.0,547.4,BID
9,1712300499.3624794,4494892.9762265,527.9,-1.52988138377662e-08,547.4,ASK
10,1712300499.372516,4494951.17585346,527.9,-1.0775807155422318e-08,547.4,ASK
11,1712300520.3526113,4494951.17585346,527.9,-0.0,547.4,ASK
12,1712300550.3527975,4494951.17585346,527.9,-0.0,547.4,ASK
13,1712300580.4727285,4494951.17585346,527.9,-0.0,547.4,ASK
14,1712300610.5030825,4494951.17585346,527.9,-0.0,547.4,ASK
15,1712300640.3728976,4494951.17585346,527.9,-0.0,547.4,ASK
16,1712300670.3730662,4494951.17585346,527.9,-0.0,547.4,ASK
17,1712300700.5031197,4494951.17585346,527.9,-0.0,547.4,ASK
18,1712300730.5033364,4494951.17585346,527.9,-0.0,547.4,ASK
19,1712300760.334031,4494951.17585346,527.9,-0.0,547.4,ASK
20,1712300772.2972984,4495951.17585346,528.0,-1.851956871010777e-07,547.4,ASK
21,1712300778.1864915,4497787.27438903,527.9,-3.400375298802273e-07,547.4,ASK
22,1712300778.1875372,4499736.47665246,527.9,-3.609838524748505e-07,547.4,ASK
23,1712300778.188528,4501245.26165246,527.9,-2.794204747628272e-07,547.4,ASK
24,1712300790.3432858,4501245.26165246,527.9,-0.0,547.4,ASK
25,1712300795.8934448,4501750.49726172,527.9,-9.350991367711874e-08,547.4,ASK
26,1712300795.9735155,4501778.43306172,527.8,-5.170408020802304e-09,547.4,ASK
27,1712300815.2824914,4502594.24795317,527.8,-1.5099248484845322e-07,547.4,ASK
28,1712300819.3139818,4502613.19811424,527.7,-3.507329834462926e-09,547.4,ASK
29,1712300819.3183663,4503943.20394702,527.7,-2.4615986746387216e-07,547.4,ASK
30,1712300819.321871,4505837.50210955,527.5,-3.506001050016172e-07,547.4,ASK
31,1712300819.3229542,4507379.83386001,527.8,-2.854575295244627e-07,547.4,ASK
32,1712300819.32399,4507610.58656553,527.6,-4.2708125038070456e-08,547.4,ASK
33,1712300820.4738567,4507610.58656553,527.6,-0.0,547.4,ASK
34,1712300826.4035957,4507989.80537478,527.4,-7.014289200265105e-08,547.4,ASK
35,1712300826.4047108,4513663.04793784,527.4,-1.0493615577582095e-06,547.4,ASK
36,1712300826.4058118,4529363.19672098,527.3,-2.904006377478713e-06,547.4,ASK
37,1712300850.5036511,4529363.19672098,527.3,-0.0,547.4,ASK
38,1712300872.2937808,4531086.66997194,527.3,-3.181104050467017e-07,547.4,ASK
39,1712300880.306162,4531086.66997194,527.3,-0.0,547.4,ASK
40,1712300910.3539348,4531086.66997194,527.3,-0.0,547.4,ASK
41,1712300940.474132,4531086.66997194,527.3,-0.0,547.4,ASK
42,1712300949.214048,4542282.19746244,527.3,-2.0660700667894263e-06,547.4,ASK
43,1712300949.2152717,4542321.89125104,527.3,-7.325259889169148e-09,547.4,ASK
44,1712300949.2164197,4542748.71146723,527.3,-7.876721068473357e-08,547.4,ASK
45,1712300949.217569,4549100.26454924,527.4,-1.1721425106142209e-06,547.4,ASK
46,1712300949.218703,4549110.30883489,527.3,-1.853615021008363e-09,547.4,ASK
47,1712300970.5139697,4549110.30883489,527.3,-0.0,547.4,ASK
48,1712301000.3839493,4549110.30883489,527.3,-0.0,547.4,ASK
49,1712301016.4452944,4549186.93191618,527.1,-1.4239423486465324e-08,547.4,ASK
50,1712301016.4465902,4549236.93191618,527.0,-9.291863004400861e-09,547.4,ASK
51,1712301016.4482083,4549331.79057677,527.1,-1.7628273579646862e-08,547.4,ASK
52,1712301016.4542165,4549438.77063375,526.5,-1.98808806731662e-08,547.4,ASK
53,1712301016.4558058,4551807.7693922,526.1,-4.402482384222905e-07,547.4,ASK
54,1712301016.4573488,4551902.64605254,527.0,-1.7631618603973573e-08,547.4,ASK
55,1712301017.1539247,4552196.06995254,526.6,5.452909362030684e-08,547.4,BID
56,1712301030.344091,4552196.06995254,526.6,0.0,547.4,BID
57,1712301060.5187974,4552196.06995254,526.6,0.0,547.4,BID
58,1712301090.4973884,4552196.06995254,526.6,0.0,547.4,BID
59,1712301120.316173,4552196.06995254,526.6,0.0,547.4,BID
60,1712301131.2343245,4552281.93634443,526.6,1.5952360850474014e-08,547.4,BID
61,1712301131.2446682,4552299.58754443,526.6,3.279261019940841e-09,547.4,BID
62,1712301150.37432,4552299.58754443,526.6,0.0,547.4,BID
63,1712301177.4540122,4553145.55722941,526.6,-1.57163666909655e-07,547.4,ASK
64,1712301177.4557066,4553275.98195248,526.6,-2.423021545253489e-08,547.4,ASK
65,1712301180.4737992,4553275.98195248,526.6,-0.0,547.4,ASK
66,1712301195.383419,4554225.46922935,526.6,1.763782460101821e-07,547.4,BID
67,1712301210.503018,4554225.46922935,526.6,0.0,547.4,BID
68,1712301240.34223,4554225.46922935,526.6,0.0,547.4,BID
69,1712301254.561966,4554285.46922935,526.1,-1.1144658997214256e-08,547.4,ASK
70,1712301255.021809,4557326.05810503,526.1,-5.647721028363209e-07,547.4,ASK
71,1712301259.104943,4558012.86461715,526.1,-1.2757040624409172e-07,547.4,ASK
72,1712301270.321282,4558012.86461715,526.1,-0.0,547.4,ASK
73,1712301300.400639,4558012.86461715,526.1,-0.0,547.4,ASK
74,1712301316.2103672,4558076.14355094,526.0,-1.1787709411165798e-08,547.4,ASK
75,1712301316.212124,4558145.15857281,526.0,-1.2856237836006842e-08,547.4,ASK
76,1712301330.3376622,4558145.15857281,526.0,-0.0,547.4,ASK
77,1712301351.1535213,4558497.61047395,526.0,-6.565449967382556e-08,547.4,ASK
78,1712301351.1546648,4558719.50264282,526.0,-4.133392182452457e-08,547.4,ASK
79,1712301360.3694885,4558719.50264282,526.0,-0.0,547.4,ASK
80,1712301366.2392354,4558738.51766468,525.9,-3.541905974655133e-09,547.4,ASK
81,1712301371.439229,4559523.81481598,525.8,1.462763857154921e-07,547.4,BID
82,1712301371.4410253,4559738.51766468,525.9,3.9992449557015066e-08,547.4,BID
83,1712301388.1487584,4561890.88223603,525.7,-4.009184417871168e-07,547.4,ASK
84,1712301390.3286502,4561890.88223603,525.7,-0.0,547.4,ASK
85,1712301403.4385765,4562865.21531403,525.8,1.814315404735604e-07,547.4,BID
86,1712301403.5259254,4563244.20600654,526.0,7.057223727684667e-08,547.4,BID
87,1712301403.528322,4564941.35105603,525.9,3.160270832313144e-07,547.4,BID
88,1712301403.5382855,4564941.35105659,526.0,1.0422692939055504e-16,547.4,BID
89,1712301414.5682998,4565915.68413471,525.8,-1.814315404959319e-07,547.4,ASK
90,1712301418.378119,4566105.87051736,525.8,3.541479721923601e-08,547.4,BID
91,1712301420.4882364,4566105.87051736,525.8,0.0,547.4,BID
92,1712301424.2260456,4566225.87051736,525.8,2.23361015821276e-08,547.4,BID
93,1712301425.987985,4572998.50944736,525.8,1.2606195926630006e-06,547.4,BID
94,1712301426.06823,4583933.23049336,525.8,2.035325333797331e-06,547.4,BID
95,1712301426.148005,4583933.23049356,525.8,3.7270457174609037e-17,547.4,BID
96,1712301436.0703242,4584296.20612699,526.6,6.756217183429474e-08,547.4,BID
97,1712301436.130082,4584353.3301998,526.6,1.0632742442359964e-08,547.4,BID
98,1712301450.4876275,4584353.3301998,526.6,0.0,547.4,BID
99,1712301480.3570814,4584353.3301998,526.6,0.0,547.4,BID
100,1712301510.347134,4584353.3301998,526.6,0.0,547.4,BID
101,1712301540.4959416,4584353.3301998,526.6,0.0,547.4,BID
102,1712301570.4955208,4584353.3301998,526.6,0.0,547.4,BID
103,1712301587.3853762,4584362.81426656,527.2,1.76216189079108e-09,547.4,BID
104,1712301600.355208,4584362.81426656,527.2,0.0,547.4,BID
105,1712301604.275107,4585337.14734468,526.1,-1.821038402865799e-07,547.4,ASK
106,1712301622.634713,4587730.85058511,526.1,4.473855628814924e-07,547.4,BID
107,1712301622.714771,4588667.80243311,526.1,1.7511725047218717e-07,547.4,BID
108,1712301622.7347968,4588667.80243328,526.1,3.1853919443019475e-17,547.4,BID
109,1712301630.3584144,4588667.80243328,526.1,0.0,547.4,BID
110,1712301660.4741702,4588667.80243328,526.1,0.0,547.4,BID
111,1712301663.786529,4588677.80243328,527.2,1.8682193162371557e-09,547.4,BID
112,1712301690.5341384,4588677.80243328,527.2,0.0,547.4,BID
113,1712301720.353456,4588677.80243328,527.2,0.0,547.4,BID
114,1712301750.3383608,4588677.80243328,527.2,0.0,547.4,BID
115,1712301758.4230666,4588687.80243328,527.2,1.8682174761826404e-09,547.4,BID
116,1712301776.6435266,4588699.41472464,527.2,2.169428565604857e-09,547.4,BID
117,1712301776.6528869,4589741.55279209,527.2,1.946940550205993e-07,547.4,BID
118,1712301780.5128613,4589741.55279209,527.2,0.0,547.4,BID
119,1712301793.532784,4590021.55279209,527.2,-5.2304609308439e-08,547.4,ASK
120,1712301810.5025215,4590021.55279209,527.2,-0.0,547.4,ASK
121,1712301825.1125855,4590996.02008519,527.2,-1.8202759148194522e-07,547.4,ASK
122,1712301840.3527267,4590996.02008519,527.2,-0.0,547.4,ASK
123,1712301848.9222102,4591054.82129916,527.2,-1.0982837878757525e-08,547.4,ASK
124,1712301870.4019244,4591054.82129916,527.2,-0.0,547.4,ASK
125,1712301893.221726,4591244.50263451,527.7,3.542830414452352e-08,547.4,BID
126,1712301900.5118666,4591244.50263451,527.7,0.0,547.4,BID
127,1712301922.2515447,4592002.32935298,527.7,1.4171912957389374e-07,547.4,BID
128,1712301922.2524848,4593619.25613325,527.7,3.023771137913101e-07,547.4,BID
129,1712301930.501421,4593619.25613325,527.7,0.0,547.4,BID
130,1712301960.3552103,4593619.25613325,527.7,0.0,547.4,BID
131,1712301990.3409896,4593619.25613325,527.7,0.0,547.4,BID
132,1712302008.640846,4593974.27803439,527.2,-6.637613246213497e-08,547.4,ASK
133,1712302020.520677,4593974.27803439,527.2,-0.0,547.4,ASK
134,1712302045.800542,4593993.22819546,527.7,3.5428642083028957e-09,547.4,BID
135,1712302050.4913287,4593993.22819546,527.7,0.0,547.4,BID
136,1712302080.3322392,4593993.22819546,527.7,0.0,547.4,BID
137,1712302110.329154,4593993.22819546,527.7,0.0,547.4,BID
138,1712302129.4698784,4594005.66507262,527.2,-2.3251562039695954e-09,547.4,ASK
139,1712302129.4715831,4595118.30329905,527.2,-2.080150540690871e-07,547.4,ASK
140,1712302140.4896314,4595118.30329905,527.2,-0.0,547.4,ASK
141,1712302170.4596372,4595118.30329905,527.2,-0.0,547.4,ASK
142,1712302197.0818624,4596067.97091538,526.5,-1.775269375473285e-07,547.4,ASK
143,1712302197.0841346,4596077.97091538,526.4,-1.8693586523816286e-09,547.4,ASK
144,1712302197.0862975,4597501.85988309,526.2,-2.661759161818716e-07,547.4,ASK
145,1712302197.088487,4597652.09553304,527.2,-2.8084431213170992e-08,547.4,ASK
146,1712302197.09066,4616635.95592952,526.5,-3.5487643687763427e-06,547.4,ASK
147,1712302197.09273,4635623.42268246,526.4,-3.549438526141837e-06,547.4,ASK
148,1712302197.093706,4654614.49716232,526.3,-3.550112939694896e-06,547.4,ASK
149,1712302197.0946884,4672118.30329905,526.2,-3.27208914513071e-06,547.4,ASK
150,1712302200.589218,4672118.30329905,526.2,-0.0,547.4,ASK
151,1712302230.5092826,4672118.30329905,526.2,-0.0,547.4,ASK
152,1712302260.3588555,4672118.30329905,526.2,-0.0,547.4,ASK
153,1712302290.3387768,4672118.30329905,526.2,-0.0,547.4,ASK
154,1712302320.5286028,4672118.30329905,526.2,-0.0,547.4,ASK
155,1712302350.4782948,4672118.30329905,526.2,-0.0,547.4,ASK
156,1712302352.388517,4673543.61686803,526.2,-2.6476422295249904e-07,547.4,ASK
157,1712302352.3908286,4675034.49430931,526.2,-2.769432746929947e-07,547.4,ASK
158,1712302355.518438,4676302.35549044,526.2,2.355160911528875e-07,547.4,BID
159,1712302360.2586267,4676312.35549044,526.1,-1.8575857882409161e-09,547.4,ASK
160,1712302360.2609742,4677567.14049044,526.1,-2.3308707832981546e-07,547.4,ASK
161,1712302362.4717426,4678483.7170298,526.2,1.702619553350152e-07,547.4,BID
162,1712302362.4739747,4679467.55858242,526.1,1.827570086029189e-07,547.4,BID
163,1712302371.7427323,4680891.38016789,525.8,-2.644870742159496e-07,547.4,ASK
164,1712302371.7502618,4681842.31208116,525.8,-1.7664376076745077e-07,547.4,ASK
165,1712302380.3483672,4681842.31208116,525.8,-0.0,547.4,ASK
166,1712302406.9982607,4683682.19247886,525.8,-3.414491002974159e-07,547.4,ASK
167,1712302407.0007946,4684158.78898537,525.8,-8.844784071625372e-08,547.4,ASK
168,1712302410.319898,4684158.78898537,525.8,-0.0,547.4,ASK
169,1712302440.478081,4684158.78898537,525.8,-0.0,547.4,ASK
170,1712302470.50546,4684158.78898537,525.8,-0.0,547.4,ASK
171,1712302500.3476722,4684158.78898537,525.8,-0.0,547.4,ASK
172,1712302523.9875176,4684282.88756073,526.0,-2.311448274123885e-08,547.4,ASK
173,1712302528.0674038,4685282.88756073,526.2,1.86259049905764e-07,547.4,BID
174,1712302530.377447,4685282.88756073,526.2,0.0,547.4,BID
175,1712302548.6974285,4686133.12206349,526.0,-1.583464260148281e-07,547.4,ASK
176,1712302548.6998606,4689455.1701649,526.0,-6.186933630665598e-07,547.4,ASK
177,1712302560.4672143,4689455.1701649,526.0,-0.0,547.4,ASK
178,1712302573.2056944,4690405.7405071,526.0,1.769604976892852e-07,547.4,BID
179,1712302575.647259,4693838.02064057,526.0,6.389616566642019e-07,547.4,BID
180,1712302586.8941343,4696209.49839978,526.0,-4.414800945269764e-07,547.4,ASK
181,1712302590.4671416,4696209.49839978,526.0,-0.0,547.4,ASK
182,1712302599.5571823,4696218.98246654,527.2,1.7644100735553635e-09,547.4,BID
183,1712302609.2369912,4696700.51034969,527.2,8.958315764872247e-08,547.4,BID
184,1712302620.3672931,4696700.51034969,527.2,0.0,547.4,BID
185,1712302626.8869512,4697157.90507657,527.2,8.508934200729034e-08,547.4,BID
186,1712302626.9470427,4698804.40500257,527.2,-3.062991046575228e-07,547.4,ASK
187,1712302626.9671223,4700822.94837195,527.2,-3.755105098944636e-07,547.4,ASK
188,1712302647.4569428,4700833.18145893,527.7,1.903665666997915e-09,547.4,BID
189,1712302650.3368924,4700833.18145893,527.7,0.0,547.4,BID
190,1712302680.4567888,4700833.18145893,527.7,0.0,547.4,BID
191,1712302710.4905305,4700833.18145893,527.7,0.0,547.4,BID
192,1712302722.1466093,4702734.05894237,526.2,-3.5347780403964653e-07,547.4,ASK
193,1712302740.316337,4702734.05894237,526.2,-0.0,547.4,ASK
194,1712302752.5967636,4702753.00910344,527.7,3.523223194123524e-09,547.4,BID
195,1712302762.0563931,4703132.01232496,527.7,7.04644639061923e-08,547.4,BID
196,1712302770.348184,4703132.01232496,527.7,0.0,547.4,BID
197,1712302800.3560972,4703132.01232496,527.7,0.0,547.4,BID
198,1712302809.2273402,4703933.1689444,527.7,1.5056997814810088e-07,547.4,BID
199,1712302809.230074,4704880.67699822,527.7,1.7807537689530205e-07,547.4,BID
200,1712302810.4161096,4705881.92749822,527.7,-1.8817577268606609e-07,547.4,ASK
201,1712302830.356006,4705881.92749822,527.7,-0.0,547.4,ASK
202,1712302860.4762125,4705881.92749822,527.7,-0.0,547.4,ASK
203,1712302872.4765155,4705891.92749822,527.7,-1.878895103246328e-09,547.4,ASK
204,1712302888.0558307,4705991.92749822,527.7,-1.8788951032463283e-08,547.4,ASK
205,1712302890.4859283,4705991.92749822,527.7,-0.0,547.4,ASK
206,1712302898.8358734,4706005.92749822,527.7,-2.630424456024636e-09,547.4,ASK
207,1712302920.255901,4706487.62306662,527.7,-9.050455739137088e-08,547.4,ASK
208,1712302920.3657973,4706487.62306662,527.7,-0.0,547.4,ASK
209,1712302937.0857482,4707435.13112044,527.7,-1.7801613362860017e-07,547.4,ASK
210,1712302950.335518,4707435.13112044,527.7,-0.0,547.4,ASK
211,1712302980.4755878,4707435.13112044,527.7,-0.0,547.4,ASK
212,1712302991.745811,4707455.13112044,527.7,-3.757211599500066e-09,547.4,ASK
213,1712303010.4735565,4707455.13112044,527.7,-0.0,547.4,ASK
214,1712303021.115853,4708666.49405026,527.7,-2.275668913637682e-07,547.4,ASK
215,1712303040.3657265,4708666.49405026,527.7,-0.0,547.4,ASK
216,1712303070.3351407,4708666.49405026,527.7,-0.0,547.4,ASK
217,1712303100.3652604,4708666.49405026,527.7,-0.0,547.4,ASK
218,1712303100.7450762,4708893.89598317,528.4,4.276541840661929e-08,547.4,BID
219,1712303130.3486853,4708893.89598317,528.4,0.0,547.4,BID
220,1712303138.8527637,4709631.34306174,528.4,1.386818477119364e-07,547.4,BID
221,1712303138.855508,4709786.34306174,528.4,2.9148785072196588e-08,547.4,BID
222,1712303150.2248087,4710007.44783706,528.4,-4.158022951135823e-08,547.4,ASK
223,1712303160.376816,4710007.44783706,528.4,-0.0,547.4,ASK
224,1712303190.3648713,4710007.44783706,528.4,-0.0,547.4,ASK
225,1712303220.4947238,4710007.44783706,528.4,-0.0,547.4,ASK
226,1712303237.9150076,4710196.69840481,528.2,3.5585895383562215e-08,547.4,BID
227,1712303250.5052905,4710196.69840481,528.2,0.0,547.4,BID
228,1712303264.0353491,4712236.89437681,527.7,-3.836228162759466e-07,547.4,ASK
229,1712303264.038056,4712236.89437761,527.7,-1.504270149081408e-16,547.4,ASK
230,1712303280.305531,4712236.89437761,527.7,-0.0,547.4,ASK
231,1712303310.3484352,4712236.89437761,527.7,-0.0,547.4,ASK
232,1712303331.5457168,4712615.8975986,527.8,-7.125043754287108e-08,547.4,ASK
233,1712303331.5558224,4712710.63234661,527.8,-1.7809590716828856e-08,547.4,ASK
234,1712303331.5701838,4712710.63234714,527.8,-9.979749046476958e-17,547.4,ASK
235,1712303340.4858797,4712710.63234714,527.8,-0.0,547.4,ASK
236,1712303363.9562314,4712720.63234714,527.8,1.8798544330152313e-09,547.4,BID
237,1712303370.48635,4712720.63234714,527.8,0.0,547.4,BID
238,1712303373.006274,4713019.46947905,527.8,5.6176974978813134e-08,547.4,BID
239,1712303377.7865236,4713041.3019819,527.2,-4.104188654577984e-09,547.4,ASK
240,1712303377.7894018,4714142.73204651,526.2,-2.0705261352642816e-07,547.4,ASK
241,1712303377.7921894,4715623.40094123,526.2,-2.7834392238749653e-07,547.4,ASK
242,1712303377.7946763,4715984.24503541,526.6,-6.783336970368408e-08,547.4,ASK
243,1712303377.797158,4716019.46947905,526.5,-6.621676082703046e-09,547.4,ASK
244,1712303400.408046,4716019.46947905,526.5,-0.0,547.4,ASK
245,1712303401.3710914,4716993.80255717,526.3,-1.835140879354584e-07,547.4,ASK
246,1712303401.4465408,4718400.69309517,526.3,2.6498559856344924e-07,547.4,BID
247,1712303401.470069,4718400.69309523,526.3,1.1226440185905549e-17,547.4,BID
248,1712303430.356701,4718400.69309523,526.3,0.0,547.4,BID
249,1712303460.4969122,4718400.69309523,526.3,0.0,547.4,BID
250,1712303464.5268943,4718589.94365297,526.3,-3.5636630141373125e-08,547.4,ASK
251,1712303466.0270865,4718685.70164549,526.3,1.8031609540616413e-08,547.4,BID
252,1712303482.4571722,4719065.71304584,526.3,-7.15576529099624e-08,547.4,ASK
253,1712303490.4969747,4719065.71304584,526.3,-0.0,547.4,ASK
254,1712303511.9471183,4719384.19550552,526.3,-5.996755725885469e-08,547.4,ASK
255,1712303511.9493873,4719418.19607553,526.3,-6.402020164387242e-09,547.4,ASK
256,1712303512.0470655,4720259.51849329,526.3,1.584139054655044e-07,547.4,BID
257,1712303513.1871357,4721181.85382768,526.3,1.736679534328649e-07,547.4,BID
258,1712303515.197061,4721915.79854841,526.3,1.3819559202526808e-07,547.4,BID
259,1712303520.3671644,4721915.79854841,526.3,0.0,547.4,BID
260,1712303527.3072505,4723969.99661941,526.3,3.866789344715698e-07,547.4,BID
261,1712303529.4472294,4723969.99662003,526.3,1.1675689995031043e-16,547.4,BID
262,1712303550.3472617,4723969.99662003,526.3,0.0,547.4,BID
263,1712303580.487434,4723969.99662003,526.3,0.0,547.4,BID
264,1712303610.477555,4723969.99662003,526.3,0.0,547.4,BID
265,1712303637.4315138,4724269.99662003,526.1,-5.6460026408819154e-08,547.4,ASK
266,1712303637.4329295,4726129.95481084,526.0,-3.500442952414281e-07,547.4,ASK
267,1712303637.434314,4726319.99662003,526.2,-3.5765885218836074e-08,547.4,ASK
268,1712303640.347545,4726319.99662003,526.2,-0.0,547.4,ASK
269,1712303670.337877,4726319.99662003,526.2,-0.0,547.4,ASK
270,1712303686.5480354,4726424.49975513,526.3,1.966292470614108e-08,547.4,BID
271,1712303686.5578492,4728695.06787216,526.3,4.272217276792656e-07,547.4,BID
272,1712303700.380417,4728695.06787216,526.3,0.0,547.4,BID
273,1712303716.9177668,4728754.06967084,526.0,-1.1111367305025985e-08,547.4,ASK
274,1712303730.3525982,4728754.06967084,526.0,-0.0,547.4,ASK
275,1712303732.4479775,4728784.57128588,526.3,5.7441073812322235e-09,547.4,BID
276,1712303737.2279916,4730565.57784107,526.3,3.3540167910023095e-07,547.4,BID
277,1712303760.4779167,4730565.57784107,526.3,0.0,547.4,BID
278,1712303790.5227313,4730565.57784107,526.3,0.0,547.4,BID
279,1712303820.338184,4730565.57784107,526.3,0.0,547.4,BID
280,1712303834.0184186,4730585.78134967,526.0,-3.804070376786096e-09,547.4,ASK
281,1712303834.0210943,4730785.78134967,525.9,-3.765752228476309e-08,547.4,ASK
282,1712303834.0236356,4731437.39584659,526.0,-1.226909371942465e-07,547.4,ASK
283,1712303834.0260806,4731645.93761475,525.7,-3.926583140889228e-08,547.4,ASK
284,1712303834.0285163,4731864.95625301,525.8,-4.123849625522149e-08,547.4,ASK
285,1712303834.032509,4732065.10647168,525.9,-3.768580659937695e-08,547.4,ASK
286,1712303834.034248,4732661.48917715,525.6,-1.122914751073468e-07,547.4,ASK
287,1712303834.0356455,4734622.44496341,525.8,-3.692236811025762e-07,547.4,ASK
288,1712303834.0370617,4734812.6675238,525.7,-3.581655153491188e-08,547.4,ASK
289,1712303834.0384696,4735490.42986028,525.6,-1.2761425144874938e-07,547.4,ASK
290,1712303834.039943,4735838.83361071,525.5,-6.560010997953769e-08,547.4,ASK
291,1712303834.041401,4737739.27175223,525.8,-3.578289583255413e-07,547.4,ASK
292,1712303834.0428329,4737748.78840303,525.5,-1.7918674478228775e-09,547.4,ASK
293,1712303834.0442767,4737948.78840303,525.7,-3.765752228476309e-08,547.4,ASK
294,1712303834.045714,4738148.78840303,525.6,-3.765752228476309e-08,547.4,ASK
295,1712303834.0474093,4738871.30029646,525.5,-1.360400386393695e-07,547.4,ASK
296,1712303834.0488348,4738890.32617165,525.6,-3.582336594648763e-09,547.4,ASK
297,1712303834.0502832,4739080.62112883,525.5,-3.5830182953515e-08,547.4,ASK
298,1712303839.8183205,4740080.62112883,526.3,1.882876114238155e-07,547.4,BID
299,1712303843.1682858,4740117.68274387,525.5,-6.978242971314199e-09,547.4,ASK
300,1712303849.3585153,4740128.98321647,525.5,-2.1277389938868673e-09,547.4,ASK
301,1712303850.3581388,4740128.98321647,525.5,-0.0,547.4,ASK
302,1712303875.7982502,4740271.56781647,526.3,2.6821519744422032e-08,547.4,BID
303,1712303880.4983833,4740271.56781647,526.3,0.0,547.4,BID
304,1712303910.4984274,4740271.56781647,526.3,0.0,547.4,BID
305,1712303940.348645,4740271.56781647,526.3,0.0,547.4,BID
306,1712303970.3082926,4740271.56781647,526.3,0.0,547.4,BID
307,1712303973.178424,4741508.6910199,526.3,2.3271135899575785e-07,547.4,BID
308,1712303973.1816492,4742171.62481818,526.2,1.247023939847694e-07,547.4,BID
309,1712304000.4786325,4742171.62481818,526.2,0.0,547.4,BID
310,1712304015.6684408,4743121.65331903,526.3,1.791312247030191e-07,547.4,BID
311,1712304030.3434198,4743121.65331903,526.3,0.0,547.4,BID
312,1712304042.6983984,4745021.71032074,526.3,3.5822867676753373e-07,547.4,BID
313,1712304044.551567,4745086.95348774,526.3,1.2300669591207496e-08,547.4,BID
314,1712304044.5548725,4745691.52506518,526.3,1.1398335734280237e-07,547.4,BID
315,1712304054.8887565,4747433.18568092,525.5,-3.283652949323663e-07,547.4,ASK
316,1712304054.8922093,4749333.24268263,526.2,-3.5822867676753373e-07,547.4,ASK
317,1712304054.8955867,4751284.71746854,525.5,-3.679227674078283e-07,547.4,ASK
318,1712304054.968644,4752374.18486854,525.5,2.0540355617329305e-07,547.4,BID
319,1712304054.9884882,4756972.73248654,525.5,8.669906359474527e-07,547.4,BID
320,1712304054.991748,4758798.25465731,525.5,3.441761963226401e-07,547.4,BID
321,1712304056.7385454,4758817.29139822,525.3,-3.5891062740637303e-09,547.4,ASK
322,1712304056.741211,4759039.29759822,525.5,-4.185610599516104e-08,547.4,ASK
323,1712304056.8784554,4765188.64743122,525.3,1.15937229865926e-06,547.4,BID
324,1712304058.7386696,4765488.64743122,525.2,-5.656072577482927e-08,547.4,ASK
325,1712304058.7487752,4765499.22331122,525.2,-1.993931495094341e-09,547.4,ASK
326,1712304058.7515044,4766419.41071323,525.1,-1.7348822435512718e-07,547.4,ASK
327,1712304058.7542307,4766990.62168048,525.2,-1.0769368959403918e-07,547.4,ASK
328,1712304058.7569242,4767047.62339053,525.2,-1.0746860302745072e-08,547.4,ASK
329,1712304058.759669,4767347.62339053,525.1,-5.656072577482927e-08,547.4,ASK
330,1712304060.4925394,4767347.62339053,525.1,-0.0,547.4,ASK
331,1712304061.618524,4768299.82297156,525.1,1.7909375691823733e-07,547.4,BID
332,1712304075.532086,4769252.99887264,525.1,1.792773873557459e-07,547.4,BID
333,1712304075.5354874,4769418.50573033,525.1,3.1129235435546385e-08,547.4,BID
334,1712304090.488586,4769418.50573033,525.1,0.0,547.4,BID
335,1712304120.359172,4769418.50573033,525.1,0.0,547.4,BID
336,1712304150.3185546,4769418.50573033,525.1,0.0,547.4,BID
337,1712304165.8487484,4769581.47775248,525.3,3.064620479415868e-08,547.4,BID
338,1712304178.8063755,4769834.21232201,525.3,-4.752567510799397e-08,547.4,ASK
339,1712304180.494141,4769834.21232201,525.3,-0.0,547.4,ASK
340,1712304188.098519,4769957.12284315,525.3,-2.311185860377345e-08,547.4,ASK
341,1712304210.4985468,4769957.12284315,525.3,-0.0,547.4,ASK
342,1712304240.321937,4769957.12284315,525.3,-0.0,547.4,ASK
343,1712304270.3391404,4769957.12284315,525.3,-0.0,547.4,ASK
344,1712304300.5086143,4769957.12284315,525.3,-0.0,547.4,ASK
345,1712304330.5015216,4769957.12284315,525.3,-0.0,547.4,ASK
346,1712304344.8016207,4770700.11588313,525.6,-1.399233066020203e-07,547.4,ASK
347,1712304344.803723,4772602.70340215,525.8,-3.583025983237076e-07,547.4,ASK
348,1712304350.8085186,4772622.44842228,526.3,3.7184581238465395e-09,547.4,BID
349,1712304360.3184988,4772622.44842228,526.3,0.0,547.4,BID
350,1712304362.23866,4772636.30702262,526.3,2.6092163494019636e-09,547.4,BID
351,1712304362.2420914,4773052.13097792,526.3,7.828890624130703e-08,547.4,BID
352,1712304390.3584278,4773052.13097792,526.3,0.0,547.4,BID
353,1712304420.4884498,4773052.13097792,526.3,0.0,547.4,BID
354,1712304432.938818,4773061.95097792,526.3,1.848773544685944e-09,547.4,BID
355,1712304439.988536,4773086.84599805,525.6,-4.6868894718842554e-09,547.4,ASK
356,1712304450.489751,4773086.84599805,525.6,-0.0,547.4,ASK
357,1712304480.34982,4773086.84599805,525.6,-0.0,547.4,ASK
358,1712304510.3321457,4773086.84599805,525.6,-0.0,547.4,ASK
359,1712304540.4827733,4773086.84599805,525.6,-0.0,547.4,ASK
360,1712304570.488499,4773086.84599805,525.6,-0.0,547.4,ASK
361,1712304583.0091732,4773585.93099805,525.5,-9.396048613387829e-08,547.4,ASK
362,1712304583.0143824,4774298.79399805,525.6,-1.3420750779296124e-07,547.4,ASK
363,1712304583.017932,4774348.79399805,525.0,-9.413274906467364e-09,547.4,ASK
364,1712304583.02068,4774762.01393072,525.3,-7.779505646122562e-08,547.4,ASK
365,1712304583.0234847,4774988.67829172,525.4,-4.267307883184669e-08,547.4,ASK
366,1712304583.0262136,4775349.91537061,525.5,-6.800847859987933e-08,547.4,ASK
367,1712304583.0282931,4775682.91537061,525.0,-6.269241087707266e-08,547.4,ASK
368,1712304583.0298543,4777586.22713307,525.4,-3.5832793705507333e-07,547.4,ASK
369,1712304583.0314612,4777886.22713307,525.0,-5.6479649438804185e-08,547.4,ASK
370,1712304583.0330627,4777895.86972934,524.7,-1.8153681900237758e-09,547.4,ASK
371,1712304583.0346675,4779799.54382033,525.3,-3.583961510161394e-07,547.4,ASK
372,1712304583.0362906,4781465.29282468,524.7,-3.136030660624253e-07,547.4,ASK
373,1712304583.037918,4782207.33720562,525.0,-1.3970135501167045e-07,547.4,ASK
374,1712304583.0395706,4784111.73636768,525.1,-3.585326568824469e-07,547.4,ASK
375,1712304583.0412068,4784140.49827244,525.0,-5.41487432683992e-09,547.4,ASK
376,1712304583.042845,4784440.49827244,524.7,-5.6479649438804185e-08,547.4,ASK
377,1712304583.0444925,4784535.73636767,525.0,-1.7930047439270447e-08,547.4,ASK
378,1712304600.398378,4784535.73636767,525.0,-0.0,547.4,ASK
379,1712304630.3424234,4784535.73636767,525.0,-0.0,547.4,ASK
380,1712304632.5984712,4784680.10951289,526.3,2.71800324670145e-08,547.4,BID
381,1712304632.6014636,4785762.17406767,526.3,2.037120524425103e-07,547.4,BID
382,1712304636.5384052,4785870.10414215,526.3,2.0319173098819483e-08,547.4,BID
383,1712304654.2386124,4786060.10984232,526.3,3.5770926038046555e-08,547.4,BID
384,1712304660.4784667,4786060.10984232,526.3,0.0,547.4,BID
385,1712304690.478336,4786060.10984232,526.3,0.0,547.4,BID
386,1712304720.3423648,4786060.10984232,526.3,0.0,547.4,BID
387,1712304750.365559,4786060.10984232,526.3,0.0,547.4,BID
388,1712304780.4881349,4786060.10984232,526.3,0.0,547.4,BID
389,1712304810.4782636,4786060.10984232,526.3,0.0,547.4,BID
390,1712304823.328345,4786232.46955702,525.1,-3.24439504571475e-08,547.4,ASK
391,1712304840.3183932,4786232.46955702,525.1,-0.0,547.4,ASK
392,1712304870.3631787,4786232.46955702,525.1,-0.0,547.4,ASK
393,1712304885.8182764,4786266.74874193,526.3,6.45239656045587e-09,547.4,BID
394,1712304900.3881934,4786266.74874193,526.3,0.0,547.4,BID
395,1712304900.430936,4786612.48095737,526.3,6.554663260605807e-08,547.4,BID
396,1712304900.4386802,4786669.86525678,526.3,1.0879366812750313e-08,547.4,BID
397,1712304928.9285748,4787049.37189815,527.0,7.194985391165718e-08,547.4,BID
398,1712304928.9324698,4787221.73161285,527.0,3.267731033148054e-08,547.4,BID
399,1712304928.9362447,4787233.13195487,527.0,2.1613665045100634e-09,547.4,BID
400,1712304929.9181442,4787612.63859624,527.0,-7.194985391165718e-08,547.4,ASK
401,1712304930.3483732,4787612.63859624,527.0,-0.0,547.4,ASK
402,1712304934.038212,4791479.41914672,527.0,-7.329961412302638e-07,547.4,ASK
403,1712304960.4680204,4791479.41914672,527.0,-0.0,547.4,ASK
404,1712304974.7360976,4792208.52328535,527.0,1.3815735035890905e-07,547.4,BID
405,1712304975.8781223,4792254.06408231,527.0,8.629488584472825e-09,547.4,BID
406,1712304990.4880905,4792254.06408231,527.0,0.0,547.4,BID
407,1712305020.3480945,4792254.06408231,527.0,0.0,547.4,BID
408,1712305050.3287003,4792254.06408231,527.0,0.0,547.4,BID
409,1712305064.1479747,4792449.76039421,527.0,3.707946666797775e-08,547.4,BID
410,1712305064.1578913,4795584.31311446,527.0,5.939179025952927e-07,547.4,BID
411,1712305080.5176132,4795584.31311446,527.0,0.0,547.4,BID
412,1712305090.8897147,4796584.31311446,527.0,-1.8941154364996984e-07,547.4,ASK
413,1712305093.8379688,4796774.03043566,527.1,3.593465066568526e-08,547.4,BID
414,1712305093.8408408,4798769.03043566,527.1,3.778760295816898e-07,547.4,BID
415,1712305110.4782436,4798769.03043566,527.1,0.0,547.4,BID
416,1712305113.132289,4800993.15666765,527.6,4.211412854267873e-07,547.4,BID
417,1712305127.927956,4801390.93350927,527.6,7.531957853083489e-08,547.4,BID
418,1712305127.9312208,4803090.93350927,527.8,3.218972803468172e-07,547.4,BID
419,1712305129.9579947,4803108.54573109,527.8,-3.334897826360581e-09,547.4,ASK
420,1712305130.437849,4803126.15795291,527.8,-3.334897826360581e-09,547.4,ASK
421,1712305140.3480496,4803126.15795291,527.8,-0.0,547.4,ASK
422,1712305170.3280845,4803126.15795291,527.8,-0.0,547.4,ASK
423,1712305189.819307,4803147.99045577,528.3,4.1322147406013224e-09,547.4,BID
424,1712305189.947874,4803750.34449377,528.3,-1.1400691212025744e-07,547.4,ASK
425,1712305189.9679797,4803750.34449464,528.3,-1.6463659034867203e-16,547.4,ASK
426,1712305200.4514008,4803750.34449464,528.3,-0.0,547.4,ASK
427,1712305230.3080764,4803750.34449464,528.3,-0.0,547.4,ASK
428,1712305260.4862268,4803750.34449464,528.3,-0.0,547.4,ASK
429,1712305290.4980934,4803750.34449464,528.3,-0.0,547.4,ASK
430,1712305312.7681692,4803790.34449464,528.3,7.584274895659072e-09,547.4,BID
431,1712305320.346039,4803790.34449464,528.3,0.0,547.4,BID
432,1712305323.3683567,4803816.34449464,528.8,4.9297589297562445e-09,547.4,BID
433,1712305323.3719018,4806747.93203993,529.1,5.558469184520722e-07,547.4,BID
434,1712305330.2481508,4807323.68896593,529.1,1.0916703258915724e-07,547.4,BID
435,1712305333.448223,4809136.6078703,529.1,3.437405060671158e-07,547.4,BID
436,1712305340.8634844,4810335.18831925,529.1,2.2725817966311845e-07,547.4,BID
437,1712305348.738226,4810778.36295542,529.1,8.402862000391742e-08,547.4,BID
438,1712305350.3516722,4810778.36295542,529.1,0.0,547.4,BID
439,1712305370.1684718,4811609.49152268,529.1,1.574766592327221e-07,547.4,BID
440,1712305371.288401,4812609.49152268,529.1,1.8947328420189506e-07,547.4,BID
441,1712305371.2927637,4814384.03335412,529.1,3.362282687566378e-07,547.4,BID
442,1712305377.0686898,4814444.49435768,529.1,-1.1455744910587748e-08,547.4,ASK
443,1712305377.0729165,4815597.19904284,529.1,-2.1840674241216882e-07,547.4,ASK
444,1712305379.8585346,4815847.25403484,529.1,-4.7378740565250576e-08,547.4,ASK
445,1712305380.4419315,4815847.25403484,529.1,-0.0,547.4,ASK
446,1712305386.6285834,4816048.96513484,529.1,-3.81994532222311e-08,547.4,ASK
447,1712305389.2985842,4816444.95553141,529.7,7.499149342868144e-08,547.4,BID
448,1712305389.3015594,4816515.03250701,529.7,1.3270970964763945e-08,547.4,BID
449,1712305410.3188434,4816515.03250701,529.7,0.0,547.4,BID
450,1712305414.858611,4819237.04508562,530.0,5.154521975293538e-07,547.4,BID
451,1712305429.5000465,4820180.44131203,530.0,1.786456322299955e-07,547.4,BID
452,1712305440.4887626,4820180.44131203,530.0,0.0,547.4,BID
453,1712305444.8486707,4820622.58061973,530.0,8.36946426247549e-08,547.4,BID
454,1712305444.9688346,4821188.61835557,530.0,1.0714796261773165e-07,547.4,BID
455,1712305454.849005,4821377.40446091,529.7,-3.5736215585742674e-08,547.4,ASK
456,1712305454.8532915,4821397.30578474,529.7,-3.767215799827837e-09,547.4,ASK
457,1712305470.489998,4821397.30578474,529.7,-0.0,547.4,ASK
458,1712305500.3217173,4821397.30578474,529.7,-0.0,547.4,ASK
459,1712305514.980008,4821431.30578474,530.0,6.469472688586817e-09,547.4,BID
460,1712305530.3528025,4821431.30578474,530.0,0.0,547.4,BID
461,1712305560.499154,4821431.30578474,530.0,0.0,547.4,BID
462,1712305569.5591297,4836104.16558125,530.0,2.791921771618545e-06,547.4,BID
463,1712305573.0802088,4836273.05036276,529.7,-3.2135051035282703e-08,547.4,ASK
464,1712305573.0846715,4836359.73382186,529.7,-1.6493951421544514e-08,547.4,ASK
465,1712305573.6607733,4837289.78816489,530.0,1.7696883941558877e-07,547.4,BID
466,1712305573.6650388,4837714.69170373,530.0,8.08497768926422e-08,547.4,BID
467,1712305581.9692254,4837916.33170373,530.0,-3.836764705965005e-08,547.4,ASK
468,1712305589.799806,4838246.52627469,530.0,-6.282874806410047e-08,547.4,ASK
469,1712305589.8042345,4838340.91932736,530.0,-1.796091712806218e-08,547.4,ASK
470,1712305589.8085012,4839038.26931184,529.0,-1.326903297045635e-07,547.4,ASK
471,1712305589.8124645,4839183.72801537,529.7,-2.7677584798667923e-08,547.4,ASK
472,1712305589.8143637,4839233.72801537,529.5,-9.513897802944318e-09,547.4,ASK
473,1712305589.8162718,4839713.4028723,529.7,-9.127155134948673e-08,547.4,ASK
474,1712305589.818174,4840090.38419296,530.0,-7.173123516767124e-08,547.4,ASK
475,1712305589.8202765,4841978.24524638,529.7,-3.592183425678004e-07,547.4,ASK
476,1712305589.822183,4842028.24524638,529.0,-9.513897802944318e-09,547.4,ASK
477,1712305590.4891448,4842028.24524638,529.0,-0.0,547.4,ASK
478,1712305603.3694935,4843002.5783245,530.2,1.8500987052644974e-07,547.4,BID
479,1712305603.3740633,4843913.21117756,530.3,1.7291424259849925e-07,547.4,BID
480,1712305620.3830674,4843913.21117756,530.3,0.0,547.4,BID
481,1712305627.5595582,4844290.35618981,530.3,7.160006301508969e-08,547.4,BID
482,1712305650.349182,4844290.35618981,530.3,0.0,547.4,BID
483,1712305659.6594405,4844667.50120208,530.3,7.159734450264677e-08,547.4,BID
484,1712305680.012795,4844677.00120208,530.4,-1.8034834099489958e-09,547.4,ASK
485,1712305680.499475,4844677.00120208,530.4,-0.0,547.4,ASK
486,1712305685.9395337,4844680.20120208,530.5,6.07465503097306e-10,547.4,BID
487,1712305704.8220778,4845245.81206181,530.4,-1.073715892322979e-07,547.4,ASK
488,1712305710.490339,4845245.81206181,530.4,-0.0,547.4,ASK
489,1712305712.6597655,4845852.05866814,530.4,-1.150790028658239e-07,547.4,ASK
490,1712305740.3197398,4845852.05866814,530.4,-0.0,547.4,ASK
491,1712305770.3496275,4845852.05866814,530.4,-0.0,547.4,ASK
492,1712305792.3896916,4846826.39174626,529.3,-1.849386610073905e-07,547.4,ASK
493,1712305800.4105997,4846826.39174626,529.3,-0.0,547.4,ASK
494,1712305830.3396754,4846826.39174626,529.3,-0.0,547.4,ASK
495,1712305860.5203044,4846826.39174626,529.3,-0.0,547.4,ASK
496,1712305861.4101608,4846920.85613318,529.3,1.8073006094340456e-08,547.4,BID
497,1712305877.470199,4847162.58270272,529.3,4.6247330945791546e-08,547.4,BID
498,1712305890.500148,4847162.58270272,529.3,0.0,547.4,BID
499,1712305910.35066,4849023.2524596,529.3,-3.559727865467281e-07,547.4,ASK
500,1712305920.3103106,4849023.2524596,529.3,-0.0,547.4,ASK
501,1712305950.360114,4849023.2524596,529.3,-0.0,547.4,ASK
502,1712305959.7501974,4850025.89029299,529.3,-1.917828495712493e-07,547.4,ASK
503,1712305980.390231,4850025.89029299,529.3,-0.0,547.4,ASK
504,1712305996.0702956,4851000.22337111,530.2,1.863498479072164e-07,547.4,BID
505,1712306010.3203745,4851000.22337111,530.2,0.0,547.4,BID
506,1712306034.171069,4851069.35603443,530.7,1.3220929114233416e-08,547.4,BID
507,1712306034.1758602,4851258.14213977,530.4,3.610345091017784e-08,547.4,BID
508,1712306034.1805031,4851377.23572186,530.5,2.277545419432037e-08,547.4,BID
509,1712306040.503713,4851377.23572186,530.5,0.0,547.4,BID
510,1712306042.9604957,4851942.52684679,530.7,1.0810212843836173e-07,547.4,BID
511,1712306042.9652965,4852342.69169724,530.7,7.652459087387665e-08,547.4,BID
512,1712306043.7803953,4852530.83069724,530.7,-3.5978322399527974e-08,547.4,ASK
513,1712306070.5063434,4852530.83069724,530.7,-0.0,547.4,ASK
514,1712306097.9004123,4853114.41967423,530.8,1.1158821125482752e-07,547.4,BID
515,1712306100.353415,4853114.41967423,530.8,0.0,547.4,BID
516,1712306130.315801,4853114.41967423,530.8,0.0,547.4,BID
517,1712306154.944613,4853591.71228308,530.8,-9.156682494538049e-08,547.4,ASK
518,1712306155.03047,4854088.75275235,530.8,-9.53553790618022e-08,547.4,ASK
519,1712306160.4700592,4854088.75275235,530.8,-0.0,547.4,ASK
520,1712306190.5002215,4854088.75275235,530.8,-0.0,547.4,ASK
521,1712306220.3384516,4854088.75275235,530.8,-0.0,547.4,ASK
522,1712306224.7500217,4854116.07594883,530.9,5.2413343369646405e-09,547.4,BID
523,1712306224.7534163,4854182.72832978,530.8,1.2785744638911252e-08,547.4,BID
524,1712306224.757182,4854201.78094078,530.9,3.654810458228135e-09,547.4,BID
525,1712306226.1703577,4854877.44786266,530.2,-1.296113447261608e-07,547.4,ASK
526,1712306226.1742136,4855004.42827192,530.2,-2.4358305942227185e-08,547.4,ASK
527,1712306250.3487997,4855004.42827192,530.2,-0.0,547.4,ASK
528,1712306280.4900095,4855004.42827192,530.2,-0.0,547.4,ASK
529,1712306310.5002058,4855004.42827192,530.2,-0.0,547.4,ASK
530,1712306330.950174,4855098.89265884,530.3,-1.811915827134689e-08,547.4,ASK
531,1712306340.3200674,4855098.89265884,530.3,-0.0,547.4,ASK
532,1712306370.3146434,4855098.89265884,530.3,-0.0,547.4,ASK
533,1712306385.649967,4855110.74265884,530.3,-2.272919662642087e-09,547.4,ASK
534,1712306386.1323235,4855126.76951502,530.3,-3.074072282163836e-09,547.4,ASK
535,1712306386.1373076,4855226.76951502,530.3,-1.918075664737165e-08,547.4,ASK
536,1712306400.4162505,4855226.76951502,530.3,-0.0,547.4,ASK
537,1712306401.0101056,4857898.01643238,530.2,-5.138306164270811e-07,547.4,ASK
538,1712306403.4401042,4858283.55149383,530.2,-7.416001755267259e-08,547.4,ASK
539,1712306403.5199132,4858965.64183378,530.2,-1.3120423183564446e-07,547.4,ASK
540,1712306404.6201975,4860007.6690021,530.2,-2.0044027332391842e-07,547.4,ASK
541,1712306404.6303108,4860196.0885607,530.2,-3.624364985259076e-08,547.4,ASK
542,1712306418.6880746,4860296.0885607,529.2,-1.9235609148959253e-08,547.4,ASK
543,1712306418.690467,4860446.0885607,529.1,-2.8853413723438882e-08,547.4,ASK
544,1712306418.6927943,4861331.06094579,528.7,-1.7022982907210505e-07,547.4,ASK
545,1712306418.6950352,4861898.70522204,528.5,-1.0918983433591813e-07,547.4,ASK
546,1712306418.6972733,4861927.50619501,528.4,-5.540042591466421e-09,547.4,ASK
547,1712306418.6994865,4861977.50619501,528.5,-9.617804574479626e-09,547.4,ASK
548,1712306430.3303015,4861977.50619501,528.5,-0.0,547.4,ASK
549,1712306449.090098,4862005.5864645,529.5,5.397697430726179e-09,547.4,BID
550,1712306449.630124,4862019.62659924,528.4,-2.6988487143784662e-09,547.4,ASK
551,1712306450.0900683,4862033.66673399,528.4,-2.6988487163477123e-09,547.4,ASK
552,1712306460.5002954,4862033.66673399,528.4,-0.0,547.4,ASK
553,1712306463.382777,4862055.39637551,529.5,4.176931439067231e-09,547.4,BID
554,1712306490.520092,4862055.39637551,529.5,0.0,547.4,BID
555,1712306520.3604505,4862055.39637551,529.5,0.0,547.4,BID
556,1712306550.3053322,4862055.39637551,529.5,0.0,547.4,BID
557,1712306569.0002096,4862083.47647188,529.5,5.39762139343147e-09,547.4,BID
558,1712306580.410674,4862083.47647188,529.5,0.0,547.4,BID
559,1712306598.2901015,4863029.72931063,528.4,-1.818904002746128e-07,547.4,ASK
560,1712306598.294669,4864254.20102739,528.4,-2.3537012684761266e-07,547.4,ASK
561,1712306601.2453642,4868039.21238242,528.4,7.275616011047167e-07,547.4,BID
562,1712306610.3199534,4868039.21238242,528.4,0.0,547.4,BID
563,1712306640.4864953,4868039.21238242,528.4,0.0,547.4,BID
564,1712306654.090418,4868239.21238242,528.0,-3.8421113148478354e-08,547.4,ASK
565,1712306654.0956533,4868289.21238242,528.0,-9.605278287119589e-09,547.4,ASK
566,1712306654.1011677,4868489.21238242,527.1,-3.8421113148478354e-08,547.4,ASK
567,1712306654.1033683,4868689.21238242,527.6,-3.8421113148478354e-08,547.4,ASK
568,1712306654.1056142,4869258.25638849,527.2,-1.0931652071841781e-07,547.4,ASK
569,1712306654.1078458,4869308.25638849,527.5,-9.605278287119589e-09,547.4,ASK
570,1712306654.1100824,4870220.36148297,527.1,-1.7522046519166113e-07,547.4,ASK
571,1712306654.112319,4870248.7724678,528.0,-5.457908314065565e-09,547.4,ASK
572,1712306654.11457,4870619.55653071,527.7,-7.12296821735677e-08,547.4,ASK
573,1712306654.1168263,4870819.55653071,527.2,-3.8421113148478354e-08,547.4,ASK
574,1712306654.1190784,4870854.65665118,527.1,-6.742928500501583e-09,547.4,ASK
575,1712306670.490869,4870854.65665118,527.1,-0.0,547.4,ASK
576,1712306685.7500648,4872751.8298631,527.1,-3.64353613222013e-07,547.4,ASK
577,1712306687.0299442,4879294.33880371,527.0,-1.256494007542966e-06,547.4,ASK
578,1712306687.040195,4880063.59876576,527.0,-1.4773698306441385e-07,547.4,ASK
579,1712306687.044137,4880291.96269043,527.1,-4.3857472032760023e-08,547.4,ASK
580,1712306687.0480528,4882239.49589726,527.0,-3.740252900050889e-07,547.4,ASK
581,1712306700.3925574,4882239.49589726,527.0,-0.0,547.4,ASK
582,1712306706.560107,4882261.25836158,528.1,4.186632023508108e-09,547.4,BID
583,1712306707.1900723,4882296.41159635,527.6,-6.762729452609275e-09,547.4,ASK
584,1712306707.195258,4882324.39190762,527.6,-5.382812601832448e-09,547.4,ASK
585,1712306721.680121,4882349.36325975,527.0,-4.803953309691505e-09,547.4,ASK
586,1712306730.3300052,4882349.36325975,527.0,-0.0,547.4,ASK
587,1712306731.1498904,4885264.80753887,527.0,-5.608627819066814e-07,547.4,ASK
588,1712306731.159802,4885364.46001058,527.0,-1.9170787419071445e-08,547.4,ASK
589,1712306760.499999,4885364.46001058,527.0,-0.0,547.4,ASK
590,1712306790.5001743,4885364.46001058,527.0,-0.0,547.4,ASK
591,1712306809.6699655,4885392.6571165,526.9,5.4228011336941355e-09,547.4,BID
592,1712306820.3474517,4885392.6571165,526.9,0.0,547.4,BID
593,1712306824.649845,4885406.39594149,526.9,2.6422109797874807e-09,547.4,BID
594,1712306837.9999957,4885414.47725594,527.5,-1.5541749593500031e-09,547.4,ASK
595,1712306850.3618715,4885414.47725594,527.5,-0.0,547.4,ASK
596,1712306867.6174738,4885604.05071565,527.5,3.6458137365341326e-08,547.4,BID
597,1712306880.5006588,4885604.05071565,527.5,0.0,547.4,BID
598,1712306910.4708073,4885604.05071565,527.5,0.0,547.4,BID
599,1712306913.8599248,4886487.91938737,527.5,1.6997941474769857e-07,547.4,BID
600,1712306940.3603077,4886487.91938737,527.5,0.0,547.4,BID
601,1712306950.959827,4886871.21960857,527.5,7.370699740748476e-08,547.4,BID
602,1712306951.019673,4887331.54090742,527.5,8.851782207351616e-08,547.4,BID
603,1712306952.1398787,4888352.7075206,527.5,1.9636598349623498e-07,547.4,BID
604,1712306970.3566191,4888352.7075206,527.5,0.0,547.4,BID
605,1712306984.0813856,4888362.26966209,527.0,-1.83841126930505e-09,547.4,ASK
606,1712307000.3505952,4888362.26966209,527.0,-0.0,547.4,ASK
607,1712307018.9797926,4890134.28094508,528.8,3.412654890755039e-07,547.4,BID
608,1712307030.3279672,4890134.28094508,528.8,0.0,547.4,BID
609,1712307060.489765,4890134.28094508,528.8,0.0,547.4,BID
610,1712307066.9598162,4890219.74588696,527.0,-1.6456426121799895e-08,547.4,ASK
611,1712307090.4898596,4890219.74588696,527.0,-0.0,547.4,ASK
612,1712307104.2998168,4891719.74588696,527.0,-2.8882515524150505e-07,547.4,ASK
613,1712307120.3398814,4891719.74588696,527.0,-0.0,547.4,ASK
614,1712307129.5302355,4892198.33360434,527.0,-9.21380900950711e-08,547.4,ASK
615,1712307150.3498132,4892198.33360434,527.0,-0.0,547.4,ASK
616,1712307180.4896448,4892198.33360434,527.0,-0.0,547.4,ASK
617,1712307186.602744,4892398.33360434,526.6,-3.8502290400697415e-08,547.4,ASK
618,1712307186.6081972,4893398.33360434,526.6,-1.925114520034871e-07,547.4,ASK
619,1712307210.4999242,4893398.33360434,526.6,-0.0,547.4,ASK
620,1712307219.9301586,4893598.33360434,526.5,-3.8497607096083694e-08,547.4,ASK
621,1712307219.9357822,4893697.18243167,526.5,-1.902721658219168e-08,547.4,ASK
622,1712307239.1397693,4893848.33360434,526.5,-2.9094792287912944e-08,547.4,ASK
623,1712307240.3229637,4893848.33360434,526.5,-0.0,547.4,ASK
624,1712307270.359765,4893848.33360434,526.5,-0.0,547.4,ASK
625,1712307274.9496567,4893888.03017175,527.3,7.640765817138033e-09,547.4,BID
626,1712307298.0196886,4894077.67553492,527.2,3.650279867606116e-08,547.4,BID
627,1712307300.350743,4894077.67553492,527.2,0.0,547.4,BID
628,1712307307.429963,4894099.5287714,526.7,-4.207826368101069e-09,547.4,ASK
629,1712307307.4355533,4894127.7685792,526.7,-5.437556491646861e-09,547.4,ASK
630,1712307326.8998358,4894427.7685792,526.4,-5.776480346744208e-08,547.4,ASK
631,1712307326.9052987,4894627.7685792,526.4,-3.850986897829472e-08,547.4,ASK
632,1712307327.259724,4895127.7685792,526.4,9.62746724457368e-08,547.4,BID
633,1712307327.3196092,4895146.75471931,526.4,3.6557688403002735e-09,547.4,BID
634,1712307330.332035,4895146.75471931,526.4,0.0,547.4,BID
635,1712307337.1999242,4895184.01236703,526.3,-7.173158358481638e-09,547.4,ASK
636,1712307337.2053993,4896443.73115858,526.3,-2.4253174669098986e-07,547.4,ASK
637,1712307337.2111027,4896643.73115858,526.3,-3.850569640110962e-08,547.4,ASK
638,1712307348.7999475,4896677.2676466,526.2,-6.456729130261143e-09,547.4,ASK
639,1712307348.804353,4896996.27182751,526.2,-6.141739070403822e-08,547.4,ASK
640,1712307356.6099746,4897946.66148727,526.1,-1.8297707850746226e-07,547.4,ASK
641,1712307356.6157658,4898816.89528313,526.1,-1.675447917068232e-07,547.4,ASK
642,1712307360.49991,4898816.89528313,526.1,-0.0,547.4,ASK
643,1712307365.5821953,4898866.89528313,526.0,-9.622846228307393e-09,547.4,ASK
644,1712307365.5899131,4900837.20051931,526.0,-3.791988862118406e-07,547.4,ASK
645,1712307375.439875,4902769.8906503,526.2,3.7195959874968057e-07,547.4,BID
646,1712307390.5010598,4902769.8906503,526.2,0.0,547.4,BID
647,1712307409.690369,4903149.25332101,527.2,7.298176228732229e-08,547.4,BID
648,1712307420.3335426,4903149.25332101,527.2,0.0,547.4,BID
649,1712307450.3223414,4903149.25332101,527.2,0.0,547.4,BID
650,1712307478.2101653,4903162.60352698,526.7,-2.5682128139488247e-09,547.4,ASK
651,1712307480.4901214,4903162.60352698,526.7,-0.0,547.4,ASK
652,1712307510.4903078,4903162.60352698,526.7,-0.0,547.4,ASK
653,1712307540.34153,4903162.60352698,526.7,-0.0,547.4,ASK
654,1712307570.3641577,4903162.60352698,526.7,-0.0,547.4,ASK
655,1712307579.9005466,4903828.39966117,527.1,1.2808070933137858e-07,547.4,BID
656,1712307600.4220967,4903828.39966117,527.1,0.0,547.4,BID
657,1712307618.2605653,4905600.41094416,527.1,-3.412126029334127e-07,547.4,ASK
658,1712307630.3441615,4905600.41094416,527.1,-0.0,547.4,ASK
659,1712307660.4820895,4905600.41094416,527.1,-0.0,547.4,ASK
660,1712307680.220539,4905685.6855342,527.1,-1.6417238934425476e-08,547.4,ASK
661,1712307686.1405714,4905850.76342814,527.2,3.1781134642305416e-08,547.4,BID
662,1712307690.4903872,4905850.76342814,527.2,0.0,547.4,BID
663,1712307720.3208318,4905850.76342814,527.2,0.0,547.4,BID
664,1712307738.5505962,4905944.04856562,527.2,-1.795898964181509e-08,547.4,ASK
665,1712307747.930939,4906634.09221098,527.2,-1.3284524217154868e-07,547.4,ASK
666,1712307747.9345613,4921545.45989032,527.1,-2.8706941420147392e-06,547.4,ASK
667,1712307750.3215342,4921545.45989032,527.1,-0.0,547.4,ASK
668,1712307780.4622774,4921545.45989032,527.1,-0.0,547.4,ASK
669,1712307803.0104902,4925529.99475139,527.1,-7.658715683198549e-07,547.4,ASK
670,1712307810.4931345,4925529.99475139,527.1,-0.0,547.4,ASK
671,1712307840.341524,4925529.99475139,527.1,-0.0,547.4,ASK
672,1712307864.490756,4926529.99475139,527.1,-1.9213347213372721e-07,547.4,ASK
673,1712307870.341226,4926529.99475139,527.1,-0.0,547.4,ASK
674,1712307900.4911892,4926529.99475139,527.1,-0.0,547.4,ASK
675,1712307930.480965,4926529.99475139,527.1,-0.0,547.4,ASK
676,1712307960.3443632,4926529.99475139,527.1,-0.0,547.4,ASK
677,1712307974.311006,4927129.99475139,527.1,-1.1598221420872649e-07,547.4,ASK
678,1712307990.3231409,4927129.99475139,527.1,-0.0,547.4,ASK
679,1712308020.5008645,4927129.99475139,527.1,-0.0,547.4,ASK
680,1712308044.2412703,4936273.71276445,527.1,-1.7674063864050271e-06,547.4,ASK
681,1712308044.245928,4936292.68449639,527.1,-3.6670816119748764e-09,547.4,ASK
682,1712308050.510942,4936292.68449639,527.1,-0.0,547.4,ASK
683,1712308061.7912977,4936387.54315698,527.1,-1.8318307491169472e-08,547.4,ASK
684,1712308061.7959225,4936422.12906926,526.7,-6.678940774419953e-09,547.4,ASK
685,1712308061.8004832,4936422.12906943,527.1,-3.2732552625462035e-17,547.4,ASK
686,1712308061.8050318,4936801.85187178,526.7,-7.332887700083844e-08,547.4,ASK
687,1712308065.3986676,4936830.10228234,526.5,-5.455481915558269e-09,547.4,ASK
688,1712308065.4014738,4936851.96379757,526.5,-4.221712131762835e-09,547.4,ASK
689,1712308065.4069495,4937051.96379678,526.3,-3.8622319364234695e-08,547.4,ASK
690,1712308065.427508,4940416.98329678,526.7,6.498242915453157e-07,547.4,BID
691,1712308066.0532582,4940416.98329757,526.3,-1.5251211333182306e-16,547.4,ASK
692,1712308066.0560963,4943797.36566871,526.2,-6.527910401348607e-07,547.4,ASK
693,1712308066.2955346,4943997.36566871,526.0,-3.86223195167468e-08,547.4,ASK
694,1712308066.298277,4950041.13932463,526.0,-1.167122786129072e-06,547.4,ASK
695,1712308066.3009691,4951061.89787976,526.0,-1.97120315328438e-07,547.4,ASK
696,1712308079.3051925,4951111.89787976,525.5,-9.6555798791867e-09,547.4,ASK
697,1712308079.3112938,4951147.21089296,525.2,-6.8193523946726495e-09,547.4,ASK
698,1712308079.3154576,4951257.69840296,525.1,-2.13364195690376e-08,547.4,ASK
699,1712308079.3180475,4951285.8060654,525.2,-5.4279155981863315e-09,547.4,ASK
700,1712308079.320682,4951304.83556111,525.5,-3.6748163176889774e-09,547.4,ASK
701,1712308079.323321,4951504.83556111,525.7,-3.86223195167468e-08,547.4,ASK
702,1712308079.3259532,4953425.85051864,525.1,-3.7097026743094914e-07,547.4,ASK
703,1712308080.3045168,4953425.85051864,525.1,-0.0,547.4,ASK
704,1712308080.7409108,4957427.66181864,525.1,7.714533605444825e-07,547.4,BID
705,1712308087.4512382,4959427.66181864,525.1,3.855520926458719e-07,547.4,BID
706,1712308088.683103,4959437.37610435,525.0,-1.8726815920049907e-09,547.4,ASK
707,1712308088.68923,4959563.56658053,525.0,-2.4326501081599485e-08,547.4,ASK
708,1712308088.6944635,4959773.24061737,524.6,-4.042013183858037e-08,547.4,ASK
709,1712308088.69711,4960154.2655745,524.9,-7.345248478583587e-08,547.4,ASK
710,1712308088.699762,4960173.32771708,524.6,-3.6747244809810734e-09,547.4,ASK
711,1712308088.702416,4960223.32771708,524.5,-9.638802316146798e-09,547.4,ASK
712,1712308088.7050776,4960232.85524613,524.9,-1.8366793816008239e-09,547.4,ASK
713,1712308088.7077644,4962530.63996689,524.2,-4.429578537693332e-07,547.4,ASK
714,1712308088.7104251,4962778.2011797,524.4,-4.7723871828375815e-08,547.4,ASK
715,1712308088.7130983,4962797.27422948,524.3,-3.676827127905353e-09,547.4,ASK
716,1712308088.7160006,4962822.31030262,524.4,-4.826355195355737e-09,547.4,ASK
717,1712308088.718672,4962840.10118262,524.6,-3.429655507047964e-09,547.4,ASK
718,1712308088.721356,4971394.81447661,524.1,-1.6491438062416755e-06,547.4,ASK
719,1712308088.724274,4977942.2337916,524.0,-1.2621856091621631e-06,547.4,ASK
720,1712308088.726957,4977984.06362954,524.5,-8.063790776344892e-09,547.4,ASK
721,1712308088.7296486,4979891.3686076,524.3,-3.6768271280256426e-07,547.4,ASK
722,1712308088.732348,4979900.90340264,524.5,-1.838080090182236e-09,547.4,ASK
723,1712308088.73507,4980854.73781698,524.2,-1.8387642724332545e-07,547.4,ASK
724,1712308090.6611898,4981102.10201698,525.1,4.7685892477782e-08,547.4,BID
725,1712308094.1210055,4982855.37715622,524.0,-3.379894494590879e-07,547.4,ASK
726,1712308110.4209533,4982855.37715622,524.0,-0.0,547.4,ASK
727,1712308114.3485696,4985224.5106546,525.1,4.553576396652538e-07,547.4,BID
728,1712308137.6709447,4991568.10474645,525.0,-1.2192660458493588e-06,547.4,ASK
729,1712308137.6809492,4993768.10474645,525.1,-4.228494544307407e-07,547.4,ASK
730,1712308140.4961302,4993768.10474645,525.1,-0.0,547.4,ASK
731,1712308170.4773514,4993768.10474645,525.1,-0.0,547.4,ASK
732,1712308200.411073,4993768.10474645,525.1,-0.0,547.4,ASK
733,1712308216.3412907,4993977.58865427,525.1,-4.0276345301391135e-08,547.4,ASK
734,1712308230.418998,4993977.58865427,525.1,-0.0,547.4,ASK
735,1712308260.494677,4993977.58865427,525.1,-0.0,547.4,ASK
736,1712308273.881868,4994025.9502793,525.2,-9.298033129652768e-09,547.4,ASK
737,1712308288.9315348,5008112.05036477,525.2,-2.708201496162616e-06,547.4,ASK
738,1712308290.4937456,5008112.05036477,525.2,-0.0,547.4,ASK
739,1712308290.741347,5008157.0522688,525.2,8.639760355877385e-09,547.4,BID
740,1712308291.9813943,5008504.05341122,525.2,6.661955262387993e-08,547.4,BID
741,1712308292.951368,5008539.05341122,525.2,6.719529294847212e-09,547.4,BID
742,1712308293.0514383,5009491.07168997,525.2,1.827747060939531e-07,547.4,BID
743,1712308294.8136554,5011357.02486599,525.2,3.582379151165046e-07,547.4,BID
744,1712308294.8212986,5012240.89353771,525.2,1.6969089806931226e-07,547.4,BID
745,1712308320.343221,5012240.89353771,525.2,0.0,547.4,BID
746,1712308350.3460083,5012240.89353771,525.2,0.0,547.4,BID
747,1712308379.8913238,5012278.97426886,527.2,7.307945823268777e-09,547.4,BID
748,1712308380.4922364,5012278.97426886,527.2,0.0,547.4,BID
749,1712308410.4715087,5012278.97426886,527.2,0.0,547.4,BID
750,1712308440.3416812,5012278.97426886,527.2,0.0,547.4,BID
751,1712308452.6576734,5012785.57036383,526.9,9.721878863761365e-08,547.4,BID
752,1712308470.3825548,5012785.57036383,526.9,0.0,547.4,BID
753,1712308500.3546834,5012785.57036383,526.9,0.0,547.4,BID
754,1712308530.353716,5012785.57036383,526.9,0.0,547.4,BID
755,1712308560.3351283,5012785.57036383,526.9,0.0,547.4,BID
756,1712308590.3524334,5012785.57036383,526.9,0.0,547.4,BID
757,1712308620.491192,5012785.57036383,526.9,0.0,547.4,BID
758,1712308626.001392,5012843.04162819,525.1,-1.1058952189906368e-08,547.4,ASK
759,1712308636.971184,5013003.61583054,525.1,-3.0898614228779927e-08,547.4,ASK
760,1712308643.946196,5013843.39904854,525.1,-1.615959307854748e-07,547.4,ASK
761,1712308644.0225966,5014099.60578554,525.1,-4.9300778167134345e-08,547.4,ASK
762,1712308644.0542264,5014099.60578566,525.1,-2.311814957171273e-17,547.4,ASK
763,1712308644.0571046,5016136.13335844,524.2,-3.918803825079788e-07,547.4,ASK
764,1712308650.4912798,5016136.13335844,524.2,-0.0,547.4,ASK
765,1712308673.2925212,5016296.70756079,524.2,-3.088816792833223e-08,547.4,ASK
766,1712308675.5813391,5017271.04062891,525.8,1.874234029245824e-07,547.4,BID
767,1712308675.6612012,5017271.04062948,525.8,-1.0963972274173068e-16,547.4,ASK
768,1712308675.666164,5018425.28191948,525.8,-2.2203067661991845e-07,547.4,ASK
769,1712308678.6462948,5019399.6149876,524.3,-1.874234029244032e-07,547.4,ASK
770,1712308680.3219428,5019399.6149876,524.3,-0.0,547.4,ASK
771,1712308682.9112642,5019603.50779706,524.3,3.92080372482695e-08,547.4,BID
772,1712308686.0611312,5022366.42552306,524.3,5.313016256035573e-07,547.4,BID
773,1712308690.6819208,5022570.31833283,524.3,3.9208037307906745e-08,547.4,BID
774,1712308690.6865504,5023268.8924662,524.3,-1.3433392140881904e-07,547.4,ASK
775,1712308690.689417,5024026.43221761,524.2,-1.4567285069551606e-07,547.4,ASK
776,1712308710.3440888,5024026.43221761,524.2,-0.0,547.4,ASK
777,1712308740.501164,5024026.43221761,524.2,-0.0,547.4,ASK
778,1712308770.4848263,5024026.43221761,524.2,-0.0,547.4,ASK
779,1712308800.4033582,5024026.43221761,524.2,-0.0,547.4,ASK
780,1712308813.417516,5025466.68314855,524.2,-2.773925120305832e-07,547.4,ASK
781,1712308813.4205744,5025960.66819439,524.2,-9.514158250305396e-08,547.4,ASK
782,1712308830.3214617,5025960.66819439,524.2,-0.0,547.4,ASK
783,1712308860.501199,5025960.66819439,524.2,-0.0,547.4,ASK
784,1712308881.4612856,5026611.28444575,524.2,-1.2528430674205737e-07,547.4,ASK
785,1712308882.971181,5027234.28520881,524.2,1.1996659864657972e-07,547.4,BID
786,1712308883.9713757,5027898.28559034,524.2,1.2786158861329997e-07,547.4,BID
787,1712308885.997848,5027972.55113784,524.2,1.4300761184355856e-08,547.4,BID
788,1712308887.066747,5028352.88567959,524.1,-7.323817887045745e-08,547.4,ASK
789,1712308887.0697503,5030310.40472781,524.0,-3.769448063711059e-07,547.4,ASK
790,1712308887.0726414,5030341.68463622,524.1,-6.023338076702309e-09,547.4,ASK
791,1712308890.920516,5032970.94538076,524.0,-5.062970820900847e-07,547.4,ASK
792,1712308890.9248474,5032970.94538076,524.0,-0.0,547.4,ASK
793,1712308898.131179,5037739.43484834,524.2,9.17583225190664e-07,547.4,BID
794,1712308902.1113925,5037845.25392435,524.2,2.0362383038093467e-08,547.4,BID
795,1712308915.7328756,5041556.22874146,524.2,-7.140894961466004e-07,547.4,ASK
796,1712308918.7559693,5041659.22950452,524.2,1.98200652447164e-08,547.4,BID
797,1712308920.3914928,5041659.22950452,524.2,0.0,547.4,BID
798,1712308920.6615992,5041670.73465522,524.2,2.211956114173668e-09,547.4,BID
799,1712308950.343155,5041670.73465522,524.2,0.0,547.4,BID
800,1712308975.2929,5056797.87714566,524.0,-2.908309277861132e-06,547.4,ASK
801,1712308975.2995338,5057069.18535175,524.0,-5.216108550768277e-08,547.4,ASK
802,1712308975.3038754,5060752.773138,524.0,-7.081980315407637e-07,547.4,ASK
803,1712308975.3103378,5061134.59826209,523.8,-7.340881145363525e-08,547.4,ASK
804,1712308975.3132691,5061516.35050488,523.9,-7.339479946400658e-08,547.4,ASK
805,1712308975.3162448,5062516.35050488,524.0,-1.92257677198394e-07,547.4,ASK
806,1712308975.31916,5062707.33598998,523.6,-3.6718425743970496e-08,547.4,ASK
807,1712308975.322122,5063139.37992503,523.5,-8.30637634004161e-08,547.4,ASK
808,1712308975.3250575,5063401.88541192,523.4,-5.046869516125531e-08,547.4,ASK
809,1712308975.3279915,5064783.56480123,524.0,-2.6563847002164937e-07,547.4,ASK
810,1712308975.3309662,5065165.60873628,523.5,-7.345087954049642e-08,547.4,ASK
811,1712308975.3339264,5065557.05612982,523.7,-7.525876662724327e-08,547.4,ASK
812,1712308975.336877,5065939.02710002,523.6,-7.343685148794099e-08,547.4,ASK
813,1712308980.4828494,5065939.02710002,523.6,-0.0,547.4,ASK
814,1712308992.6994553,5066496.54095689,523.6,1.0692492362261217e-07,547.4,BID
815,1712308999.671256,5066616.15239777,523.4,-2.2940136864594494e-08,547.4,ASK
816,1712309000.3437612,5067316.24399777,523.4,1.342697404492731e-07,547.4,BID
817,1712309000.723352,5067325.79327202,523.4,1.8314440210647483e-09,547.4,BID
818,1712309006.5912986,5067529.22659261,523.4,3.9016236095777284e-08,547.4,BID
819,1712309010.4943616,5067529.22659261,523.4,0.0,547.4,BID
820,1712309012.9212656,5086539.99251266,523.4,3.645470328427925e-06,547.4,BID
821,1712309013.0011773,5087372.96977266,523.4,1.5973022330377521e-07,547.4,BID
822,1712309013.0212295,5087372.969773,523.4,6.518489163326616e-17,547.4,BID
823,1712309014.4812667,5089427.92905747,523.6,3.940553015678345e-07,547.4,BID
824,1712309014.491429,5090581.74149947,523.6,2.212530015661196e-07,547.4,BID
825,1712309023.3815005,5090859.46750047,523.6,5.325623914030465e-08,547.4,BID
826,1712309036.6514535,5090859.46750133,523.6,1.6501599964147376e-16,547.4,BID
827,1712309036.65819,5091621.57808197,524.5,1.4614095615019865e-07,547.4,BID
828,1712309040.337718,5091621.57808197,524.5,0.0,547.4,BID
829,1712309065.5812533,5092595.91115009,525.3,1.8638561292484842e-07,547.4,BID
830,1712309065.6689713,5097390.47338309,525.3,-9.171785806552506e-07,547.4,ASK
831,1712309065.6813335,5102933.56075853,525.3,-1.0603681346467068e-06,547.4,ASK
832,1712309070.3533592,5102933.56075853,525.3,-0.0,547.4,ASK
833,1712309071.531496,5105759.60472503,524.3,5.399959092390414e-07,547.4,BID
834,1712309079.8259797,5106045.15583867,524.3,5.4562644839243066e-08,547.4,BID
835,1712309086.035831,5106062.32158347,524.3,3.280002746236883e-09,547.4,BID
836,1712309093.7586834,5106071.93440055,524.3,1.8368015363052902e-09,547.4,BID
837,1712309100.4913292,5106071.93440055,524.3,0.0,547.4,BID
838,1712309120.5046053,5111793.84933474,524.3,1.0936163828749765e-06,547.4,BID
839,1712309128.5720952,5112768.18240286,523.5,-1.862220284517451e-07,547.4,ASK
840,1712309128.5762422,5112840.58791047,523.4,-1.3838697401582752e-08,547.4,ASK
841,1712309130.496211,5112840.58791047,523.4,-0.0,547.4,ASK
842,1712309156.5963986,5113516.83376112,524.3,1.291617209002454e-07,547.4,BID
843,1712309156.6012957,5114395.12450047,524.3,1.6775192518528464e-07,547.4,BID
844,1712309160.3329363,5114395.12450047,524.3,0.0,547.4,BID
845,1712309164.9113505,5116395.12450047,523.4,-3.819368860151006e-07,547.4,ASK
846,1712309164.9155595,5116777.31444887,523.3,-7.298621937899829e-08,547.4,ASK
847,1712309164.9195485,5116873.86623969,523.4,-1.843834516256909e-08,547.4,ASK
848,1712309164.923453,5118187.43865722,523.3,-2.50850879353412e-07,547.4,ASK
849,1712309181.133897,5118187.43865755,524.3,6.296004059228374e-17,547.4,BID
1050,1712309181.1398098,5118206.49716684,524.7,3.6395738451979312e-09,547.4,BID
850,1712309181.1398098,5118206.49716684,524.7,3.639573845197931e-09,547.4,BID
851,1712309190.3226087,5118206.49716684,524.7,0.0,547.4,BID
852,1712309200.7819643,5118356.49716684,524.7,-2.863435876386948e-08,547.4,ASK
853,1712309220.514696,5118356.49716684,524.7,-0.0,547.4,ASK
854,1712309226.241999,5120858.26240669,523.3,-4.775691142598817e-07,547.4,ASK
855,1712309226.2475345,5121240.52540363,523.2,-7.297127562372907e-08,547.4,ASK
856,1712309226.3620296,5121390.52540363,523.2,2.8633928554897643e-08,547.4,BID
857,1712309226.367804,5121961.9956938,523.2,1.0908959639983909e-07,547.4,BID
858,1712309247.6821802,5122344.3317672,523.1,-7.298522539787996e-08,547.4,ASK
859,1712309247.6891458,5122936.55285848,523.2,-1.1305077610956549e-07,547.4,ASK
860,1712309247.6950264,5123041.90658696,523.0,-2.0111274228533187e-08,547.4,ASK
861,1712309247.698012,5124091.90658696,523.2,-2.004374998842834e-07,547.4,ASK
862,1712309247.7010071,5140723.28698914,523.0,-3.174811721369048e-06,547.4,ASK
863,1712309247.7067986,5143069.19819927,523.0,-4.478176932466331e-07,547.4,ASK
864,1712309247.709838,5144137.71608505,523.0,-2.0397243200702466e-07,547.4,ASK
865,1712309250.5056655,5144137.71608505,523.0,-0.0,547.4,ASK
866,1712309280.292007,5144137.71608505,523.0,-0.0,547.4,ASK
867,1712309298.151929,5144269.68277038,523.0,-2.512681679626575e-08,547.4,ASK
868,1712309300.5426984,5144319.68277038,523.0,-9.520136363778437e-09,547.4,ASK
869,1712309300.5518954,5145031.24408837,523.0,-1.3548321556919588e-07,547.4,ASK
870,1712309300.5551364,5146369.67621074,523.0,-2.5484112637234185e-07,547.4,ASK
871,1712309300.558287,5147325.69915529,523.0,-1.8202937598034548e-07,547.4,ASK
872,1712309310.3149846,5147325.69915529,523.0,-0.0,547.4,ASK
873,1712309319.0120192,5147766.2946505,523.0,8.386396034716933e-08,547.4,BID
874,1712309319.058318,5148230.28911959,523.0,8.83177748754579e-08,547.4,BID
875,1712309319.2919776,5148702.09510518,523.0,8.980463689982658e-08,547.4,BID
876,1712309319.3718786,5149264.32859914,523.0,1.0701681691246989e-07,547.4,BID
877,1712309319.792281,5149283.4636929,522.6,-3.642217775153784e-09,547.4,ASK
878,1712309319.799569,5155944.32174652,522.6,-1.2678430482377605e-06,547.4,ASK
879,1712309319.8100302,5156134.50812917,522.6,-3.62005136833307e-08,547.4,ASK
880,1712309328.8620036,5157108.84120729,523.9,1.854567999825593e-07,547.4,BID
881,1712309328.965139,5160455.90432929,523.9,-6.370876960715212e-07,547.4,ASK
882,1712309328.98191,5163782.69168557,523.9,-6.332283601710325e-07,547.4,ASK
883,1712309336.6322038,5167971.72503149,524.0,7.973502458252347e-07,547.4,BID
884,1712309340.4939525,5167971.72503149,524.0,0.0,547.4,BID
885,1712309370.5119903,5167971.72503149,524.0,0.0,547.4,BID
886,1712309400.4520085,5167971.72503149,524.0,0.0,547.4,BID
887,1712309403.6219516,5167990.80900095,523.9,3.6278309451803525e-09,547.4,BID
888,1712309413.465044,5168090.80900095,522.8,-1.900983415850248e-08,547.4,ASK
1088,1712309413.465044,5168090.80900095,522.8,-1.9009834158502482e-08,547.4,ASK
889,1712309413.6018946,5168758.57160997,522.8,1.269405645471677e-07,547.4,BID
890,1712309429.0119014,5170285.58058114,523.9,2.902818730047942e-07,547.4,BID
891,1712309430.3579302,5170285.58058114,523.9,0.0,547.4,BID
892,1712309455.1627307,5171016.44613137,522.5,-1.3890434182820354e-07,547.4,ASK
893,1712309455.1702583,5171973.20081946,522.6,-1.818356060130087e-07,547.4,ASK
894,1712309455.1759603,5172947.53389758,522.7,-1.8517645946652522e-07,547.4,ASK
895,1712309455.179267,5173620.55975407,522.3,-1.2791164339280757e-07,547.4,ASK
896,1712309455.1825771,5174607.1511753,522.6,-1.875062136614563e-07,547.4,ASK
897,1712309455.185948,5174707.1511753,522.7,-1.900545754064371e-08,547.4,ASK
898,1712309455.189285,5174757.1511753,522.3,-9.502728770321857e-09,547.4,ASK
899,1712309455.1925974,5174946.34461685,522.5,-3.5957079203514844e-08,547.4,ASK
1100,1712309456.466477,5175137.80546311,522.3,-3.6388009842937544e-08,547.4,ASK
900,1712309456.466477,5175137.80546311,522.3,-3.638800984293754e-08,547.4,ASK
901,1712309459.0421977,5175753.4624249,523.8,1.1700842246906989e-07,547.4,BID
902,1712309460.4820027,5175753.4624249,523.8,0.0,547.4,BID
903,1712309475.4520175,5176112.13854123,523.8,6.813102992450748e-08,547.4,BID
904,1712309475.5589936,5176398.79077223,523.8,-5.4449992176967065e-08,547.4,ASK
905,1712309475.6114416,5176398.79077256,523.8,-6.262473304560245e-17,547.4,ASK
906,1712309490.5126336,5176398.79077256,523.8,-0.0,547.4,ASK
907,1712309498.2220647,5176498.79077256,523.8,-1.8993920294855053e-08,547.4,ASK
908,1712309520.3722925,5176498.79077256,523.8,-0.0,547.4,ASK
909,1712309538.022033,5177288.77359042,523.8,1.500472139453893e-07,547.4,BID
910,1712309550.3383515,5177288.77359042,523.8,0.0,547.4,BID
911,1712309580.375308,5177288.77359042,523.8,0.0,547.4,BID
912,1712309584.92203,5179197.89921088,523.8,3.6258569369955044e-07,547.4,BID
913,1712309609.3724136,5179207.89921088,523.8,1.89922386360483e-09,547.4,BID
914,1712309610.3570406,5179207.89921088,523.8,0.0,547.4,BID
915,1712309640.5072436,5179207.89921088,523.8,0.0,547.4,BID
916,1712309665.6303437,5180182.232289,523.4,-1.850123412685369e-07,547.4,ASK
917,1712309665.636961,5183140.4071101,523.3,-5.617163799763098e-07,547.4,ASK
918,1712309668.7822454,5183331.57514563,523.1,-3.630015917905189e-08,547.4,ASK
1118,1712309668.7822454,5183331.57514563,523.1,-3.6300159179051894e-08,547.4,ASK
919,1712309668.7859926,5183522.7066441,523.2,-3.62932212978893e-08,547.4,ASK
920,1712309670.502066,5183522.7066441,523.2,-0.0,547.4,ASK
921,1712309677.7120483,5183614.97462944,522.3,-1.7512902200558262e-08,547.4,ASK
922,1712309677.723,5183614.97463061,523.1,-2.2202243117676143e-16,547.4,ASK
923,1712309677.7279372,5183624.53860077,522.9,-1.8152869973154427e-09,547.4,ASK
924,1712309677.7312925,5184198.92113954,522.3,-1.0902053610581648e-07,547.4,ASK
925,1712309677.7346437,5184208.92113954,522.1,-1.8980475336039035e-09,547.4,ASK
926,1712309677.7380471,5184400.12572845,523.0,-3.6291539839367816e-08,547.4,ASK
927,1712309677.7434034,5185094.22312358,522.1,-1.3174298489082128e-07,547.4,ASK
928,1712309677.7467933,5185285.46427867,522.9,-3.629848027417764e-08,547.4,ASK
929,1712309677.7520568,5186689.06269006,522.3,-2.664096502908438e-07,547.4,ASK
930,1712309677.755617,5186730.08931331,522.1,-7.787048107173113e-09,547.4,ASK
931,1712309679.522174,5186768.39615108,522.1,7.270819894981052e-09,547.4,BID
932,1712309679.9675028,5188828.63748415,522.1,3.910435980862733e-07,547.4,BID
933,1712309682.2521,5188886.0977408,522.1,1.0906229841499348e-08,547.4,BID
934,1712309682.751908,5188945.3675008,522.1,1.1249682178451356e-08,547.4,BID
935,1712309682.9921298,5189060.28801411,522.1,2.1812459684943162e-08,547.4,BID
936,1712309685.2620173,5192890.97179116,522.1,7.270819895046457e-07,547.4,BID
937,1712309685.3219926,5193044.19914224,522.1,2.9083279579747442e-08,547.4,BID
938,1712309692.5352128,5193147.62760422,522.1,1.9631213716572586e-08,547.4,BID
939,1712309692.591975,5196516.29872822,522.1,6.393897918431084e-07,547.4,BID
940,1712309692.6119351,5199522.7066441,522.1,5.706305129743234e-07,547.4,BID
941,1712309700.3553076,5199522.7066441,522.1,0.0,547.4,BID
942,1712309701.302373,5199590.19874488,522.2,-1.2798433192019293e-08,547.4,ASK
943,1712309730.3461716,5199590.19874488,522.2,-0.0,547.4,ASK
944,1712309734.952206,5199662.78248135,522.4,-1.3763860997073556e-08,547.4,ASK
945,1712309744.8421614,5199843.19066035,523.8,3.4210323403766974e-08,547.4,BID
946,1712309744.8522038,5200617.34529158,523.8,1.4680088478084462e-07,547.4,BID
947,1712309760.492787,5200617.34529158,523.8,0.0,547.4,BID
948,1712309790.502143,5200617.34529158,523.8,0.0,547.4,BID
949,1712309812.8901348,5200819.88873248,523.7,3.8403856931905375e-08,547.4,BID
950,1712309820.3420537,5200819.88873248,523.7,0.0,547.4,BID
951,1712309836.9324098,5201584.40285953,522.4,-1.4495507996706505e-07,547.4,ASK
952,1712309836.9399257,5204808.44406441,522.4,-6.112917134356702e-07,547.4,ASK
953,1712309836.944594,5208506.15302003,522.4,-7.01101102506286e-07,547.4,ASK
954,1712309844.072167,5209461.08044554,523.6,1.8105823872949e-07,547.4,BID
955,1712309850.3521943,5209461.08044554,523.6,0.0,547.4,BID
956,1712309880.4820335,5209461.08044554,523.6,0.0,547.4,BID
957,1712309890.33509,5211940.44755835,523.0,-4.696962705137861e-07,547.4,ASK
958,1712309891.4746623,5211957.44755835,523.0,3.220514040651845e-09,547.4,BID
959,1712309910.4941862,5211957.44755835,523.0,0.0,547.4,BID
960,1712309916.5557218,5212186.89306504,522.9,4.345586804914002e-08,547.4,BID
961,1712309940.3520932,5212186.89306504,522.9,0.0,547.4,BID
962,1712309948.9522898,5212350.41428779,522.9,3.096942413929339e-08,547.4,BID
963,1712309970.344133,5212350.41428779,522.9,0.0,547.4,BID
964,1712309972.6522105,5212421.24126171,522.4,-1.3413763905834142e-08,547.4,ASK
965,1712309976.8121805,5212430.80331946,522.9,1.8109369637563006e-09,547.4,BID
966,1712309979.242061,5212595.83438117,522.5,-3.12548676918496e-08,547.4,ASK
967,1712310000.381905,5212595.83438117,522.5,-0.0,547.4,ASK
968,1712310030.3422508,5212595.83438117,522.5,-0.0,547.4,ASK
969,1712310041.7722402,5213004.96599888,522.5,-7.767863223926897e-08,547.4,ASK
970,1712310041.8720453,5213594.15391755,522.5,1.1186451907675716e-07,547.4,BID
971,1712310060.485238,5213594.15391755,522.5,0.0,547.4,BID
972,1712310077.0421057,5213613.36015145,522.5,-3.646176868873042e-09,547.4,ASK
973,1712310090.4728131,5213613.36015145,522.5,-0.0,547.4,ASK
974,1712310120.317711,5213613.36015145,522.5,-0.0,547.4,ASK
975,1712310122.9854982,5213663.36015145,522.5,-9.49215223929742e-09,547.4,ASK
976,1712310122.9891453,5214218.31659697,522.5,-1.0535462134106846e-07,547.4,ASK
977,1712310124.572299,5214897.8040682,522.5,1.2899597043227e-07,547.4,BID
978,1712310129.7920966,5216966.21320644,522.5,3.926730886665461e-07,547.4,BID
979,1712310131.0322423,5217049.42120897,522.5,1.5796460550859383e-08,547.4,BID
980,1712310150.3285646,5217049.42120897,522.5,0.0,547.4,BID
981,1712310180.4721005,5217049.42120897,522.5,0.0,547.4,BID
982,1712310188.851767,5217068.55996495,523.0,3.632121761063239e-09,547.4,BID
983,1712310202.4722488,5218042.89304295,522.6,-1.84907335609194e-07,547.4,ASK
984,1712310203.3320858,5218916.62283895,522.5,-1.658150095369456e-07,547.4,ASK
985,1712310203.3919752,5219507.83277248,522.9,1.1219885279810573e-07,547.4,BID
986,1712310203.401988,5219871.95779097,523.0,6.910304958112797e-08,547.4,BID
987,1712310210.4821055,5219871.95779097,523.0,0.0,547.4,BID
988,1712310233.0160592,5219871.95779148,522.5,-9.682908003013151e-17,547.4,ASK
989,1712310233.0198703,5219992.55501357,522.4,-2.288033723173048e-08,547.4,ASK
990,1712310233.0234575,5220279.9113354,522.0,-5.45187479049309e-08,547.4,ASK
991,1712310233.0270462,5221541.48430284,522.0,-2.393522374501593e-07,547.4,ASK
992,1712310233.0306003,5221986.60937485,522.1,-8.445146232558284e-08,547.4,ASK
993,1712310233.0341814,5222005.75179445,522.4,-3.631800204747847e-09,547.4,ASK
994,1712310233.03774,5222230.32267567,522.0,-4.2606764946096326e-08,547.4,ASK
995,1712310233.0414426,5222247.67691129,522.0,-3.292536565182152e-09,547.4,ASK
996,1712310233.0449984,5222422.13502965,522.0,-3.3099108849538264e-08,547.4,ASK
997,1712310240.3420198,5222422.13502965,522.0,-0.0,547.4,ASK
998,1712310259.6921875,5222441.33502965,522.0,-3.641804813386009e-09,547.4,ASK
999,1712310259.6984017,5223224.73131742,522.0,-1.4859251935938881e-07,547.4,ASK
1000,1712310263.4623756,5223427.93438255,522.0,3.8543015662347496e-08,547.4,BID
1201,1712310270.3419287,5223427.93438255,522.0,0.0,547.4,BID
1202,1712310279.2820969,5223632.17767756,522.0,3.873646609160994e-08,547.4,BID
1203,1712310293.002179,5223725.98399726,522.0,1.7791160890225065e-08,547.4,BID
1204,1712310300.3789866,5223725.98399726,522.0,0.0,547.4,BID
1205,1712310309.2723114,5224570.09570963,522.0,1.6050246616035772e-07,547.4,BID
1206,1712310309.275053,5230183.46601524,522.0,1.0673466133908084e-06,547.4,BID
1207,1712310318.982238,5231140.03766245,522.7,1.8188600653959176e-07,547.4,BID
1208,1712310330.3222177,5231140.03766245,522.7,0.0,547.4,BID
1209,1712310360.4756749,5231140.03766245,522.7,0.0,547.4,BID
1210,1712310367.962101,5231331.02314756,523.6,3.628796538203501e-08,547.4,BID
1211,1712310368.0621486,5233257.22005356,523.6,-3.659847061353854e-07,547.4,ASK
1212,1712310368.0648117,5233257.22005358,523.6,-3.7160511328037764e-18,547.4,ASK
1213,1712310390.473884,5233257.22005358,523.6,-0.0,547.4,ASK
1214,1712310420.325426,5233257.22005358,523.6,-0.0,547.4,ASK
1215,1712310439.1768389,5233448.20553868,523.6,-3.628032365675273e-08,547.4,ASK
1216,1712310450.342574,5233448.20553868,523.6,-0.0,547.4,ASK
1217,1712310455.8079746,5234212.1474791,523.6,1.4511853790420273e-07,547.4,BID
1218,1712310455.8721817,5234851.25271209,523.6,-1.2140453622342244e-07,547.4,ASK
1219,1712310463.721956,5234863.35776209,522.2,-2.299477308895136e-09,547.4,ASK
1220,1712310463.805446,5235425.63525086,522.2,1.0681032516928017e-07,547.4,BID
1221,1712310469.6642568,5235837.69084021,522.2,-7.827414820139178e-08,547.4,ASK
1222,1712310470.6922371,5237238.55415523,522.2,2.661082280250963e-07,547.4,BID
1223,1712310480.4723086,5237238.55415523,522.2,0.0,547.4,BID
1224,1712310510.487461,5237238.55415523,522.2,0.0,547.4,BID
1225,1712310540.3259854,5237238.55415523,522.2,0.0,547.4,BID
1226,1712310568.355881,5237334.22962403,522.6,-1.816769026194488e-08,547.4,ASK
1227,1712310568.3687303,5237423.508949,522.3,-1.69531348337043e-08,547.4,ASK
1228,1712310570.344693,5237423.508949,522.3,-0.0,547.4,ASK
1229,1712310600.362089,5237423.508949,522.3,-0.0,547.4,ASK
1230,1712310601.4022653,5237499.91773601,523.5,1.4578737272942476e-08,547.4,BID
1231,1712310616.782463,5237518.99442429,523.5,3.639817321571482e-09,547.4,BID
1232,1712310630.3423383,5237518.99442429,523.5,0.0,547.4,BID
1233,1712310648.7622786,5239429.21409955,523.5,3.6446495577578747e-07,547.4,BID
1234,1712310660.492177,5239429.21409955,523.5,0.0,547.4,BID
1235,1712310690.4723048,5239429.21409955,523.5,0.0,547.4,BID
1236,1712310710.1723552,5240553.77120972,523.5,2.145216474890262e-07,547.4,BID
1237,1712310720.3531728,5240553.77120972,523.5,0.0,547.4,BID
1238,1712310720.5048816,5240649.28219348,523.5,1.821772561467474e-08,547.4,BID
1239,1712310722.7194889,5241031.91085237,522.7,-7.29824324440716e-08,547.4,ASK
1240,1712310750.3365924,5241031.91085237,522.7,-0.0,547.4,ASK
1241,1712310754.8622043,5241051.91085237,523.5,3.814609844542536e-09,547.4,BID
1242,1712310770.6421323,5241147.42183613,523.5,1.8216856945731305e-08,547.4,BID
1243,1712310780.4742022,5241147.42183613,523.5,0.0,547.4,BID
1244,1712310810.4926703,5241147.42183613,523.5,0.0,547.4,BID
1245,1712310840.3622177,5241147.42183613,523.5,0.0,547.4,BID
1246,1712310870.3301032,5241147.42183613,523.5,0.0,547.4,BID
1247,1712310895.852162,5241177.42183613,522.6,-5.721848774026234e-09,547.4,ASK
1248,1712310900.5003583,5241177.42183613,522.6,-0.0,547.4,ASK
1249,1712310925.452255,5241345.17408897,522.6,-3.2008627142352293e-08,547.4,ASK
1250,1712310925.455343,5241858.49926318,522.6,-9.79470250084203e-08,547.4,ASK
1251,1712310925.561175,5243024.82623295,522.6,2.2254559607701894e-07,547.4,BID
1252,1712310930.4884045,5243024.82623295,522.6,0.0,547.4,BID
1253,1712310960.3360355,5243024.82623295,522.6,0.0,547.4,BID
1254,1712310975.3820305,5243509.48988641,522.5,-9.24611181020548e-08,547.4,ASK
1255,1712310990.3331037,5243509.48988641,522.5,-0.0,547.4,ASK
1256,1712310998.04254,5243700.87744621,522.5,3.650996475417616e-08,547.4,BID
1257,1712311001.1322722,5243712.08889148,522.4,-2.138746489488801e-09,547.4,ASK
1258,1712311002.522123,5244657.9984263,522.4,-1.804460217420181e-07,547.4,ASK
1259,1712311020.475025,5244657.9984263,522.4,-0.0,547.4,ASK
1260,1712311039.422122,5245011.66037439,522.4,6.74584467759039e-08,547.4,BID
1261,1712311039.42449,5248024.83821821,522.4,5.747417789818801e-07,547.4,BID
1262,1712311039.582148,5248042.83821821,522.6,3.433369206165848e-09,547.4,BID
1263,1712311039.5850158,5250219.1870404,522.6,4.151227237767071e-07,547.4,BID
1264,1712311050.485315,5250219.1870404,522.6,0.0,547.4,BID
1265,1712311080.3347335,5250219.1870404,522.6,0.0,547.4,BID
1266,1712311094.6620784,5251620.0503554,522.6,2.670564894108355e-07,547.4,BID
1267,1712311094.6841233,5251620.05035542,522.6,3.905981519894663e-18,547.4,BID
1268,1712311104.682279,5251811.11541462,523.4,3.6424084643118324e-08,547.4,BID
1269,1712311104.6853857,5253533.55973161,523.5,3.283617520534897e-07,547.4,BID
1270,1712311108.8422337,5254488.66956924,523.5,1.82079348861484e-07,547.4,BID
1271,1712311110.3520355,5254488.66956924,523.5,0.0,547.4,BID
1272,1712311140.4925687,5254488.66956924,523.5,0.0,547.4,BID
1273,1712311170.4800682,5254488.66956924,523.5,0.0,547.4,BID
1274,1712311173.502237,5254526.87396274,523.5,7.2800737777934e-09,547.4,BID
1275,1712311189.602173,5256437.093638,523.5,3.640036889347473e-07,547.4,BID
1276,1712311198.8023157,5257309.81553159,523.5,1.6630233307468916e-07,547.4,BID
1277,1712311198.8054235,5257850.78513752,523.5,1.0308496698600038e-07,547.4,BID
1278,1712311200.432033,5257850.78513752,523.5,0.0,547.4,BID
1279,1712311230.3436224,5257850.78513752,523.5,0.0,547.4,BID
1280,1712311233.6593318,5257886.73962516,522.6,-6.8552865980670315e-09,547.4,ASK
1281,1712311253.2222028,5258837.12928492,522.6,-1.812066844847445e-07,547.4,ASK
1282,1712311260.3722248,5258837.12928492,522.6,-0.0,547.4,ASK
1283,1712311275.2222943,5258875.39947245,522.6,-7.296094008296416e-09,547.4,ASK
1284,1712311290.313787,5258875.39947245,522.6,-0.0,547.4,ASK
1285,1712311303.347416,5258899.34947245,522.6,-4.5659767172131084e-09,547.4,ASK
1286,1712311320.4734724,5258899.34947245,522.6,-0.0,547.4,ASK
1287,1712311350.504602,5258899.34947245,522.6,-0.0,547.4,ASK
1288,1712311358.5320628,5259511.66960256,522.6,-1.167362332434971e-07,547.4,ASK
1289,1712311358.5421646,5261745.66066646,522.6,-4.2590091208106163e-07,547.4,ASK
1290,1712311359.6420634,5261767.75711772,522.5,-4.212594623821833e-09,547.4,ASK
1291,1712311367.4724205,5262724.03366754,522.6,1.823100644184965e-07,547.4,BID
1292,1712311372.142104,5262736.53366754,522.5,-2.383071932131453e-09,547.4,ASK
1293,1712311380.3420854,5262736.53366754,522.5,-0.0,547.4,ASK
1294,1712311393.1423285,5262797.63099618,522.5,-1.1643494970139558e-08,547.4,ASK
1295,1712311393.144136,5262874.84630718,522.5,-1.47151455761871e-08,547.4,ASK
1296,1712311410.3731017,5262874.84630718,522.5,-0.0,547.4,ASK
1297,1712311422.0950606,5263832.15053846,522.3,-1.8243372893703282e-07,547.4,ASK
1298,1712311422.0976894,5264042.71358118,522.3,-4.012705658715053e-08,547.4,ASK
1299,1712311428.9536223,5264054.19683476,522.5,2.188366772443303e-09,547.4,BID
1300,1712311438.4131465,5272516.84113293,522.5,1.612728436306808e-06,547.4,BID
1301,1712311438.4147396,5273491.17421105,522.5,1.8567892093250924e-07,547.4,BID
1302,1712311440.5429356,5273491.17421105,522.5,0.0,547.4,BID
1303,1712311455.7632096,5275782.93596985,522.5,4.362804922220671e-07,547.4,BID
1304,1712311470.4951687,5275782.93596985,522.5,0.0,547.4,BID
1305,1712311471.3436675,5275859.3593554,523.4,1.4545331046940564e-08,547.4,BID
1306,1712311500.3340478,5275859.3593554,523.4,0.0,547.4,BID
1307,1712311530.3160684,5275859.3593554,523.4,0.0,547.4,BID
1308,1712311537.464888,5276257.74983005,523.4,7.604183139073162e-08,547.4,BID
1309,1712311537.4675362,5276859.33112946,523.4,1.1482539530513864e-07,547.4,BID
1310,1712311537.5646696,5278086.99659036,523.4,-2.34327715952571e-07,547.4,ASK
1311,1712311538.7147293,5279493.30394786,523.4,-2.684255617720576e-07,547.4,ASK
1312,1712311540.714848,5280061.93326905,523.4,-1.085357650774774e-07,547.4,ASK
1313,1712311560.4849987,5280061.93326905,523.4,-0.0,547.4,ASK
1314,1712311588.3855882,5281186.95414314,523.4,2.1464555669440362e-07,547.4,BID
1315,1712311590.4873855,5281186.95414314,523.4,0.0,547.4,BID
1316,1712311620.32203,5281186.95414314,523.4,0.0,547.4,BID
1317,1712311620.606094,5281200.83645112,523.4,2.648342858599833e-09,547.4,BID
1318,1712311628.0362537,5281221.2687591,522.6,-3.897893419766962e-09,547.4,ASK
1319,1712311650.3563805,5281221.2687591,522.6,-0.0,547.4,ASK
1320,1712311680.4904327,5281221.2687591,522.6,-0.0,547.4,ASK
1321,1712311694.7470603,5281574.40593907,523.4,6.736812989810656e-08,547.4,BID
1322,1712311710.479,5281574.40593907,523.4,0.0,547.4,BID
1323,1712311740.3494267,5281574.40593907,523.4,0.0,547.4,BID
1324,1712311761.1779222,5281861.32254198,522.8,-5.473327234885229e-08,547.4,ASK
1325,1712311770.331251,5281861.32254198,522.8,-0.0,547.4,ASK
1326,1712311800.3982754,5281861.32254198,522.8,-0.0,547.4,ASK
1327,1712311810.768533,5282043.64305575,522.8,-3.4937497037194865e-08,547.4,ASK
1328,1712311810.7720487,5285587.79049673,522.8,-6.791536407956986e-07,547.4,ASK
1329,1712311816.9885278,5285787.79049673,522.8,-3.8325360448766674e-08,547.4,ASK
1330,1712311816.998431,5287981.97511389,522.8,-4.204645817189592e-07,547.4,ASK
1331,1712311829.3388093,5288000.10012811,522.7,3.4732385154939683e-09,547.4,BID
1332,1712311829.3416846,5288024.18484992,522.8,4.615278223417949e-09,547.4,BID
1333,1712311830.3485966,5288024.18484992,522.8,0.0,547.4,BID
1334,1712311860.518916,5288024.18484992,522.8,0.0,547.4,BID
1335,1712311890.4895058,5288024.18484992,522.8,0.0,547.4,BID
1336,1712311891.1331096,5291849.73955535,522.8,7.326264836843784e-07,547.4,BID
1337,1712311895.9094613,5292806.1282317,522.8,1.8315662091966774e-07,547.4,BID
1338,1712311895.989391,5294649.5268347,522.8,3.53026617193112e-07,547.4,BID
1339,1712311895.9914565,5295605.91551095,522.8,1.831566209004053e-07,547.4,BID
1340,1712311912.3096788,5295697.75974313,522.8,1.75889569095259e-08,547.4,BID
1341,1712311920.369442,5295697.75974313,522.8,0.0,547.4,BID
1342,1712311925.830566,5297518.69286367,522.8,-3.48456571495681e-07,547.4,ASK
1343,1712311925.833807,5299900.33365678,522.8,-4.5575445684418454e-07,547.4,ASK
1344,1712311950.3497171,5299900.33365678,522.8,-0.0,547.4,ASK
1345,1712311980.530106,5299900.33365678,522.8,-0.0,547.4,ASK
1346,1712312010.5074928,5299900.33365678,522.8,-0.0,547.4,ASK
1347,1712312011.3704054,5300002.17128839,523.0,-1.9479616272206164e-08,547.4,ASK
1348,1712312028.43723,5302351.619296,523.5,4.494050471965116e-07,547.4,BID
1349,1712312028.5103946,5304476.22730981,523.5,4.063974012735236e-07,547.4,BID
1350,1712312040.350737,5304476.22730981,523.5,0.0,547.4,BID
1351,1712312069.8009462,5306389.00466252,522.8,-3.65710626322256e-07,547.4,ASK
1352,1712312069.8046124,5316279.4882699,523.0,-1.8909963303150584e-06,547.4,ASK
1353,1712312069.8154974,5316447.62672849,522.9,-3.214698297880284e-08,547.4,ASK
1354,1712312069.8171484,5345204.77909931,522.7,-5.498181055874379e-06,547.4,ASK
1355,1712312069.8187895,5352302.89727904,522.8,-1.357114167804411e-06,547.4,ASK
1356,1712312070.3416228,5352302.89727904,522.8,-0.0,547.4,ASK
1357,1712312100.3636026,5352302.89727904,522.8,-0.0,547.4,ASK
1358,1712312130.3713078,5352302.89727904,522.8,-0.0,547.4,ASK
1359,1712312160.5013032,5352302.89727904,522.8,-0.0,547.4,ASK
1360,1712312190.4939394,5352302.89727904,522.8,-0.0,547.4,ASK
1361,1712312214.9619982,5352312.89727904,523.0,-1.90451196414623e-09,547.4,ASK
1362,1712312214.9657986,5352318.87090965,523.0,-1.1376850965986806e-09,547.4,ASK
1363,1712312220.3518405,5352318.87090965,523.0,-0.0,547.4,ASK
1364,1712312229.7320073,5353268.92022359,523.0,-1.80937740608344e-07,547.4,ASK
1365,1712312229.7358725,5353863.06108084,523.0,-1.1315465706527997e-07,547.4,ASK
1366,1712312250.3544917,5353863.06108084,523.0,-0.0,547.4,ASK
1367,1712312259.4221933,5354262.68351732,523.2,-7.609674558278655e-08,547.4,ASK
1368,1712312271.5622375,5358797.66246149,523.7,8.635579673099272e-07,547.4,BID
1369,1712312271.6697905,5358988.57502354,523.8,3.635387640105727e-08,547.4,BID
1370,1712312271.6729608,5360878.38491195,523.8,3.598606313122908e-07,547.4,BID
1371,1712312272.112074,5377040.93928986,523.9,3.0776995388405968e-06,547.4,BID
1372,1712312274.1721904,5379170.93928986,524.3,4.055980177669105e-07,547.4,BID
1373,1712312275.6422346,5379203.93928986,525.0,6.283912951318329e-09,547.4,BID
1374,1712312275.645468,5380156.32024225,525.0,1.81353909130662e-07,547.4,BID
1375,1712312278.3121886,5380790.16145588,527.4,1.206970609517046e-07,547.4,BID
1376,1712312280.4921496,5380790.16145588,527.4,0.0,547.4,BID
1377,1712312286.122734,5381130.65332037,526.6,6.466326838899081e-08,547.4,BID
1378,1712312286.124974,5381775.25926384,526.7,1.224179825561754e-07,547.4,BID
1379,1712312310.5023422,5381775.25926384,526.7,0.0,547.4,BID
1380,1712312330.3648243,5381825.93467693,523.9,-9.622887788576193e-09,547.4,ASK
1381,1712312330.3687234,5382608.41227988,524.3,-1.485867348880552e-07,547.4,ASK
1382,1712312340.354004,5382608.41227988,524.3,-0.0,547.4,ASK
1383,1712312353.9927747,5386423.03196326,524.3,-7.243081101816422e-07,547.4,ASK
1384,1712312370.3627975,5386423.03196326,524.3,-0.0,547.4,ASK
1385,1712312400.3831222,5386423.03196326,524.3,-0.0,547.4,ASK
1386,1712312424.6730485,5386995.22345667,524.2,1.0947065469591544e-07,547.4,BID
1387,1712312427.225872,5387487.76548169,522.9,-9.423226064219661e-08,547.4,ASK
1388,1712312427.2296233,5387537.76548169,523.0,-9.565910709680462e-09,547.4,ASK
1389,1712312427.4632168,5388450.4488396,522.8,-1.746129501596164e-07,547.4,ASK
1390,1712312427.467156,5388641.72657487,522.8,-3.659491472678326e-08,547.4,ASK
1391,1712312427.5431595,5389623.20678409,522.7,-1.877750408943788e-07,547.4,ASK
1392,1712312430.357392,5389623.20678409,522.7,-0.0,547.4,ASK
1393,1712312431.3831663,5390011.96848339,522.7,-7.435338379682535e-08,547.4,ASK
1394,1712312434.293183,5390698.96045345,522.7,-1.3139200108217617e-07,547.4,ASK
1395,1712312452.4654765,5390734.3066719,522.9,6.760210563204389e-09,547.4,BID
1396,1712312457.52305,5391408.23045577,522.7,-1.288926194172859e-07,547.4,ASK
1397,1712312460.5065446,5391408.23045577,522.7,-0.0,547.4,ASK
1398,1712312460.9339526,5391854.93497396,522.7,-8.542010840684615e-08,547.4,ASK
1399,1712312463.1871789,5392454.47995062,522.7,-1.1464669555757296e-07,547.4,ASK
1400,1712312466.2331796,5392859.92463796,522.7,-7.753028620788122e-08,547.4,ASK
1401,1712312466.4533248,5393274.91095601,522.7,-7.935486396879228e-08,547.4,ASK
1402,1712312474.003221,5394242.0289444,522.7,-1.8493505224723082e-07,547.4,ASK
1403,1712312476.1832182,5395034.38202212,522.7,-1.5151600899321577e-07,547.4,ASK
1404,1712312490.5049503,5395034.38202212,522.7,-0.0,547.4,ASK
1405,1712312492.9140227,5395456.49377865,522.9,8.068816581928456e-08,547.4,BID
1406,1712312520.3542976,5395456.49377865,522.9,0.0,547.4,BID
1407,1712312550.37369,5395456.49377865,522.9,0.0,547.4,BID
1408,1712312580.523682,5395456.49377865,522.9,0.0,547.4,BID
1409,1712312610.504135,5395456.49377865,522.9,0.0,547.4,BID
1410,1712312640.3539534,5395456.49377865,522.9,0.0,547.4,BID
1411,1712312642.3142617,5396430.82684677,523.8,1.8623937875522508e-07,547.4,BID
1412,1712312642.3184023,5398856.49377865,523.9,4.63655311763056e-07,547.4,BID
1413,1712312669.0839188,5398866.22846084,523.9,1.8607406674454806e-09,547.4,BID
1414,1712312670.3620217,5398866.22846084,523.9,0.0,547.4,BID
1415,1712312676.96439,5398880.15976585,522.6,-2.661997321072641e-09,547.4,ASK
1416,1712312676.967639,5398937.52114253,523.0,-1.09606265133204e-08,547.4,ASK
1417,1712312676.9707625,5399137.52114253,522.6,-3.821605110485127e-08,547.4,ASK
1418,1712312676.9738636,5400111.85421065,523.0,-1.861758116219804e-07,547.4,ASK
1419,1712312676.9761753,5400130.98930441,522.6,-3.6563386052707032e-09,547.4,ASK
1420,1712312700.49578,5400130.98930441,522.6,-0.0,547.4,ASK
1421,1712312706.9300375,5400704.9688729,522.4,-1.0985792929262357e-07,547.4,ASK
1422,1712312706.938936,5401087.74399251,522.5,-7.326198410815133e-08,547.4,ASK
1423,1712312718.9664822,5401173.73101045,523.8,1.6457651553291065e-08,547.4,BID
1424,1712312725.7843,5403273.30834056,522.4,-4.01852662599907e-07,547.4,ASK
1425,1712312726.205831,5404247.64141868,524.2,1.864843633462151e-07,547.4,BID
1426,1712312726.2085962,5405400.18309415,524.3,2.205929424000285e-07,547.4,BID
1427,1712312730.492841,5405400.18309415,524.3,0.0,547.4,BID
1428,1712312737.0443604,5406374.51617227,522.6,-1.863860205832277e-07,547.4,ASK
1429,1712312737.046468,5406412.79368423,522.5,-7.322334930677422e-09,547.4,ASK
1430,1712312737.0544002,5408462.79368423,522.5,-3.921568001498105e-07,547.4,ASK
1431,1712312737.0577345,5409320.12740353,522.4,-1.640045112298856e-07,547.4,ASK
1432,1712312740.8642309,5410591.0367872,522.4,-2.431198815513157e-07,547.4,ASK
1433,1712312744.5342426,5415360.44658654,522.4,-9.123690173231196e-07,547.4,ASK
1434,1712312744.5362906,5415560.44658654,522.4,-3.8259200014615656e-08,547.4,ASK
1435,1712312744.6947107,5415560.44658682,522.3,-5.362564327381231e-17,547.4,ASK
1436,1712312744.6981828,5415751.94409735,522.2,-3.6632707788351633e-08,547.4,ASK
1437,1712312744.701442,5415870.36558337,522.2,-2.2653556598352832e-08,547.4,ASK
1438,1712312744.704738,5415990.81762242,522.3,-2.3041993270899427e-08,547.4,ASK
1439,1712312744.7079058,5418130.81762154,522.2,-4.0937343998802793e-07,547.4,ASK
1440,1712312744.7142656,5418130.81762242,522.2,-1.683595777201084e-16,547.4,ASK
1441,1712312744.7746768,5418322.35181127,522.1,-3.6639724204218175e-08,547.4,ASK
1442,1712312744.782334,5420525.41694536,522.0,-4.214375480517698e-07,547.4,ASK
1443,1712312744.7889087,5425099.96874942,522.0,-8.750934622437843e-07,547.4,ASK
1444,1712312744.8342235,5425139.96874942,521.9,-7.65184000292313e-09,547.4,ASK
1445,1712312744.8362389,5425222.13318024,521.8,-1.5717726964220446e-08,547.4,ASK
1446,1712312744.8381114,5425231.71547569,521.9,-1.833054790998362e-09,547.4,ASK
1447,1712312744.8400252,5425231.71547618,522.0,-9.388941529999695e-17,547.4,ASK
1448,1712312744.841915,5427503.32306384,521.9,-4.3454944525496113e-07,547.4,ASK
1449,1712312747.492192,5427524.39182461,522.1,4.0303696616907925e-09,547.4,BID
1450,1712312754.8549209,5427716.14637878,521.5,-3.6681879208552576e-08,547.4,ASK
1451,1712312754.858564,5427735.32919016,521.3,-3.669595087219959e-09,547.4,ASK
1452,1712312754.8620975,5427792.85555641,521.5,-1.1004563762298537e-08,547.4,ASK
1453,1712312754.865528,5427812.03836861,521.3,-3.669595243999248e-09,547.4,ASK
1454,1712312754.8942094,5427812.03836943,521.3,-1.5695744758879951e-16,547.4,ASK
1455,1712312756.3875656,5427912.03836943,521.1,-1.9129600007307828e-08,547.4,ASK
1456,1712312756.3898337,5427941.22854406,521.1,-5.583963648136771e-09,547.4,ASK
1457,1712312756.391803,5428027.5108365,521.0,-1.6505457420831526e-08,547.4,ASK
1458,1712312756.4474845,5428142.95599127,521.0,-2.2084196335371533e-08,547.4,ASK
1459,1712312756.4494717,5428747.95008391,521.0,-1.1573294998978454e-07,547.4,ASK
1460,1712312758.3922777,5429486.52604884,521.0,-1.4128662784131252e-07,547.4,ASK
1461,1712312758.394317,5429678.46462849,521.0,-3.671708254668875e-08,547.4,ASK
1462,1712312758.4004126,5430076.37249796,521.0,-7.611818382727002e-08,547.4,ASK
1463,1712312758.4483874,5430086.37249796,520.9,-1.912960000730782e-09,547.4,ASK
1464,1712312758.4547155,5430107.64015326,520.8,-4.068417389818502e-09,547.4,ASK
1465,1712312758.4580555,5430126.83769597,520.9,-3.672413131699034e-09,547.4,ASK
1466,1712312758.4613905,5430136.43838708,520.9,-1.836573807260211e-09,547.4,ASK
1467,1712312758.464835,5430180.87609435,520.5,-8.500755653085998e-09,547.4,ASK
1468,1712312760.36421,5430180.87609435,520.5,-0.0,547.4,ASK
1469,1712312761.154611,5430336.54461535,521.3,2.9705246703084763e-08,547.4,BID
1470,1712312769.064436,5431399.04461535,520.9,2.027502054960288e-07,547.4,BID
1471,1712312769.1700747,5434176.05315825,520.9,-5.299191084585385e-07,547.4,ASK
1472,1712312790.3544676,5434176.05315825,520.9,-0.0,547.4,ASK
1473,1712312820.516528,5434176.05315825,520.9,-0.0,547.4,ASK
1474,1712312830.374801,5435985.42559118,520.6,-3.451341195432064e-07,547.4,ASK
1475,1712312850.514653,5435985.42559118,520.6,-0.0,547.4,ASK
1476,1712312869.5649252,5436944.38224633,521.4,1.8288617540451894e-07,547.4,BID
1477,1712312880.3847668,5436944.38224633,521.4,0.0,547.4,BID
1478,1712312882.584726,5437054.76408485,520.6,-2.1049322049792738e-08,547.4,ASK
1479,1712312882.5947552,5437436.93115031,520.6,-7.287754711763895e-08,547.4,ASK
1480,1712312888.154973,5437683.2056023,520.6,-4.696343458389344e-08,547.4,ASK
1481,1712312899.9548793,5437806.34282829,520.7,-2.3481717290792327e-08,547.4,ASK
1482,1712312910.3547857,5437806.34282829,520.7,-0.0,547.4,ASK
1483,1712312910.7949414,5437867.91144129,520.8,-1.1739854015236213e-08,547.4,ASK
1484,1712312920.0618324,5437889.09505668,520.8,-4.039274884999073e-09,547.4,ASK
1485,1712312920.0639625,5437898.69574779,520.9,-1.8306521226190323e-09,547.4,ASK
1486,1712312939.515102,5438078.6678191,520.8,-3.4316930998553853e-08,547.4,ASK
1487,1712312939.5249257,5438088.8401991,520.8,-1.9396613040528e-09,547.4,ASK
1488,1712312940.2466156,5438471.8036891,520.8,7.30231727934114e-08,547.4,BID
1489,1712312940.5250297,5438471.8036891,520.8,0.0,547.4,BID
1490,1712312955.0152876,5438471.80368923,520.8,2.4860095528117626e-17,547.4,BID
1491,1712312955.0192251,5449040.20235109,520.9,2.0150406642443727e-06,547.4,BID
1492,1712312970.5151036,5449040.20235109,520.9,0.0,547.4,BID
1493,1712313000.425091,5449040.20235109,520.9,0.0,547.4,BID
1494,1712313030.335323,5449040.20235109,520.9,0.0,547.4,BID
1495,1712313060.4270048,5449040.20235109,520.9,0.0,547.4,BID
1496,1712313063.1155338,5449059.38148419,521.4,3.662419932031145e-09,547.4,BID
1497,1712313063.9154463,5449143.74569594,521.4,1.611006968073442e-08,547.4,BID
1498,1712313064.0774343,5452481.00725106,521.6,-6.372787119139032e-07,547.4,ASK
1499,1712313074.375446,5452490.59130319,521.7,1.8301569402980566e-09,547.4,BID
1500,1712313090.3453867,5452490.59130319,521.7,0.0,547.4,BID
1501,1712313120.518331,5452490.59130319,521.7,0.0,547.4,BID
1502,1712313127.105608,5455844.21344555,521.7,6.401828954917679e-07,547.4,BID
1503,1712313127.1093686,5456741.24876916,521.7,1.7123773831697348e-07,547.4,BID
1504,1712313129.7559395,5457316.29189739,521.7,1.0977169139386112e-07,547.4,BID
1505,1712313142.176978,5457335.46000166,521.7,3.659056378882752e-09,547.4,BID
1506,1712313143.245791,5457459.5240891,521.7,2.3682962287506457e-08,547.4,BID
1507,1712313143.248812,5457478.7032222,521.7,3.661161705182338e-09,547.4,BID
1508,1712313145.260945,5457814.6630872,521.7,-6.413237687936399e-08,547.4,ASK
1509,1712313145.2755747,5457814.66308772,521.7,-9.9202876915452e-17,547.4,ASK
1510,1712313150.5055656,5457814.66308772,521.7,-0.0,547.4,ASK
1511,1712313157.217824,5461412.56542573,521.1,-6.864502993971503e-07,547.4,ASK
1512,1712313157.220682,5461626.6291371,521.1,-4.084160295492095e-08,547.4,ASK
1513,1712313168.7863576,5461722.59842692,521.0,-1.8310154512627373e-08,547.4,ASK
1514,1712313168.790076,5462375.99588518,521.1,-1.246628837335048e-07,547.4,ASK
1515,1712313168.7937124,5466214.76747827,521.0,-7.324061805555583e-07,547.4,ASK
1516,1712313180.378246,5466214.76747827,521.0,-0.0,547.4,ASK
1517,1712313184.926089,5467051.87607521,520.7,-1.5958020267282857e-07,547.4,ASK
1518,1712313184.9337072,5467167.06133149,520.9,-2.1958066861677804e-08,547.4,ASK
1519,1712313184.9366858,5469097.55297627,520.7,-3.680146746294248e-07,547.4,ASK
1520,1712313202.0459468,5469451.96180544,521.0,6.756188264539539e-08,547.4,BID
1521,1712313205.9660137,5469484.96180544,521.0,6.290876365929081e-09,547.4,BID
1522,1712313210.36909,5469484.96180544,521.0,0.0,547.4,BID
1523,1712313240.4959316,5469484.96180544,521.0,0.0,547.4,BID
1524,1712313250.4965303,5469484.96180652,520.7,-2.058800977202569e-16,547.4,ASK
1525,1712313250.5004225,5471086.36290808,520.5,-3.051802112550311e-07,547.4,ASK
1526,1712313250.50421,5474299.64248168,520.6,-6.123571028752168e-07,547.4,ASK
1527,1712313250.5080392,5474346.53797361,520.6,-8.936909135429893e-09,547.4,ASK
1528,1712313250.511893,5476267.76756055,520.5,-3.661301660405752e-07,547.4,ASK
1529,1712313250.5140495,5478184.75782691,520.4,-3.653222755321348e-07,547.4,ASK
1530,1712313266.226235,5480464.75782691,521.0,4.345013132459474e-07,547.4,BID
1531,1712313270.50613,5480464.75782691,521.0,0.0,547.4,BID
1532,1712313297.4659448,5480484.75782691,521.0,3.807267575408231e-09,547.4,BID
1533,1712313300.3561103,5480484.75782691,521.0,0.0,547.4,BID
1534,1712313317.9360583,5480963.04066126,520.9,-9.120573334630025e-08,547.4,ASK
1535,1712313330.3464682,5480963.04066126,520.9,-0.0,547.4,ASK
1536,1712313346.8907402,5481060.68410834,520.9,-1.8619148502202212e-08,547.4,ASK
1537,1712313346.9464564,5481636.83160209,520.7,-1.098627308440094e-07,547.4,ASK
1538,1712313346.9502573,5481656.83160209,520.7,-3.8137015967549434e-09,547.4,ASK
1539,1712313354.988309,5481676.83160209,520.5,-3.8137015967549434e-09,547.4,ASK
1540,1712313354.9906445,5481696.83160209,520.3,-3.8137015967549434e-09,547.4,ASK
1541,1712313354.992806,5481735.66858785,520.2,-7.405633730373298e-09,547.4,ASK
1542,1712313354.9949684,5485580.3437128,520.2,-7.331221831512483e-07,547.4,ASK
1543,1712313354.9973073,5489428.14975697,520.4,-7.337192027326654e-07,547.4,ASK
1544,1712313354.999498,5490258.98417649,520.1,-1.5842772761822853e-07,547.4,ASK
1545,1712313355.0563705,5490389.50334281,520.1,-2.4888057650015042e-08,547.4,ASK
1546,1712313355.061112,5493052.33432149,520.1,-5.077621377639211e-07,547.4,ASK
1547,1712313360.510845,5493052.33432149,520.1,-0.0,547.4,ASK
1548,1712313362.286423,5493805.20052679,520.2,-1.43388381186439e-07,547.4,ASK
1549,1712313362.2907157,5495401.7823291,520.1,-3.040796338756268e-07,547.4,ASK
