,time,acc_trade_volume,trade_price,dev,high,ask_bid
0,1712300395.457545,10974932.51370505,1607.0,0.0,1730.0,BID
1,1712300400.3251948,10974932.51370505,1607.0,0.0,1730.0,BID
2,1712300404.885249,10975047.53547964,1604.0,-2.9427840962541404e-09,1730.0,ASK
3,1712300404.968676,10975563.52114397,1604.0,-1.3201277864939362e-08,1730.0,ASK
4,1712300405.025444,10975649.60504046,1603.0,-2.202420562908649e-09,1730.0,ASK
5,1712300405.0652654,10975675.16077741,1605.0,6.538328636607871e-10,1730.0,BID
6,1712300405.0661168,10975972.43049901,1605.0,7.605521755671484e-09,1730.0,BID
7,1712300405.075353,10976712.34553577,1605.0,1.893041739721546e-08,1730.0,BID
8,1712300407.01526,10976716.08385353,1605.0,9.56432996206512e-11,1730.0,BID
9,1712300411.195233,10976778.04740287,1605.0,1.5853115481445775e-09,1730.0,BID
10,1712300411.196542,10976779.08385353,1605.0,2.6517157549068968e-11,1730.0,BID
11,1712300411.8954089,10976782.19974138,1605.0,7.9718690177699e-11,1730.0,BID
12,1712300414.6954806,10976792.21020711,1605.0,2.561135876340785e-10,1730.0,BID
13,1712300415.0955276,10976857.63302041,1605.0,1.673815372765808e-09,1730.0,BID
14,1712300415.0987833,10976936.82390342,1605.0,2.026065689884949e-09,1730.0,BID
15,1712300416.3552625,10977011.7374329,1605.0,-1.916631385134824e-09,1730.0,ASK
16,1712300417.8452568,10977074.7374329,1607.0,1.6118287056936467e-09,1730.0,BID
17,1712300421.3552692,10977137.7374329,1607.0,1.6118287056936467e-09,1730.0,BID
18,1712300422.4351385,10977163.16112722,1607.0,6.504546080919633e-10,1730.0,BID
19,1712300422.4360902,10977200.7374329,1609.0,9.613740976016831e-10,1730.0,BID
20,1712300423.0852785,10977353.53280908,1604.0,-3.909205927361332e-09,1730.0,ASK
21,1712300423.0869346,10978481.03575484,1603.0,-2.8846692281437173e-08,1730.0,ASK
22,1712300423.6052823,10978544.03575484,1608.0,1.6118287056936467e-09,1730.0,BID
23,1712300426.495358,10978557.15764538,1608.0,3.3571809276538315e-10,1730.0,BID
24,1712300430.2563012,10978557.15764538,1608.0,0.0,1730.0,BID
25,1712300446.935442,10978563.37655085,1608.0,1.5908443306969436e-10,1730.0,BID
26,1712300456.435376,10978595.6123318,1607.0,8.24616319113031e-10,1730.0,BID
27,1712300460.3556406,10978595.6123318,1607.0,0.0,1730.0,BID
28,1712300472.6755512,10978651.12011026,1607.0,1.4199298494180183e-09,1730.0,BID
29,1712300473.2554276,10978716.13429818,1607.0,1.6631108039765055e-09,1730.0,BID
30,1712300476.2691703,10978848.1474995,1604.0,-3.37699490544033e-09,1730.0,ASK
31,1712300479.6055553,10979058.19665942,1607.0,5.373212192763819e-09,1730.0,BID
32,1712300490.3458686,10979058.19665942,1607.0,0.0,1730.0,BID
33,1712300497.165588,10979067.12051711,1604.0,-2.2827451277348795e-10,1730.0,ASK
34,1712300502.305501,10979181.60140166,1604.0,-2.928449673687753e-09,1730.0,ASK
35,1712300505.08565,10979185.45326501,1607.0,9.85316283270726e-11,1730.0,BID
36,1712300517.2756429,10979311.87106862,1604.0,-3.233799050243502e-09,1730.0,ASK
37,1712300518.4779534,10979315.33827358,1607.0,8.869197048751307e-11,1730.0,BID
38,1712300520.2456448,10979315.33827358,1607.0,0.0,1730.0,BID
39,1712300522.315688,10983708.28969641,1604.0,-1.1237161099449405e-07,1730.0,ASK
40,1712300522.3172145,10986007.03771002,1604.0,-5.88019289758684e-08,1730.0,ASK
41,1712300522.4384654,10986027.03771002,1604.0,-5.115996066356501e-10,1730.0,ASK
42,1712300522.4403136,10987277.10693366,1604.0,-3.197674615409026e-08,1730.0,ASK
43,1712300526.2457051,10987280.23174709,1606.0,7.993266608017814e-11,1730.0,BID
44,1712300532.1200943,10987287.25441789,1607.0,1.7963978093716367e-10,1730.0,BID
45,1712300549.0493832,10988830.95736417,1607.0,3.9487891003936577e-08,1730.0,BID
46,1712300550.2356532,10988830.95736417,1607.0,0.0,1730.0,BID
47,1712300554.725808,10988846.01760513,1604.0,-3.8509027139994205e-10,1730.0,ASK
48,1712300556.515874,10988851.28701506,1607.0,1.3473878044933651e-10,1730.0,BID
49,1712300563.095787,10989051.28701506,1607.0,5.113998805585773e-09,1730.0,BID
50,1712300580.3258424,10989051.28701506,1607.0,0.0,1730.0,BID
51,1712300582.5258603,10989055.23844274,1606.0,1.0103706753826991e-10,1730.0,BID
52,1712300586.0186565,10989726.04155174,1604.0,-1.7152276221711273e-08,1730.0,ASK
53,1712300587.5471563,10989883.71215679,1604.0,-4.0315999337912114e-09,1730.0,ASK
54,1712300587.5487237,10990040.18690075,1604.0,-4.001022049713379e-09,1730.0,ASK
55,1712300587.6261053,10990050.18690075,1604.0,-2.5569762560054395e-10,1730.0,ASK
56,1712300587.6276617,10990822.86293173,1604.0,-1.975714264801465e-08,1730.0,ASK
57,1712300587.6292326,10992893.80894118,1604.0,-5.295359773632e-08,1730.0,ASK
58,1712300587.6657867,10995745.36747978,1604.0,-7.291367475811821e-08,1730.0,ASK
59,1712300587.7508085,10995823.83657159,1604.0,-2.006436045844496e-09,1730.0,ASK
60,1712300587.805849,10995829.78367799,1605.0,1.5206609858028515e-10,1730.0,BID
61,1712300590.899578,10995924.79649639,1604.0,-2.429455206644881e-09,1730.0,ASK
62,1712300591.036052,10996001.79300319,1604.0,-1.9687823968519886e-09,1730.0,ASK
63,1712300591.0373027,10996443.66496817,1604.0,-1.1298561226481145e-08,1730.0,ASK
64,1712300591.057763,10996521.75283652,1604.0,-1.99668825252074e-09,1730.0,ASK
65,1712300591.7158306,10996527.69762531,1605.0,1.5200683781403328e-10,1730.0,BID
66,1712300591.9960504,10996779.40187602,1604.0,-6.4360179260132764e-09,1730.0,ASK
67,1712300592.005742,10996835.79762531,1604.0,-1.442025918777583e-09,1730.0,ASK
68,1712300594.325933,10996925.80857997,1604.0,-2.301558738445502e-09,1730.0,ASK
69,1712300594.3279223,10996985.82502751,1604.0,-1.534606313305288e-09,1730.0,ASK
70,1712300594.3527515,10997097.80643352,1604.0,-2.863337962786696e-09,1730.0,ASK
71,1712300596.3158908,10997813.9709545,1604.0,-1.83121567554139e-08,1730.0,ASK
72,1712300597.3059404,10998655.68754242,1603.0,-2.1522493295966948e-08,1730.0,ASK
73,1712300606.5559766,10998660.96677766,1603.0,-1.349887915873131e-10,1730.0,ASK
74,1712300606.565811,11000655.68754242,1603.0,-5.1004536328521474e-08,1730.0,ASK
75,1712300610.3458023,11000655.68754242,1603.0,-0.0,1730.0,ASK
76,1712300611.305976,11000718.68754242,1604.0,1.610128829990368e-09,1730.0,BID
77,1712300611.3458393,11000724.92195638,1604.0,1.5933666121615498e-10,1730.0,BID
78,1712300612.2259402,11001033.73347302,1603.0,-7.892481364654839e-09,1730.0,ASK
79,1712300612.265741,11001204.13347302,1603.0,-4.355015121126326e-09,1730.0,ASK
80,1712300612.8273225,11001267.13347302,1604.0,1.610128829990368e-09,1730.0,BID
81,1712300613.525888,11001521.53347302,1603.0,-6.501853561113483e-09,1730.0,ASK
82,1712300614.2361002,11002157.34162077,1603.0,-1.6249730619576692e-08,1730.0,ASK
83,1712300615.4161267,11002807.64568932,1603.0,-1.6620211571954607e-08,1730.0,ASK
84,1712300615.4758391,11003451.38084527,1603.0,-1.645232592813373e-08,1730.0,ASK
85,1712300616.2059991,11003455.80598563,1603.0,-1.1309596938073256e-10,1730.0,ASK
86,1712300616.2078698,11004727.95937906,1603.0,-3.2513188173535645e-08,1730.0,ASK
87,1712300617.5062337,11004790.95937906,1603.0,1.610128829990368e-09,1730.0,BID
88,1712300619.575934,11004948.06937905,1602.0,-4.015354610537008e-09,1730.0,ASK
89,1712300622.509081,11005011.06937905,1603.0,1.610128829990368e-09,1730.0,BID
90,1712300624.3159869,11005103.31830174,1602.0,-2.3576611104274407e-09,1730.0,ASK
91,1712300625.0159929,11005166.31830174,1603.0,1.610128829990368e-09,1730.0,BID
92,1712300626.866435,11005200.73976795,1603.0,8.79730081216511e-10,1730.0,BID
93,1712300626.8678648,11005353.46739718,1603.0,3.90335172949808e-09,1730.0,BID
94,1712300628.325928,11006751.93019721,1602.0,-3.574135352375903e-08,1730.0,ASK
95,1712300629.1560037,11006814.93019721,1603.0,1.610128829990368e-09,1730.0,BID
96,1712300631.0759623,11006937.72992354,1602.0,-3.138466344149952e-09,1730.0,ASK
97,1712300631.206012,11007020.31317356,1602.0,-2.110629710016199e-09,1730.0,ASK
98,1712300632.9260094,11007083.31317356,1603.0,1.610128829990368e-09,1730.0,BID
99,1712300640.2560265,11007083.31317356,1603.0,0.0,1730.0,BID
100,1712300642.286305,11007465.80992816,1602.0,-9.773126087288904e-09,1730.0,ASK
101,1712300643.016213,11007504.98637281,1603.0,1.000992370808059e-09,1730.0,BID
102,1712300643.018077,11007528.80992816,1603.0,6.08712642620118e-10,1730.0,BID
103,1712300644.916034,11007618.02047089,1602.0,-2.279407267963813e-09,1730.0,ASK
104,1712300645.6261842,11007681.02047089,1603.0,1.609705013428177e-09,1730.0,BID
105,1712300648.496001,11009947.19801299,1603.0,5.7902815092686974e-08,1730.0,BID
106,1712300651.4859865,11009978.05212401,1602.0,-7.88349479253874e-10,1730.0,ASK
107,1712300651.4878645,11010807.9068962,1602.0,-2.1203514082713475e-08,1730.0,ASK
108,1712300652.127767,11010848.55238607,1603.0,1.0385277589905167e-09,1730.0,BID
109,1712300652.1359384,11010870.9068962,1603.0,5.711772544376609e-10,1730.0,BID
110,1712300658.4160812,11011605.11905711,1602.0,-1.8759761846603744e-08,1730.0,ASK
111,1712300658.4176369,11011731.61577941,1602.0,-3.232101715363604e-09,1730.0,ASK
112,1712300658.9759665,11011865.77495543,1602.0,-3.4278840989953904e-09,1730.0,ASK
113,1712300659.1160324,11011928.77495543,1603.0,1.609705013428177e-09,1730.0,BID
114,1712300659.6606307,11012527.89107876,1602.0,-1.5307940116709667e-08,1730.0,ASK
115,1712300660.2660468,11012658.50287189,1602.0,-3.337245368448108e-09,1730.0,ASK
116,1712300660.2863452,11013304.80718939,1602.0,-1.6513639683821248e-08,1730.0,ASK
117,1712300660.3060231,11014165.5160726,1602.0,-2.199186356196737e-08,1730.0,ASK
118,1712300660.846064,11014228.5160726,1603.0,1.609705013428177e-09,1730.0,BID
119,1712300663.2971098,11014392.42188188,1602.0,-4.18793655444861e-09,1730.0,ASK
120,1712300664.1361969,11014398.76895607,1603.0,1.621732880078185e-10,1730.0,BID
121,1712300664.1388335,11014455.42188188,1603.0,1.4475317254203591e-09,1730.0,BID
122,1712300666.00657,11014954.79766216,1602.0,-1.2759487255546341e-08,1730.0,ASK
123,1712300666.6061351,11015095.79766216,1602.0,-3.6026731252916354e-09,1730.0,ASK
124,1712300666.7261813,11015158.79766216,1603.0,1.609705013428177e-09,1730.0,BID
125,1712300667.5060554,11015299.79766215,1602.0,-3.602673125053674e-09,1730.0,ASK
126,1712300668.1162364,11015358.5658218,1603.0,1.5015777971266823e-09,1730.0,BID
127,1712300668.1186414,11015362.79766215,1603.0,1.081272163014952e-10,1730.0,BID
128,1712300668.1962538,11015567.62771338,1602.0,-5.233586672477948e-09,1730.0,ASK
129,1712300668.1987443,11016226.84743872,1602.0,-1.6843639632198723e-08,1730.0,ASK
130,1712300669.49633,11016249.1500744,1603.0,5.69851816955259e-10,1730.0,BID
131,1712300669.4983797,11016293.75534576,1603.0,1.1397036338629262e-09,1730.0,BID
132,1712300669.5003495,11016310.01724533,1603.0,4.15505734376184e-10,1730.0,BID
133,1712300670.2559586,11016310.01724533,1603.0,0.0,1730.0,BID
134,1712300672.3661292,11016474.18092563,1602.0,-4.192941521630464e-09,1730.0,ASK
135,1712300673.1061022,11016537.18092563,1603.0,1.6090971850765195e-09,1730.0,BID
136,1712300673.5560768,11016675.19773914,1602.0,-3.52511850969572e-09,1730.0,ASK
137,1712300674.4163382,11016738.19773914,1603.0,1.6090971850765195e-09,1730.0,BID
138,1712300678.5761192,11016819.39611933,1602.0,-2.073906111078041e-09,1730.0,ASK
139,1712300680.596275,11016882.39611933,1603.0,1.6090971850765195e-09,1730.0,BID
140,1712300684.2761898,11017040.64827264,1602.0,-4.041953879712852e-09,1730.0,ASK
141,1712300684.9360836,11017103.64827264,1603.0,1.6090971850765195e-09,1730.0,BID
142,1712300692.387692,11017131.83822897,1603.0,7.20006021915059e-10,1730.0,BID
143,1712300700.3508396,11017131.83822897,1603.0,0.0,1730.0,BID
144,1712300706.4361782,11017214.426927,1602.0,-2.112864622711018e-09,1730.0,ASK
145,1712300706.5799892,11017992.54711218,1602.0,1.9906629486952225e-08,1730.0,BID
146,1712300706.5818748,11018621.08262443,1603.0,1.6079808492389008e-08,1730.0,BID
147,1712300706.5830624,11022309.864427,1603.0,9.43700137852476e-08,1730.0,BID
148,1712300713.026646,11022372.47208,1601.0,-1.6016900410059615e-09,1730.0,ASK
149,1712300713.2531114,11022382.74590685,1602.0,2.628350586745757e-10,1730.0,BID
150,1712300714.4297504,11023243.45479006,1601.0,-2.2019494109663244e-08,1730.0,ASK
151,1712300715.1761637,11023306.45479006,1602.0,1.611727444634361e-09,1730.0,BID
152,1712300715.7562745,11024167.16367327,1601.0,-2.2019494109710896e-08,1730.0,ASK
153,1712300716.4561582,11025027.87255648,1601.0,-2.2019494109663244e-08,1730.0,ASK
154,1712300716.5161836,11025090.87255648,1602.0,1.611727444634361e-09,1730.0,BID
155,1712300721.5563984,11025474.16152033,1601.0,-9.805672099419992e-09,1730.0,ASK
156,1712300721.5587058,11026112.97646008,1601.0,-1.634278683235077e-08,1730.0,ASK
157,1712300721.5760458,11026255.66507898,1601.0,-3.650399414579574e-09,1730.0,ASK
158,1712300721.596166,11026519.3735332,1601.0,-6.7464468737757556e-09,1730.0,ASK
159,1712300721.636304,11027380.08241641,1601.0,-2.2019494109663244e-08,1730.0,ASK
160,1712300721.638614,11027777.52735997,1601.0,-1.0167824178845553e-08,1730.0,ASK
161,1712300721.6764188,11028873.15840782,1601.0,-2.802950204784306e-08,1730.0,ASK
162,1712300721.7962298,11028919.15840782,1601.0,-1.1768168643362e-09,1730.0,ASK
163,1712300722.1361485,11029190.94249391,1601.0,-6.953045564530888e-09,1730.0,ASK
164,1712300722.1461987,11029714.41084146,1601.0,-1.3391877811790921e-08,1730.0,ASK
165,1712300722.1480358,11029870.40270913,1601.0,-3.990736099440996e-09,1730.0,ASK
166,1712300722.1760046,11029957.29574036,1601.0,-2.2229822727171126e-09,1730.0,ASK
167,1712300722.196339,11030082.7463489,1601.0,-3.209399821119456e-09,1730.0,ASK
168,1712300722.2061524,11030578.29574036,1601.0,-1.2677627847419244e-08,1730.0,ASK
169,1712300722.216185,11030684.65588757,1601.0,-2.7210090202134396e-09,1730.0,ASK
170,1712300722.2181337,11031768.29574036,1601.0,-2.7722731600657824e-08,1730.0,ASK
171,1712300722.2760754,11031995.29366307,1601.0,-5.807282252467079e-09,1730.0,ASK
172,1712300722.2862723,11032085.02661426,1601.0,-2.2956358749441038e-09,1730.0,ASK
173,1712300722.3009996,11032709.32408451,1601.0,-1.5971386768515817e-08,1730.0,ASK
174,1712300722.3065004,11033172.28084076,1601.0,-1.18438112655322e-08,1730.0,ASK
175,1712300722.3162644,11033235.28084076,1602.0,1.611727444634361e-09,1730.0,BID
176,1712300722.4562814,11033330.70378521,1601.0,-2.441202832049133e-09,1730.0,ASK
177,1712300722.466231,11034095.98972397,1600.0,-1.957829127761411e-08,1730.0,ASK
178,1712300723.6062942,11034096.28313797,1601.0,7.506403128884326e-12,1730.0,BID
179,1712300723.608709,11034158.98972397,1601.0,1.6042210415054763e-09,1730.0,BID
180,1712300723.726164,11041458.58214173,1600.0,-1.8674529260870466e-07,1730.0,ASK
181,1712300724.1462111,11042319.29102494,1600.0,-2.2019494109710896e-08,1730.0,ASK
182,1712300725.0163162,11042382.29102494,1601.0,1.611727444634361e-09,1730.0,BID
183,1712300726.0381413,11043456.17418646,1600.0,-2.747312640878479e-08,1730.0,ASK
184,1712300726.2562833,11044316.88306967,1600.0,-2.2019494109663244e-08,1730.0,ASK
185,1712300726.926155,11044396.98306966,1600.0,-2.049196322215897e-09,1730.0,ASK
186,1712300727.7664082,11044459.98306966,1601.0,1.611727444634361e-09,1730.0,BID
187,1712300728.587927,11044752.86029554,1600.0,-7.49267083902374e-09,1730.0,ASK
188,1712300729.2099438,11044815.86029554,1601.0,1.611727444634361e-09,1730.0,BID
189,1712300730.3361514,11044815.86029554,1601.0,0.0,1730.0,BID
190,1712300730.716219,11050125.86029554,1600.0,-1.356917445050234e-07,1730.0,ASK
191,1712300730.738879,11050986.56917875,1600.0,-2.1994555531802893e-08,1730.0,ASK
192,1712300731.6611097,11051049.56917875,1601.0,1.609902053449429e-09,1730.0,BID
193,1712300732.2866602,11051207.13399605,1600.0,-4.026411474964461e-09,1730.0,ASK
194,1712300732.34613,11051306.29798114,1600.0,-2.5340365590817874e-09,1730.0,ASK
195,1712300733.848093,11051369.29798114,1601.0,1.609902053449429e-09,1730.0,BID
196,1712300734.5186083,11051520.62923114,1600.0,-3.8671188909090235e-09,1730.0,ASK
197,1712300735.4363902,11051640.82948114,1600.0,-3.071597290472238e-09,1730.0,ASK
198,1712300735.616388,11051703.82948114,1601.0,1.609902053449429e-09,1730.0,BID
199,1712300736.7661464,11052564.53836435,1600.0,-2.1994555531802893e-08,1730.0,ASK
200,1712300737.1063583,11053010.74142494,1601.0,1.1402273388870284e-08,1730.0,BID
201,1712300737.109411,11058810.63455423,1601.0,1.4821047394650542e-07,1730.0,BID
202,1712300737.3262415,11058873.63455423,1601.0,1.609902053449429e-09,1730.0,BID
203,1712300738.7463665,11058928.45800469,1602.0,1.400958499593576e-09,1730.0,BID
204,1712300738.7496054,11058936.63455423,1602.0,2.0894355385585367e-10,1730.0,BID
205,1712300760.2364314,11058936.63455423,1602.0,0.0,1730.0,BID
206,1712300775.9262938,11058942.88299368,1602.0,1.5958046658290958e-10,1730.0,BID
207,1712300776.2674267,11059054.47153875,1601.0,-2.849887916934797e-09,1730.0,ASK
208,1712300777.9763246,11059063.71209059,1601.0,-2.35996777393552e-10,1730.0,ASK
209,1712300778.5563674,11059214.84624721,1601.0,-3.859853235956611e-09,1730.0,ASK
210,1712300787.83666,11059472.60537043,1601.0,-6.582975074011525e-09,1730.0,ASK
211,1712300789.226821,11059567.49261266,1601.0,-2.423349143315709e-09,1730.0,ASK
212,1712300789.846352,11061808.4658175,1601.0,5.723277828012535e-08,1730.0,BID
213,1712300790.029003,11063238.76413524,1601.0,3.652874845483944e-08,1730.0,BID
214,1712300790.2488697,11063238.76413524,1601.0,0.0,1730.0,BID
215,1712300797.662578,11063617.05754925,1601.0,-9.659631442884421e-09,1730.0,ASK
216,1712300797.8041198,11063968.4586328,1601.0,8.972942245430945e-09,1730.0,BID
217,1712300797.8163571,11065238.76413524,1601.0,3.243694581770406e-08,1730.0,BID
218,1712300798.408889,11065550.26078672,1601.0,7.953992159408143e-09,1730.0,BID
219,1712300799.7068038,11065750.26078672,1600.0,-5.106951950601943e-09,1730.0,ASK
220,1712300799.708985,11079394.60387564,1600.0,-3.484050227632403e-07,1730.0,ASK
221,1712300799.7139747,11098798.88860686,1600.0,-4.954837487906614e-07,1730.0,ASK
222,1712300804.9725366,11099794.17961807,1600.0,-2.5414516855591005e-08,1730.0,ASK
223,1712300805.8866394,11117882.07945079,1600.0,-4.618701766650082e-07,1730.0,ASK
224,1712300806.0682385,11117945.07945079,1601.0,1.6086898644396119e-09,1730.0,BID
225,1712300820.316403,11117945.07945079,1601.0,0.0,1730.0,BID
226,1712300824.5365672,11118089.99347199,1601.0,3.692092443476797e-09,1730.0,BID
227,1712300824.6166472,11119500.95522,1601.0,3.5948220639696324e-08,1730.0,BID
228,1712300825.6265976,11119563.95522,1602.0,1.605102266941509e-09,1730.0,BID
229,1712300830.3265722,11119626.95522,1602.0,1.605102266941509e-09,1730.0,BID
230,1712300831.0266595,11120141.70678055,1602.0,1.3114744392822041e-08,1730.0,BID
231,1712300831.029575,11120190.87321772,1602.0,1.252653329543662e-09,1730.0,BID
232,1712300831.871349,11121015.06106054,1602.0,2.0998504363424723e-08,1730.0,BID
233,1712300833.3765135,11121078.06106054,1604.0,1.605102266941509e-09,1730.0,BID
234,1712300849.1310282,11121578.06106054,1601.0,-1.2738906880488163e-08,1730.0,ASK
235,1712300849.1338558,11121681.97051722,1601.0,-2.647385785287023e-09,1730.0,ASK
236,1712300850.1166322,11121744.97051722,1604.0,1.605102266941509e-09,1730.0,BID
237,1712300850.3465908,11121744.97051722,1604.0,0.0,1730.0,BID
238,1712300862.586702,11122541.80078306,1600.0,-2.029834594120897e-08,1730.0,ASK
239,1712300863.5128784,11122604.80078306,1604.0,1.604853441337674e-09,1730.0,BID
240,1712300877.1902442,11123800.3195528,1600.0,-3.0454482726979855e-08,1730.0,ASK
241,1712300880.2067492,11123800.3195528,1600.0,-0.0,1730.0,ASK
242,1712300889.0767975,11129540.78585612,1600.0,-1.462196086679005e-07,1730.0,ASK
243,1712300891.006721,11133373.83941771,1600.0,-9.763450600775692e-08,1730.0,ASK
244,1712300891.0466475,11135149.86044107,1600.0,-4.523832826460815e-08,1730.0,ASK
245,1712300891.3268068,11135774.86044107,1600.0,-1.5919831349689203e-08,1730.0,ASK
246,1712300894.7968855,11135837.86044107,1603.0,1.604719000048671e-09,1730.0,BID
247,1712300901.2116196,11135951.77851324,1602.0,-2.901690394595996e-09,1730.0,ASK
248,1712300902.086948,11136014.77851324,1603.0,1.604719000048671e-09,1730.0,BID
249,1712300904.8167553,11137466.77806547,1600.0,-3.698494078610655e-08,1730.0,ASK
250,1712300906.31474,11137851.52697308,1602.0,-9.80022035382508e-09,1730.0,ASK
251,1712300910.2452428,11137851.52697308,1602.0,-0.0,1730.0,ASK
252,1712300910.649193,11137870.26526164,1601.0,-4.77023443921379e-10,1730.0,ASK
253,1712300913.0968275,11138093.6062872,1603.0,-5.6856262424950875e-09,1730.0,ASK
254,1712300913.0998392,11138446.93244816,1603.0,-8.994677479802644e-09,1730.0,ASK
255,1712300917.2368572,11138735.30198623,1602.0,-7.3410669136367854e-09,1730.0,ASK
256,1712300921.106876,11139023.38328889,1602.0,-7.333729261215036e-09,1730.0,ASK
257,1712300924.0270042,11139245.46267677,1601.0,-5.6535085413907375e-09,1730.0,ASK
258,1712300924.0298262,11139353.92977753,1600.0,-2.7612633773130037e-09,1730.0,ASK
259,1712300925.0867434,11139553.66535805,1602.0,-5.084698860520511e-09,1730.0,ASK
260,1712300940.316842,11139553.66535805,1602.0,-0.0,1730.0,ASK
261,1712300957.8177347,11139679.66535805,1601.0,-3.2073783861353404e-09,1730.0,ASK
262,1712300957.8271966,11139998.81684306,1600.0,-8.124123610533487e-09,1730.0,ASK
263,1712300957.8295176,11140005.06293924,1601.0,-1.5899677684041268e-10,1730.0,ASK
264,1712300970.3468037,11140005.06293924,1601.0,-0.0,1730.0,ASK
265,1712300972.7668092,11140067.52390113,1601.0,-1.589938534913315e-09,1730.0,ASK
266,1712300976.566983,11141044.15859731,1600.0,-2.4860154102935452e-08,1730.0,ASK
267,1712300976.626793,11141048.15859731,1602.0,1.0181966379107031e-10,1730.0,BID
268,1712300978.3269966,11141191.76331208,1600.0,-3.6554459442175925e-09,1730.0,ASK
269,1712300990.167417,11141433.97628631,1600.0,-6.165510900479055e-09,1730.0,ASK
270,1712300993.026868,11143433.97628631,1601.0,5.090983189553517e-08,1730.0,BID
271,1712301000.2668924,11143433.97628631,1601.0,0.0,1730.0,BID
272,1712301000.676799,11143483.2428926,1604.0,1.2549347970487255e-09,1730.0,BID
273,1712301000.6781926,11143496.97628631,1602.0,3.498214093938594e-10,1730.0,BID
274,1712301001.9269698,11143559.97628631,1604.0,1.6047562064425847e-09,1730.0,BID
275,1712301003.2269735,11143622.97628631,1603.0,1.6047562064425847e-09,1730.0,BID
276,1712301005.4769804,11143685.97628631,1604.0,1.6047562064425847e-09,1730.0,BID
277,1712301007.3269997,11143748.97628631,1604.0,1.6047562064425847e-09,1730.0,BID
278,1712301018.9171612,11143752.37975631,1601.0,-8.669427941835962e-11,1730.0,ASK
279,1712301018.9204304,11144937.88881314,1601.0,-3.0197666932429965e-08,1730.0,ASK
280,1712301020.3469868,11150937.88881314,1600.0,-1.5283392442310333e-07,1730.0,ASK
281,1712301020.427023,11152815.98584314,1600.0,-4.7839489923731856e-08,1730.0,ASK
282,1712301030.2487297,11152815.98584314,1600.0,-0.0,1730.0,ASK
283,1712301037.9372654,11152878.98584314,1604.0,1.604142733229761e-09,1730.0,BID
284,1712301039.8470328,11157878.98584314,1600.0,-1.273129153356954e-07,1730.0,ASK
285,1712301041.6071088,11157941.98584314,1604.0,1.604142733229761e-09,1730.0,BID
286,1712301058.1073363,11158021.97196675,1603.0,-2.0366533166454103e-09,1730.0,ASK
287,1712301059.8774123,11158084.97196675,1604.0,1.604142733229761e-09,1730.0,BID
288,1712301060.357155,11158084.97196675,1604.0,0.0,1730.0,BID
289,1712301064.0670938,11158197.63498281,1603.0,-2.8680756734354827e-09,1730.0,ASK
290,1712301065.7172892,11158260.63498281,1604.0,1.6037984224797059e-09,1730.0,BID
291,1712301067.220034,11158443.87892984,1603.0,-4.664862748844996e-09,1730.0,ASK
292,1712301068.127198,11158456.75237464,1603.0,-3.277208009690657e-10,1730.0,ASK
293,1712301068.1310632,11158572.14969276,1603.0,-2.937683123189239e-09,1730.0,ASK
294,1712301069.0072262,11158635.14969276,1604.0,1.6037984224797059e-09,1730.0,BID
295,1712301071.0773292,11158677.56660759,1603.0,-1.0798123982664263e-09,1730.0,ASK
296,1712301071.4573283,11158931.52359854,1603.0,-6.465013039095198e-09,1730.0,ASK
297,1712301071.460904,11159947.35156233,1603.0,-2.5860052156143706e-08,1730.0,ASK
298,1712301071.480239,11160026.22098397,1603.0,-2.0077881588694917e-09,1730.0,ASK
299,1712301071.4835317,11160107.45486073,1603.0,-2.0679803714014916e-09,1730.0,ASK
300,1712301071.5572994,11161242.32516403,1603.0,-2.8890527018261093e-08,1730.0,ASK
301,1712301071.561051,11163079.44002267,1603.0,-4.6767649400022754e-08,1730.0,ASK
302,1712301071.6784854,11163403.17502166,1603.0,-8.24136001081573e-09,1730.0,ASK
303,1712301071.6821449,11164347.91838158,1603.0,-2.40504430204332e-08,1730.0,ASK
304,1712301072.2371016,11164410.91838158,1604.0,1.6037984224797059e-09,1730.0,BID
305,1712301072.3972957,11164794.71087162,1603.0,-9.770250636303603e-09,1730.0,ASK
306,1712301072.5062068,11165639.05434972,1603.0,-2.1494551400133468e-08,1730.0,ASK
307,1712301072.521616,11165780.05434971,1603.0,-3.589453611931979e-09,1730.0,ASK
308,1712301072.57724,11166317.36383577,1603.0,-1.3678350890929364e-08,1730.0,ASK
309,1712301072.6472893,11166592.27707681,1603.0,-6.998498766645611e-09,1730.0,ASK
310,1712301072.6511765,11166867.19031786,1603.0,-6.998498766882699e-09,1730.0,ASK
311,1712301073.567058,11166879.66692422,1603.0,3.176184380570741e-10,1730.0,BID
312,1712301074.4071317,11167196.59583831,1601.0,-8.068096705662542e-09,1730.0,ASK
313,1712301075.297276,11167259.59583831,1602.0,1.6037984224797059e-09,1730.0,BID
314,1712301075.4612117,11167423.9558508,1601.0,-4.1841322023919304e-09,1730.0,ASK
315,1712301076.4369884,11167503.3540548,1601.0,-2.0212494336667283e-09,1730.0,ASK
316,1712301076.5170512,11167629.69866643,1601.0,-3.216369663821499e-09,1730.0,ASK
317,1712301076.558297,11167692.69866643,1602.0,1.6037984224797059e-09,1730.0,BID
318,1712301090.3425004,11167692.69866643,1602.0,0.0,1730.0,BID
319,1712301103.370221,11167755.69866643,1603.0,1.6031699214701006e-09,1730.0,BID
320,1712301120.2174554,11167755.69866643,1603.0,0.0,1730.0,BID
321,1712301129.1980634,11167840.29866643,1601.0,-2.152822647798923e-09,1730.0,ASK
322,1712301129.2376697,11168129.72861104,1601.0,-7.365145859303798e-09,1730.0,ASK
323,1712301129.2420032,11168607.3161068,1601.0,-1.2153205403755511e-08,1730.0,ASK
324,1712301129.2455657,11168701.00754964,1601.0,-2.384173286606735e-09,1730.0,ASK
325,1712301129.8703568,11168785.11052428,1601.0,-2.1401748055496903e-09,1730.0,ASK
326,1712301129.9374063,11169036.18722401,1601.0,-6.389167913757117e-09,1730.0,ASK
327,1712301129.9572968,11169099.18722401,1601.0,1.6031658015241515e-09,1730.0,BID
328,1712301133.1273334,11169184.26666082,1600.0,-2.165022912822678e-09,1730.0,ASK
329,1712301133.8371935,11169247.26666082,1601.0,1.6031658015241515e-09,1730.0,BID
330,1712301141.7672455,11169310.26666082,1603.0,1.6031658015241515e-09,1730.0,BID
331,1712301150.2673194,11169310.26666082,1603.0,0.0,1730.0,BID
332,1712301155.6395626,11169399.5992119,1601.0,-2.2731082676769164e-09,1730.0,ASK
333,1712301157.9275122,11169462.5992119,1603.0,1.6030642709084915e-09,1730.0,BID
334,1712301160.4983408,11169489.9890593,1604.0,6.96947392889553e-10,1730.0,BID
335,1712301160.5019317,11169525.5992119,1603.0,9.06116878018938e-10,1730.0,BID
336,1712301160.7772343,11170336.26666082,1601.0,-2.0627809888158683e-08,1730.0,ASK
337,1712301161.717346,11170399.26666082,1601.0,1.6030642709084915e-09,1730.0,BID
338,1712301164.157296,11170889.74761022,1601.0,1.2480515643561972e-08,1730.0,BID
339,1712301169.1271944,11171572.31267109,1601.0,1.7368185105545205e-08,1730.0,BID
340,1712301173.0069108,11171581.57991531,1600.0,-2.358093348970239e-10,1730.0,ASK
341,1712301173.8069816,11171644.57991531,1601.0,1.6030642709084915e-09,1730.0,BID
342,1712301174.8568077,11171747.55062111,1601.0,2.6201374510765483e-09,1730.0,BID
343,1712301175.2005637,11171765.68846875,1600.0,-4.6152596040068515e-10,1730.0,ASK
344,1712301175.8768945,11171828.68846875,1601.0,1.6030642709084915e-09,1730.0,BID
345,1712301177.9068146,11172714.85125066,1601.0,2.2548823712497856e-08,1730.0,BID
346,1712301178.0299854,11174037.4501232,1601.0,3.3654142814500943e-08,1730.0,BID
347,1712301178.0336356,11174664.40937084,1601.0,1.5953269352482468e-08,1730.0,BID
348,1712301178.8868616,11174727.40937084,1604.0,1.6030642709084915e-09,1730.0,BID
349,1712301180.328876,11174727.40937084,1604.0,0.0,1730.0,BID
350,1712301194.6262422,11174734.35467722,1601.0,-1.7668755357979076e-10,1730.0,ASK
351,1712301196.0763657,11174797.35467722,1604.0,1.602710559413282e-09,1730.0,BID
352,1712301209.2659893,11174860.35467722,1604.0,1.602710559413282e-09,1730.0,BID
353,1712301210.335896,11174860.35467722,1604.0,0.0,1730.0,BID
354,1712301224.115661,11174945.07784349,1601.0,-2.155332962721882e-09,1730.0,ASK
355,1712301230.4955122,11175041.21861225,1601.0,-2.4457934836306126e-09,1730.0,ASK
356,1712301230.4992535,11175049.5501396,1601.0,-2.1195165760704887e-10,1730.0,ASK
357,1712301230.5555794,11175128.23510275,1601.0,-2.0017228134574622e-09,1730.0,ASK
358,1712301233.2252955,11175315.61798845,1601.0,-4.766966674973964e-09,1730.0,ASK
359,1712301237.7654543,11175399.01499032,1601.0,-2.1215957221579113e-09,1730.0,ASK
360,1712301237.769375,11175466.55908775,1601.0,-1.7183023963631595e-09,1730.0,ASK
361,1712301237.7732313,11175541.31624708,1601.0,-1.901800614875577e-09,1730.0,ASK
362,1712301240.2350073,11175541.31624708,1601.0,-0.0,1730.0,ASK
363,1712301243.6953866,11175557.83096268,1601.0,4.2011795928733004e-10,1730.0,BID
364,1712301246.2250824,11176165.92586606,1601.0,-1.5469330265012787e-08,1730.0,ASK
365,1712301246.864849,11176268.26658627,1600.0,-2.6034462576358037e-09,1730.0,ASK
366,1712301246.985893,11177609.72979627,1600.0,-3.412549146279102e-08,1730.0,ASK
367,1712301247.8249705,11177617.64449116,1602.0,2.01341975612071e-10,1730.0,BID
368,1712301256.764678,11178326.23152099,1602.0,1.8025750133766363e-08,1730.0,BID
369,1712301263.0545278,11178405.74062168,1600.0,-2.022632537815077e-09,1730.0,ASK
370,1712301264.804603,11178468.74062168,1602.0,1.602657416267326e-09,1730.0,BID
371,1712301268.0542786,11178550.62463672,1600.0,-2.083047999656477e-09,1730.0,ASK
372,1712301268.774306,11178613.62463672,1601.0,1.602657416267326e-09,1730.0,BID
373,1712301270.2251873,11178613.62463672,1601.0,0.0,1730.0,BID
374,1712301271.0321505,11179487.7486328,1600.0,-2.2234064463533562e-08,1730.0,ASK
375,1712301271.7042732,11179550.7486328,1601.0,1.602456936871541e-09,1730.0,BID
376,1712301281.1641595,11179760.341174,1601.0,5.331159072446685e-09,1730.0,BID
377,1712301281.1689773,11179904.47626443,1601.0,3.6661948492872396e-09,1730.0,BID
378,1712301282.3152027,11180342.90551445,1601.0,1.1151809413060188e-08,1730.0,BID
379,1712301283.674046,11180405.90551445,1602.0,1.602456936871541e-09,1730.0,BID
380,1712301290.7638795,11180695.28008327,1602.0,7.360480716822536e-09,1730.0,BID
381,1712301290.824837,11181201.68557871,1602.0,1.2880841254534192e-08,1730.0,BID
382,1712301290.863826,11181563.40378973,1602.0,9.200600895933414e-09,1730.0,BID
383,1712301291.9438038,11181626.40378973,1604.0,1.602456936871541e-09,1730.0,BID
384,1712301300.2842906,11181626.40378973,1604.0,0.0,1730.0,BID
385,1712301321.9683452,11181684.84160145,1604.0,1.4869958076382574e-09,1730.0,BID
386,1712301330.2229495,11181684.84160145,1604.0,0.0,1730.0,BID
387,1712301343.7988443,11182199.84118611,1604.0,1.3104535817694224e-08,1730.0,BID
388,1712301348.2825067,11182819.4500614,1604.0,1.5766394655550797e-08,1730.0,BID
389,1712301348.372583,11183379.21035216,1604.0,1.4243504263092272e-08,1730.0,BID
390,1712301348.3825142,11183659.09049754,1604.0,7.121752131546136e-09,1730.0,BID
391,1712301348.4725387,11184008.94067926,1604.0,8.902190164278632e-09,1730.0,BID
392,1712301349.2026927,11184526.44940603,1604.0,1.3168382748125284e-08,1730.0,BID
393,1712301349.2068164,11184605.63088287,1604.0,2.014829779023416e-09,1730.0,BID
394,1712301349.210733,11185804.83827874,1604.0,3.05146969825274e-08,1730.0,BID
395,1712301356.6766624,11185836.02979464,1603.0,-7.93690615483091e-10,1730.0,ASK
396,1712301357.9973054,11185904.65112965,1603.0,1.7461193547927051e-09,1730.0,BID
397,1712301360.262425,11185904.65112965,1603.0,0.0,1730.0,BID
398,1712301361.0486133,11185967.65112965,1606.0,1.6028043827791463e-09,1730.0,BID
399,1712301362.6522622,11186030.65112965,1606.0,1.6028043827791463e-09,1730.0,BID
400,1712301379.221976,11186099.55961279,1602.0,-1.7531241077417191e-09,1730.0,ASK
401,1712301379.2251778,11186130.77059905,1602.0,-7.94049294744574e-10,1730.0,ASK
402,1712301379.6225305,11186160.7727094,1606.0,7.63293872381331e-10,1730.0,BID
403,1712301379.625841,11186601.20101273,1606.0,1.1205085950462368e-08,1730.0,BID
404,1712301384.7445898,11186725.73401397,1606.0,3.168286352153602e-09,1730.0,BID
405,1712301385.7019055,11187137.6272057,1606.0,1.0479114491154009e-08,1730.0,BID
406,1712301385.706071,11187349.17541048,1606.0,5.38206967920386e-09,1730.0,BID
407,1712301388.4717171,11187383.19418397,1606.0,8.65483162657864e-10,1730.0,BID
408,1712301390.2358952,11187383.19418397,1606.0,0.0,1730.0,BID
409,1712301391.2918608,11187446.19418397,1607.0,1.602707577169052e-09,1730.0,BID
410,1712301394.6816835,11187570.64969112,1607.0,3.166123560787203e-09,1730.0,BID
411,1712301396.1819658,11188503.59951987,1607.0,2.3734059677070322e-08,1730.0,BID
412,1712301397.8115182,11188791.77652657,1607.0,7.331166225485739e-09,1730.0,BID
413,1712301398.921687,11189213.00123013,1607.0,1.0715873398187972e-08,1730.0,BID
414,1712301398.9250257,11189378.892468,1607.0,4.220240379682164e-09,1730.0,BID
415,1712301398.9282763,11189380.47421682,1607.0,4.023937810064422e-11,1730.0,BID
416,1712301398.9302652,11189480.47421682,1607.0,-2.543980281220718e-09,1730.0,ASK
417,1712301399.0415373,11190597.63813225,1607.0,-2.84204297174338e-08,1730.0,ASK
418,1712301399.0448112,11190851.60144276,1607.0,-6.4607765409077124e-09,1730.0,ASK
419,1712301399.741493,11190914.60144276,1608.0,1.602707577169052e-09,1730.0,BID
420,1712301399.9215474,11191231.1676218,1607.0,-8.053381171812322e-09,1730.0,ASK
421,1712301401.1115324,11191294.1676218,1608.0,1.602707577169052e-09,1730.0,BID
422,1712301407.5613158,11191393.55981838,1607.0,-2.5285178820394766e-09,1730.0,ASK
423,1712301408.3017254,11191416.23315968,1608.0,5.768053317744849e-10,1730.0,BID
424,1712301408.3059778,11191456.55981838,1608.0,1.025902245394568e-09,1730.0,BID
425,1712301408.6813085,11193295.44499784,1607.0,-4.6780876359753866e-08,1730.0,ASK
426,1712301409.7013776,11193806.53211597,1608.0,1.3001955505090953e-08,1730.0,BID
427,1712301409.911513,11193869.53211597,1608.0,1.602707577169052e-09,1730.0,BID
428,1712301420.3246624,11193932.53211597,1608.0,1.602707577169052e-09,1730.0,BID
429,1712301420.3410232,11193932.53211597,1608.0,0.0,1730.0,BID
430,1712301429.620879,11195185.88823778,1608.0,3.187659701196176e-08,1730.0,BID
431,1712301429.6809344,11195269.99312222,1607.0,-2.1390389063261877e-09,1730.0,ASK
432,1712301432.7909746,11195332.99312222,1608.0,1.602278535850785e-09,1730.0,BID
433,1712301442.9606216,11195474.49928919,1607.0,-3.598925302017792e-09,1730.0,ASK
434,1712301443.3008616,11195555.09403145,1607.0,-2.049765486095858e-09,1730.0,ASK
435,1712301446.430729,11197249.23089815,1607.0,-4.3086970449313654e-08,1730.0,ASK
436,1712301446.435097,11197606.67767983,1607.0,-9.090941364996613e-09,1730.0,ASK
437,1712301446.615971,11197684.82517318,1607.0,-1.987524622654782e-09,1730.0,ASK
438,1712301446.6201882,11197691.04794853,1607.0,-1.5826379961515171e-10,1730.0,ASK
439,1712301450.3305123,11197691.04794853,1607.0,-0.0,1730.0,ASK
440,1712301460.730368,11197694.16189622,1606.0,-7.918484212471253e-11,1730.0,ASK
441,1712301460.740343,11197918.71830966,1606.0,-5.710264243072789e-09,1730.0,ASK
442,1712301460.7439556,11197921.83419751,1605.0,-7.923417864445793e-11,1730.0,ASK
443,1712301460.7472515,11197924.95202793,1604.0,-7.928357640761742e-11,1730.0,ASK
444,1712301460.7506032,11197953.19975506,1606.0,-7.1831386913095e-10,1730.0,ASK
445,1712301460.7529595,11198653.28024441,1605.0,-1.7802406639695044e-08,1730.0,ASK
446,1712301460.7548318,11199074.49576448,1604.0,-1.0711125485312756e-08,1730.0,ASK
447,1712301463.5505114,11199080.72241454,1606.0,-1.5833801690462114e-10,1730.0,ASK
448,1712301464.7905943,11199084.14042454,1607.0,8.691686862675039e-11,1730.0,BID
449,1712301464.795955,11199143.72241454,1607.0,1.5151155195938315e-09,1730.0,BID
450,1712301474.370202,11199750.02262682,1605.0,1.5417659953268438e-08,1730.0,BID
451,1712301480.2499783,11199750.02262682,1605.0,0.0,1730.0,BID
452,1712301482.41026,11199753.14240224,1603.0,-7.932636991656734e-11,1730.0,ASK
453,1712301483.4699647,11199881.67165324,1602.0,-3.2681066863098395e-09,1730.0,ASK
454,1712301484.2502184,11199944.67165324,1604.0,1.601897775275109e-09,1730.0,BID
455,1712301486.1798687,11200277.13557139,1602.0,-8.453543029252126e-09,1730.0,ASK
456,1712301486.1833878,11201565.2722752,1602.0,-3.275338603306361e-08,1730.0,ASK
457,1712301489.9600103,11203851.60422964,1604.0,5.813444557711097e-08,1730.0,BID
458,1712301489.9645576,11204085.60422964,1604.0,5.949906022450405e-09,1730.0,BID
459,1712301489.9688978,11204946.31311285,1603.0,2.188520071702012e-08,1730.0,BID
460,1712301490.0199478,11205180.88500085,1604.0,-5.964447389347912e-09,1730.0,ASK
461,1712301490.0234191,11205973.0418825,1604.0,-2.0142132482308893e-08,1730.0,ASK
462,1712301490.0268438,11206085.51900968,1604.0,-2.8599501555266996e-09,1730.0,ASK
463,1712301491.929841,11206314.80365154,1603.0,5.830008852386809e-09,1730.0,BID
464,1712301491.9345343,11206797.95223346,1603.0,1.2284994261988551e-08,1730.0,BID
465,1712301491.9496171,11206903.004973,1603.0,2.6711706310454873e-09,1730.0,BID
466,1712301491.9525948,11207175.50029411,1603.0,6.928724581885885e-09,1730.0,BID
467,1712301498.129835,11207238.50029411,1606.0,1.601897775275109e-09,1730.0,BID
468,1712301501.3897023,11207338.50029411,1603.0,2.542694881389062e-09,1730.0,BID
469,1712301508.2594676,11207401.50029411,1606.0,1.601897775275109e-09,1730.0,BID
470,1712301510.2532067,11207401.50029411,1606.0,0.0,1730.0,BID
471,1712301521.6693769,11207432.65294208,1605.0,7.918697778760912e-10,1730.0,BID
472,1712301529.2092044,11207495.65294208,1607.0,1.60139825204729e-09,1730.0,BID
473,1712301529.8392143,11207807.76280475,1605.0,-7.933526802014952e-09,1730.0,ASK
474,1712301531.6591537,11207995.65294208,1605.0,4.775983134868302e-09,1730.0,BID
475,1712301532.029168,11208075.45618086,1605.0,-2.028520112522124e-09,1730.0,ASK
476,1712301540.3389392,11208075.45618086,1605.0,-0.0,1730.0,ASK
477,1712301558.0188606,11208138.45618086,1607.0,1.6013542165098343e-09,1730.0,BID
478,1712301560.8086991,11208200.68393443,1606.0,1.581725008948256e-09,1730.0,BID
479,1712301567.788679,11208556.04351782,1605.0,-9.03264392444696e-09,1730.0,ASK
480,1712301570.349226,11208556.04351782,1605.0,-0.0,1730.0,ASK
481,1712301574.1185887,11208726.1014329,1602.0,-4.3225018879123205e-09,1730.0,ASK
482,1712301575.1434789,11208789.1014329,1604.0,1.6013228129359811e-09,1730.0,BID
483,1712301594.2282004,11209032.66341259,1603.0,-6.190815149831299e-09,1730.0,ASK
484,1712301600.259759,11209032.66341259,1603.0,-0.0,1730.0,ASK
485,1712301602.1783395,11209469.61722033,1602.0,-1.1113857664327549e-08,1730.0,ASK
486,1712301602.183199,11210492.68825118,1602.0,-2.6021665484964696e-08,1730.0,ASK
487,1712301602.9982224,11210519.72482602,1604.0,6.876714178153421e-10,1730.0,BID
488,1712301603.003029,11210555.68825118,1604.0,9.147245802302775e-10,1730.0,BID
489,1712301630.2376714,11210555.68825118,1604.0,0.0,1730.0,BID
490,1712301631.6577876,11210645.6019309,1604.0,2.2867996741734976e-09,1730.0,BID
491,1712301631.6622767,11211688.53850574,1604.0,2.6525296562038253e-08,1730.0,BID
492,1712301635.2377553,11211751.53850574,1605.0,1.602296557356141e-09,1730.0,BID
493,1712301640.4976711,11211818.53850574,1605.0,1.704029672108912e-09,1730.0,BID
494,1712301642.3877468,11211881.53850574,1607.0,1.602296557356141e-09,1730.0,BID
495,1712301648.927468,11212160.50089728,1604.0,-7.094928247571935e-09,1730.0,ASK
496,1712301648.931388,11213307.85200775,1604.0,-2.9180900545779452e-08,1730.0,ASK
497,1712301651.4773688,11213370.85200775,1607.0,1.602296557356141e-09,1730.0,BID
498,1712301657.0422034,11213383.29755846,1607.0,3.165311596345197e-10,1730.0,BID
499,1712301660.3312504,11213383.29755846,1607.0,0.0,1730.0,BID
500,1712301663.3505132,11213459.3329695,1607.0,1.9336067264065736e-09,1730.0,BID
501,1712301668.671054,11213484.25565803,1604.0,-6.33792564865059e-10,1730.0,ASK
502,1712301668.6747289,11213671.28807698,1604.0,-4.756298919061013e-09,1730.0,ASK
503,1712301668.678327,11214195.28807698,1602.0,-1.3325500721137094e-08,1730.0,ASK
504,1712301668.6815386,11214381.97133771,1603.0,-4.747419705106225e-09,1730.0,ASK
505,1712301668.6836147,11214668.2294307,1602.0,-7.279642031625014e-09,1730.0,ASK
506,1712301668.685692,11214746.08140246,1604.0,-1.9798024920516237e-09,1730.0,ASK
507,1712301668.6877918,11215266.08140246,1603.0,-1.3223779341586431e-08,1730.0,ASK
508,1712301668.6899185,11216046.78963197,1602.0,-1.9853679533081456e-08,1730.0,ASK
509,1712301678.6873825,11216109.78963197,1605.0,1.602111727922971e-09,1730.0,BID
510,1712301682.2069185,11216314.20642223,1602.0,-5.198389477141578e-09,1730.0,ASK
511,1712301682.947256,11216377.20642223,1605.0,1.602111727922971e-09,1730.0,BID
512,1712301690.3493197,11216377.20642223,1605.0,0.0,1730.0,BID
513,1712301691.0867517,11216457.97888922,1603.0,-2.053821081443737e-09,1730.0,ASK
514,1712301691.257524,11217757.82913922,1603.0,-3.3051607133975725e-08,1730.0,ASK
515,1712301691.9068875,11217820.82913922,1604.0,1.6019162587692354e-09,1730.0,BID
516,1712301691.97219,11217899.93399917,1603.0,-2.0114184333587593e-09,1730.0,ASK
517,1712301691.986738,11218043.621121,1603.0,-3.653567248200693e-09,1730.0,ASK
518,1712301692.3668408,11218184.62112099,1603.0,-3.585241150294592e-09,1730.0,ASK
519,1712301692.8070283,11218328.73852778,1603.0,-3.6645082080997555e-09,1730.0,ASK
520,1712301693.296895,11218541.73852778,1603.0,-5.416002589172177e-09,1730.0,ASK
521,1712301693.7568274,11218604.73852778,1604.0,1.6019162587692354e-09,1730.0,BID
522,1712301694.2368407,11218794.30586342,1603.0,-4.820174557014561e-09,1730.0,ASK
523,1712301695.3369482,11218857.30586342,1604.0,1.6019162587692354e-09,1730.0,BID
524,1712301695.517147,11219006.70586341,1603.0,-3.798829984853992e-09,1730.0,ASK
525,1712301695.576791,11219086.8969303,1603.0,-2.0390376802807662e-09,1730.0,ASK
526,1712301695.5819492,11219166.97013291,1603.0,-2.036040716709644e-09,1730.0,ASK
527,1712301695.5968428,11219247.65874749,1603.0,-2.0516889459447033e-09,1730.0,ASK
528,1712301695.8472755,11219326.44969946,1603.0,-2.0034366190985784e-09,1730.0,ASK
529,1712301697.30699,11219464.14969945,1603.0,-3.501331251054146e-09,1730.0,ASK
530,1712301698.226794,11219560.74969945,1603.0,-2.456271596770022e-09,1730.0,ASK
531,1712301698.8967943,11219914.97287342,1603.0,-9.006918438348535e-09,1730.0,ASK
532,1712301699.2856057,11219998.99837976,1603.0,-2.136536900909699e-09,1730.0,ASK
533,1712301699.2894917,11220340.92355523,1603.0,-8.694214251903005e-09,1730.0,ASK
534,1712301699.3229313,11220448.62480116,1602.0,-2.7385456657943554e-09,1730.0,ASK
535,1712301699.3277292,11220544.14154048,1602.0,-2.428727265100741e-09,1730.0,ASK
536,1712301699.436854,11221167.97185863,1603.0,1.5862284592958018e-08,1730.0,BID
537,1712301699.576759,11221230.97185863,1603.0,1.6019162587692354e-09,1730.0,BID
538,1712301700.396628,11221371.97185863,1602.0,-3.585241150578765e-09,1730.0,ASK
539,1712301700.8806689,11221563.67185863,1602.0,-4.874402330236014e-09,1730.0,ASK
540,1712301701.3068278,11221626.67185863,1603.0,1.6019162587692354e-09,1730.0,BID
541,1712301704.9569616,11221813.58774648,1602.0,-4.752755551924338e-09,1730.0,ASK
542,1712301711.7666483,11221904.69784833,1601.0,-2.3166786268218875e-09,1730.0,ASK
543,1712301712.046876,11221967.69784833,1602.0,1.6019162587692354e-09,1730.0,BID
544,1712301713.626702,11221968.5038735,1603.0,2.0494997213706348e-11,1730.0,BID
545,1712301713.6318974,11222030.69784833,1602.0,1.581421261555529e-09,1730.0,BID
546,1712301715.776647,11222093.69784833,1603.0,1.6019162587692354e-09,1730.0,BID
547,1712301720.0164845,11222156.69784833,1604.0,1.6019162587692354e-09,1730.0,BID
548,1712301720.2464054,11222156.69784833,1604.0,0.0,1730.0,BID
549,1712301722.3265474,11222219.69784833,1605.0,1.601539013810323e-09,1730.0,BID
550,1712301722.5265474,11222345.69784833,1602.0,-3.203078027620646e-09,1730.0,ASK
551,1712301722.6092448,11226809.89607833,1602.0,1.1348551794806877e-07,1730.0,BID
552,1712301723.7464206,11226872.89607833,1602.0,1.601539013810323e-09,1730.0,BID
553,1712301725.2764676,11227299.42950087,1602.0,1.0843014553861144e-08,1730.0,BID
554,1712301725.336405,11227621.56929476,1602.0,8.189197584365175e-09,1730.0,BID
555,1712301726.836648,11227684.56929476,1606.0,1.601539013810323e-09,1730.0,BID
556,1712301745.3361175,11227695.7984249,1606.0,2.8545857158225036e-10,1730.0,BID
557,1712301750.228919,11227695.7984249,1606.0,0.0,1730.0,BID
558,1712301753.2662892,11228211.7984249,1602.0,-1.3114408663074636e-08,1730.0,ASK
559,1712301753.2717505,11231131.01573507,1602.0,-7.419342787187426e-08,1730.0,ASK
560,1712301753.2761931,11231659.01573507,1603.0,-1.3419394911053116e-08,1730.0,ASK
561,1712301753.278572,11231846.14187276,1601.0,-4.7559082194138514e-09,1730.0,ASK
562,1712301759.7759976,11231909.14187276,1606.0,1.601177801887019e-09,1730.0,BID
563,1712301780.3764925,11231909.14187276,1606.0,0.0,1730.0,BID
564,1712301801.1354513,11231912.64187276,1605.0,8.893906357267721e-11,1730.0,BID
565,1712301809.185696,11231916.14187276,1603.0,-8.893906357267721e-11,1730.0,ASK
566,1712301809.195458,11231937.96450259,1604.0,-5.545383605033404e-10,1730.0,ASK
567,1712301810.335499,11231937.96450259,1604.0,-0.0,1730.0,ASK
568,1712301813.611464,11232186.34791192,1606.0,6.3117033944227904e-09,1730.0,BID
569,1712301813.6156042,11232237.82791919,1603.0,1.308165217269714e-09,1730.0,BID
570,1712301813.6196127,11232474.93129217,1606.0,6.025064911136518e-09,1730.0,BID
571,1712301818.305556,11232481.16182176,1605.0,1.5832480464606534e-10,1730.0,BID
572,1712301828.0452962,11232566.23174058,1602.0,-2.1617228655910674e-09,1730.0,ASK
573,1712301831.1154284,11232633.0821089,1602.0,-1.698743477976444e-09,1730.0,ASK
574,1712301831.1206648,11232641.76059702,1602.0,-2.2053019996720467e-10,1730.0,ASK
575,1712301831.1351504,11232717.18636061,1602.0,-1.91665397202877e-09,1730.0,ASK
576,1712301831.2353363,11232966.87425074,1602.0,-6.3448517271005195e-09,1730.0,ASK
577,1712301831.240396,11234765.42917506,1602.0,-4.570331509452223e-08,1730.0,ASK
578,1712301832.1752672,11237087.83476377,1602.0,-5.9014953039717975e-08,1730.0,ASK
579,1712301835.835337,11237177.57753785,1601.0,-2.280465403480264e-09,1730.0,ASK
580,1712301836.1753206,11237255.64006945,1601.0,-1.9836572297777606e-09,1730.0,ASK
581,1712301836.2754164,11237349.18991035,1602.0,-2.377207277869734e-09,1730.0,ASK
582,1712301836.2953124,11237412.18991035,1603.0,1.600901263575715e-09,1730.0,BID
583,1712301836.399742,11237488.29883248,1602.0,-1.9340138032777354e-09,1730.0,ASK
584,1712301836.403751,11237564.51178122,1602.0,-1.9366572371102e-09,1730.0,ASK
585,1712301838.4452102,11237627.51178122,1603.0,1.600901263575715e-09,1730.0,BID
586,1712301840.245191,11237627.51178122,1603.0,0.0,1730.0,BID
587,1712301841.8756213,11237690.51178122,1604.0,1.6005304786749532e-09,1730.0,BID
588,1712301849.765285,11237749.01175813,1604.0,1.4862062864647223e-09,1730.0,BID
589,1712301849.7706363,11237753.51178122,1605.0,1.1432419221023059e-10,1730.0,BID
590,1712301854.185044,11238162.05737915,1604.0,-1.0379201292343505e-08,1730.0,ASK
591,1712301854.245028,11238288.14769996,1604.0,-3.203355579689013e-09,1730.0,ASK
592,1712301855.7250266,11238351.14769996,1605.0,1.6005304786749532e-09,1730.0,BID
593,1712301855.9651873,11238440.73845353,1604.0,-2.276075106294609e-09,1730.0,ASK
594,1712301856.17791,11238865.53443045,1604.0,-1.0792046163159481e-08,1730.0,ASK
595,1712301857.4750955,11239181.50884102,1604.0,-8.027407533293815e-09,1730.0,ASK
596,1712301857.514965,11239497.38326868,1604.0,-8.024867442951062e-09,1730.0,ASK
597,1712301857.6181934,11239595.19253838,1604.0,-2.484868527811233e-09,1730.0,ASK
598,1712301857.63828,11239688.18075305,1604.0,-2.36238844026195e-09,1730.0,ASK
599,1712301857.6423898,11239794.82314043,1604.0,-2.709276052677587e-09,1730.0,ASK
600,1712301859.6496558,11239875.45625279,1604.0,-2.048504030512209e-09,1730.0,ASK
601,1712301859.6673074,11239956.9139091,1604.0,-2.0694517721742632e-09,1730.0,ASK
602,1712301860.4250233,11240068.93805717,1604.0,-2.846001005278507e-09,1730.0,ASK
603,1712301863.9668138,11240131.93805717,1605.0,1.6005304786749532e-09,1730.0,BID
604,1712301867.0150385,11242059.94646104,1605.0,4.8981527199005044e-08,1730.0,BID
605,1712301870.0525413,11242341.74303508,1607.0,7.159111198987592e-09,1730.0,BID
606,1712301870.056165,11242462.51420102,1607.0,3.068221143389489e-09,1730.0,BID
607,1712301870.2851272,11242462.51420102,1607.0,0.0,1730.0,BID
608,1712301871.5549748,11243004.61543816,1604.0,-1.3769501022101167e-08,1730.0,ASK
609,1712301872.414857,11243028.3866041,1607.0,6.03793297811896e-10,1730.0,BID
610,1712301872.424739,11243067.61543816,1607.0,9.96421763439422e-10,1730.0,BID
611,1712301900.3494046,11243067.61543816,1607.0,0.0,1730.0,BID
612,1712301911.955644,11243403.79023053,1602.0,-8.53985776530823e-09,1730.0,ASK
613,1712301911.964566,11243416.25905846,1604.0,-3.1674598884112006e-10,1730.0,ASK
614,1712301911.9687123,11243593.39009325,1602.0,-4.499664690090764e-09,1730.0,ASK
615,1712301911.97288,11244826.28299841,1604.0,-3.1319213364255265e-08,1730.0,ASK
616,1712301929.8776364,11244832.53299841,1602.0,-1.5876892689342188e-10,1730.0,ASK
617,1712301929.9744842,11244846.43134834,1604.0,3.530601766732383e-10,1730.0,BID
618,1712301930.3344407,11244846.43134834,1604.0,0.0,1730.0,BID
619,1712301932.6243973,11244867.28408806,1604.0,5.296843595157433e-10,1730.0,BID
620,1712301934.8368225,11244888.14165429,1604.0,5.29806958611335e-10,1730.0,BID
621,1712301935.0086582,11245148.42881838,1602.0,-6.6116031588506795e-09,1730.0,ASK
622,1712301935.011302,11245186.68536184,1602.0,-9.71761648204172e-10,1730.0,ASK
623,1712301945.734479,11251434.69868351,1602.0,-1.5870696028551533e-07,1730.0,ASK
624,1712301945.738028,11251857.90129845,1601.0,-1.0749849135112052e-08,1730.0,ASK
625,1712301945.741362,11252002.98437152,1601.0,-3.6852823978471804e-09,1730.0,ASK
626,1712301945.7446375,11252158.98606704,1602.0,-3.962628378109798e-09,1730.0,ASK
627,1712301945.7474236,11252221.44702893,1601.0,-1.586582628370398e-09,1730.0,ASK
628,1712301945.7500458,11252273.26972751,1602.0,-1.3163581032894347e-09,1730.0,ASK
629,1712301945.7526262,11261950.14131159,1601.0,-2.458040332366329e-07,1730.0,ASK
630,1712301946.7142794,11262140.64284416,1601.0,-4.8389652209899355e-09,1730.0,ASK
631,1712301960.233991,11262140.64284416,1601.0,-0.0,1730.0,ASK
632,1712301960.8339384,11262269.35354216,1601.0,-3.267106266713238e-09,1730.0,ASK
633,1712301960.9346795,11262293.53479935,1601.0,-6.138008582812889e-10,1730.0,ASK
634,1712301960.939191,11262399.45673849,1601.0,-2.6886516546153542e-09,1730.0,ASK
635,1712301968.8639717,11262487.38171703,1601.0,-2.231828844437656e-09,1730.0,ASK
636,1712301971.3475358,11262578.10893951,1601.0,-2.302959130273684e-09,1730.0,ASK
637,1712301971.3555036,11262609.16971315,1601.0,-7.88425902330157e-10,1730.0,ASK
638,1712301983.374241,11262640.5699014,1601.0,-7.970413757069759e-10,1730.0,ASK
639,1712301983.3800285,11262703.03086329,1601.0,-1.585467278084413e-09,1730.0,ASK
640,1712301983.385568,11263028.24339395,1600.0,-8.254977351784628e-09,1730.0,ASK
641,1712301983.3881297,11263218.55423478,1601.0,-4.830723089502513e-09,1730.0,ASK
642,1712301990.2338843,11263218.55423478,1601.0,-0.0,1730.0,ASK
643,1712302000.1583536,11263347.6697932,1601.0,3.277239440573566e-09,1730.0,BID
644,1712302000.164811,11264596.92431597,1601.0,3.1708852468738976e-08,1730.0,BID
645,1712302003.8537648,11270504.23537156,1601.0,1.4994066568052528e-07,1730.0,BID
646,1712302005.6635685,11271744.69951896,1601.0,3.1485733231875335e-08,1730.0,BID
647,1712302019.883571,11273756.52995516,1600.0,-5.106472166464477e-08,1730.0,ASK
648,1712302020.364755,11273756.52995516,1600.0,-0.0,1730.0,ASK
649,1712302031.8657012,11280071.5410868,1600.0,-1.6022039532684277e-07,1730.0,ASK
650,1712302032.6938405,11290607.27670129,1600.0,-2.67305898600075e-07,1730.0,ASK
651,1712302033.933905,11291225.27645141,1600.0,-1.56794916449315e-08,1730.0,ASK
652,1712302033.939166,11291540.90207641,1600.0,-8.007850082688494e-09,1730.0,ASK
653,1712302033.9429631,11314626.91262821,1600.0,-5.85723391459489e-07,1730.0,ASK
654,1712302041.9264145,11314764.83428651,1599.0,-3.499259487638814e-09,1730.0,ASK
655,1712302041.932413,11315265.14698193,1599.0,-1.2693611487999285e-08,1730.0,ASK
656,1712302041.9370515,11315330.85474162,1598.0,-1.667094960569661e-09,1730.0,ASK
657,1712302041.9419007,11315403.52250526,1599.0,-1.843679698276673e-09,1730.0,ASK
658,1712302041.9458964,11316125.60310164,1598.0,-1.8320163844237123e-08,1730.0,ASK
659,1712302041.9484017,11316416.27758569,1599.0,-7.3748058040399915e-09,1730.0,ASK
660,1712302041.9509687,11317276.9864689,1598.0,-2.183735145582733e-08,1730.0,ASK
661,1712302041.953534,11317339.46304799,1599.0,-1.585115527414933e-09,1730.0,ASK
662,1712302041.956096,11319147.15936269,1598.0,-4.5863706672020064e-08,1730.0,ASK
663,1712302046.7433703,11320063.82649728,1598.0,-2.3257088170603645e-08,1730.0,ASK
664,1712302050.333268,11320063.82649728,1598.0,-0.0,1730.0,ASK
665,1712302061.8632016,11320126.82649728,1600.0,1.595396785855802e-09,1730.0,BID
666,1712302063.7433057,11320987.53538049,1599.0,-2.179638390210148e-08,1730.0,ASK
667,1712302063.903226,11321126.53538049,1599.0,3.5200024322850233e-09,1730.0,BID
668,1712302063.9078414,11321126.82649728,1599.0,7.372171261153816e-12,1730.0,BID
669,1712302066.353193,11321189.82649728,1600.0,1.595396785855802e-09,1730.0,BID
670,1712302072.703346,11321634.65191052,1598.0,-1.1264651342067714e-08,1730.0,ASK
671,1712302072.709313,11327007.23013329,1598.0,-1.360538734661353e-07,1730.0,ASK
672,1712302073.4032776,11327070.23013329,1599.0,1.595396785855802e-09,1730.0,BID
673,1712302077.3331468,11327132.76922021,1599.0,-1.58372473435467e-09,1730.0,ASK
674,1712302077.4829726,11327195.76922021,1599.0,1.595396785855802e-09,1730.0,BID
675,1712302080.2230191,11327195.76922021,1599.0,0.0,1730.0,BID
676,1712302080.313423,11327258.38662784,1597.0,-1.5852505305823215e-09,1730.0,ASK
677,1712302080.3196983,11327455.57620203,1597.0,-4.9921401882354495e-09,1730.0,ASK
678,1712302080.324153,11333013.17285622,1597.0,-1.4069862324832334e-07,1730.0,ASK
679,1712302084.2832532,11333076.17285623,1597.0,-1.5949364118632851e-09,1730.0,ASK
680,1712302084.2893524,11338581.0796169,1597.0,-1.3936470214202885e-07,1730.0,ASK
681,1712302084.3631473,11340464.63057898,1597.0,4.768482559503975e-08,1730.0,BID
682,1712302106.1031818,11341090.02144827,1599.0,-1.5832677284125873e-08,1730.0,ASK
683,1712302106.1094794,11341232.74506022,1599.0,-3.6132553252811762e-09,1730.0,ASK
684,1712302110.0131094,11342093.45394343,1600.0,-2.179009424763397e-08,1730.0,ASK
685,1712302110.017607,11343209.85394343,1599.0,-2.8263285871252363e-08,1730.0,ASK
686,1712302110.0559618,11347109.006862,1599.0,9.8712713716614e-08,1730.0,BID
687,1712302110.0978022,11347170.89817817,1599.0,1.566868471745429e-09,1730.0,BID
688,1712302110.2587063,11347170.89817817,1599.0,0.0,1730.0,BID
689,1712302140.3328016,11347170.89817817,1599.0,0.0,1730.0,BID
690,1712302170.31326,11347170.89817817,1599.0,0.0,1730.0,BID
691,1712302200.4377227,11347170.89817817,1599.0,0.0,1730.0,BID
692,1712302200.69538,11347175.26226794,1604.0,1.104255970903772e-10,1730.0,BID
693,1712302207.0122795,11347192.26226794,1604.0,4.3015502644714567e-10,1730.0,BID
694,1712302209.0748868,11347193.15842293,1604.0,2.267562197674985e-11,1730.0,BID
695,1712302213.972214,11347254.60640759,1604.0,-1.5548329097979515e-09,1730.0,ASK
696,1712302213.978521,11349548.88632498,1604.0,-5.805270814951103e-08,1730.0,ASK
697,1712302214.4920902,11349621.78080542,1603.0,1.8444663036381471e-09,1730.0,BID
698,1712302214.5020833,11349719.88632498,1603.0,2.482387197683144e-09,1730.0,BID
699,1712302230.06612,11349725.17190934,1602.0,-1.3374239295998527e-10,1730.0,ASK
700,1712302230.07005,11349728.84198401,1602.0,-9.286476862257744e-11,1730.0,ASK
701,1712302230.0753956,11349739.40577543,1602.0,-2.672981163403469e-10,1730.0,ASK
702,1712302230.0819068,11350078.97413839,1602.0,8.592178714701616e-09,1730.0,BID
703,1712302230.3425777,11350078.97413839,1602.0,0.0,1730.0,BID
704,1712302238.7121377,11350079.72419023,1603.0,1.897650000159796e-11,1730.0,BID
705,1712302238.717832,11350203.74020202,1603.0,3.1376362602135526e-09,1730.0,BID
706,1712302240.5020237,11350764.72919392,1603.0,1.4193162456524676e-08,1730.0,BID
707,1712302240.9057002,11351019.72419023,1603.0,6.451437480019999e-09,1730.0,BID
708,1712302247.3433902,11351048.80715966,1603.0,-7.358064343693561e-10,1730.0,ASK
709,1712302247.442091,11351111.19019147,1603.0,1.578306379966199e-09,1730.0,BID
710,1712302247.4819243,11351144.49025387,1603.0,8.424999461152223e-10,1730.0,BID
711,1712302253.2019713,11351610.72402542,1604.0,1.1795831572277471e-08,1730.0,BID
712,1712302254.3320255,11353179.301902,1606.0,3.968541441894857e-08,1730.0,BID
713,1712302260.2319348,11353179.301902,1606.0,0.0,1730.0,BID
714,1712302280.2646253,11353366.10140386,1606.0,4.725479544879987e-09,1730.0,BID
715,1712302290.2215338,11353366.10140386,1606.0,0.0,1730.0,BID
716,1712302295.3017664,11356510.23745616,1606.0,7.953681727520524e-08,1730.0,BID
717,1712302320.3225403,11356510.23745616,1606.0,0.0,1730.0,BID
718,1712302347.1513488,11356516.27982142,1605.0,-1.52833437454881e-10,1730.0,ASK
719,1712302350.326657,11356516.27982142,1605.0,-0.0,1730.0,ASK
720,1712302355.4812956,11357171.34182887,1605.0,-1.6568901327814406e-08,1730.0,ASK
721,1712302380.2360556,11357171.34182887,1605.0,-0.0,1730.0,ASK
722,1712302382.3314655,11358021.8742466,1606.0,2.151248705479391e-08,1730.0,BID
723,1712302399.1811423,11358175.32938678,1605.0,-3.881335558549872e-09,1730.0,ASK
724,1712302399.186862,11358299.84656744,1605.0,-3.149408748245406e-09,1730.0,ASK
725,1712302409.3411863,11358306.80131182,1604.0,-1.7590610930838574e-10,1730.0,ASK
726,1712302410.2126186,11358306.80131182,1604.0,-0.0,1730.0,ASK
727,1712302415.101452,11358493.95040726,1603.0,-4.733337324250626e-09,1730.0,ASK
728,1712302415.1083405,11358519.70902725,1603.0,-6.51481841978332e-10,1730.0,ASK
729,1712302415.3710153,11358587.52495498,1603.0,-1.7151868201940903e-09,1730.0,ASK
730,1712302420.7510223,11358726.81607177,1601.0,-3.522922942744261e-09,1730.0,ASK
731,1712302420.75724,11359587.52495498,1602.0,-2.1768876160864426e-08,1730.0,ASK
732,1712302432.381233,11359639.87887394,1602.0,-1.3241248006309716e-09,1730.0,ASK
733,1712302440.3207548,11359639.87887394,1602.0,-0.0,1730.0,ASK
734,1712302440.9426365,11359935.39004704,1602.0,7.473605524910023e-09,1730.0,BID
735,1712302441.0739105,11360544.88184156,1602.0,1.5414311395221134e-08,1730.0,BID
736,1712302441.0791533,11362003.96825873,1602.0,3.69009272790077e-08,1730.0,BID
737,1712302445.9011283,11362048.31902953,1604.0,1.1216501975825467e-09,1730.0,BID
738,1712302470.3305836,11362048.31902953,1604.0,0.0,1730.0,BID
739,1712302500.2483315,11362048.31902953,1604.0,0.0,1730.0,BID
740,1712302502.6205328,11362054.55733272,1603.0,-1.5792322203097628e-10,1730.0,ASK
741,1712302506.850608,11362061.67828035,1604.0,1.802674476136976e-10,1730.0,BID
742,1712302516.9168878,11362163.98808321,1603.0,-2.589982118640313e-09,1730.0,ASK
743,1712302530.2505338,11362163.98808321,1603.0,-0.0,1730.0,ASK
744,1712302533.3603978,11362228.23473698,1603.0,-1.626402345855078e-09,1730.0,ASK
745,1712302533.3668313,11362245.9271378,1603.0,-4.4788266012856364e-10,1730.0,ASK
746,1712302553.1202826,11362569.13041515,1603.0,-8.181882442402106e-09,1730.0,ASK
747,1712302560.3203,11362569.13041515,1603.0,-0.0,1730.0,ASK
748,1712302561.292364,11363193.35014049,1602.0,-1.580184609217689e-08,1730.0,ASK
749,1712302561.297228,11366155.65319916,1602.0,-7.498939093297526e-08,1730.0,ASK
750,1712302561.300625,11366242.06112675,1602.0,-2.1873784462228347e-09,1730.0,ASK
751,1712302561.4941025,11366826.96679388,1603.0,1.4806628107455531e-08,1730.0,BID
752,1712302561.4985764,11366865.8914449,1603.0,9.853603140536771e-10,1730.0,BID
753,1712302567.4616506,11367261.35996142,1603.0,1.001111047712828e-08,1730.0,BID
754,1712302573.110086,11367449.95377023,1601.0,-4.774168805903573e-09,1730.0,ASK
755,1712302573.170157,11367894.53377123,1601.0,-1.1254345971932406e-08,1730.0,ASK
756,1712302573.1900744,11368083.38535236,1600.0,-4.7806941981269315e-09,1730.0,ASK
757,1712302573.1936736,11368109.20181239,1600.0,-6.535322603269888e-10,1730.0,ASK
758,1712302573.1980846,11368164.0411431,1600.0,-1.388233387233308e-09,1730.0,ASK
759,1712302573.202776,11368250.41706819,1600.0,-2.186568317115401e-09,1730.0,ASK
760,1712302573.2303302,11368351.0811393,1600.0,-2.548266410221927e-09,1730.0,ASK
761,1712302573.2543132,11368452.40274226,1600.0,-2.564911538008296e-09,1730.0,ASK
762,1712302576.9802802,11368579.1139717,1600.0,-3.2076386959759982e-09,1730.0,ASK
763,1712302577.3400962,11368603.48990873,1600.0,-6.170660580890717e-10,1730.0,ASK
764,1712302577.3500938,11369474.23501067,1600.0,-2.2042526898527976e-08,1730.0,ASK
765,1712302577.3552835,11370214.66672942,1600.0,-1.8743701274584133e-08,1730.0,ASK
766,1712302579.2701344,11370271.6257655,1600.0,-1.4418927905700431e-09,1730.0,ASK
767,1712302582.100383,11370347.2033421,1600.0,-1.913212904005979e-09,1730.0,ASK
768,1712302582.106217,11370447.64132434,1600.0,-2.542543070527782e-09,1730.0,ASK
769,1712302585.504317,11370533.25632264,1600.0,-2.1673057922160203e-09,1730.0,ASK
770,1712302588.5701082,11370661.96702064,1600.0,-3.258254357624938e-09,1730.0,ASK
771,1712302590.3199978,11370661.96702064,1600.0,-0.0,1730.0,ASK
772,1712302600.3210108,11370757.34113462,1600.0,-2.413561672457577e-09,1730.0,ASK
773,1712302600.381221,11370853.44343334,1600.0,-2.4319893013337235e-09,1730.0,ASK
774,1712302605.0800009,11371008.37766922,1600.0,-3.920805319854213e-09,1730.0,ASK
775,1712302605.201257,11371123.19046331,1600.0,-2.905481872973121e-09,1730.0,ASK
776,1712302605.2800417,11371209.59736792,1600.0,-2.1866351832566835e-09,1730.0,ASK
777,1712302605.380001,11371332.16107098,1600.0,-3.101628353793893e-09,1730.0,ASK
778,1712302613.643178,11371422.49850206,1600.0,-2.286102089385333e-09,1730.0,ASK
779,1712302616.1398096,11371543.65884809,1600.0,-3.0661146425676342e-09,1730.0,ASK
780,1712302616.1599317,11371663.94495439,1600.0,-3.043990908819366e-09,1730.0,ASK
781,1712302616.1856592,11371783.66083473,1600.0,-3.029560625135523e-09,1730.0,ASK
782,1712302616.324797,11371913.15697203,1600.0,-3.277062304171092e-09,1730.0,ASK
783,1712302617.3519588,11372002.92508286,1600.0,-2.2716947258132582e-09,1730.0,ASK
784,1712302619.2199228,11372105.95551202,1600.0,-2.607314338651048e-09,1730.0,ASK
785,1712302620.2499244,11372105.95551202,1600.0,-0.0,1730.0,ASK
786,1712302622.5304496,11372532.5570505,1600.0,-1.0795056266294382e-08,1730.0,ASK
787,1712302622.5374274,11374794.49738566,1600.0,-5.723789294359869e-08,1730.0,ASK
788,1712302631.1901147,11374872.84565776,1600.0,-1.9825854559791e-09,1730.0,ASK
789,1712302634.6422942,11374973.4158895,1600.0,-2.544907161402648e-09,1730.0,ASK
790,1712302634.7198684,11375073.50935997,1600.0,-2.532842824417664e-09,1730.0,ASK
791,1712302635.2200446,11375174.71803302,1600.0,-2.5610627755655553e-09,1730.0,ASK
792,1712302635.2822118,11375274.97297734,1600.0,-2.536928883976224e-09,1730.0,ASK
793,1712302635.3218398,11375350.93255856,1600.0,-1.9221401689329183e-09,1730.0,ASK
794,1712302635.3268368,11375452.14123161,1600.0,-2.5610627755655553e-09,1730.0,ASK
795,1712302635.3409991,11375552.71146335,1600.0,-2.544907161449781e-09,1730.0,ASK
796,1712302635.3998618,11375739.66222015,1600.0,-4.730746977308319e-09,1730.0,ASK
797,1712302638.583387,11375866.03788039,1600.0,-3.1979077427870718e-09,1730.0,ASK
798,1712302638.7270894,11375990.94299388,1600.0,-3.160695886990774e-09,1730.0,ASK
799,1712302642.949871,11376012.94299388,1601.0,5.56705066524237e-10,1730.0,BID
800,1712302643.1200693,11377036.52045058,1599.0,-2.590139800571565e-08,1730.0,ASK
1001,1712302643.1271284,11378973.57366261,1600.0,-4.9016697148366854e-08,1730.0,ASK
801,1712302643.1271284,11378973.57366261,1600.0,-4.901669714836685e-08,1730.0,ASK
802,1712302643.1319904,11379057.55583897,1599.0,-2.125150139872768e-09,1730.0,ASK
803,1712302650.2231667,11379057.55583897,1599.0,-0.0,1730.0,ASK
804,1712302656.1699991,11382201.69189127,1599.0,-7.953927328066576e-08,1730.0,ASK
805,1712302656.449834,11382454.32301216,1600.0,6.390975272525514e-09,1730.0,BID
806,1712302658.459807,11382682.94189127,1600.0,5.7835218324352205e-09,1730.0,BID
807,1712302670.790198,11382882.18654102,1600.0,5.040422673400159e-09,1730.0,BID
808,1712302680.3228314,11382882.18654102,1600.0,0.0,1730.0,BID
809,1712302710.3295588,11382882.18654102,1600.0,0.0,1730.0,BID
810,1712302740.2109225,11382882.18654102,1600.0,0.0,1730.0,BID
811,1712302760.8873532,11383037.23934102,1600.0,-3.921865626987896e-09,1730.0,ASK
812,1712302763.6092129,11383043.55534102,1600.0,-1.5975527883855494e-10,1730.0,ASK
813,1712302763.6126893,11383132.18654102,1600.0,-2.241814767368636e-09,1730.0,ASK
814,1712302766.2929406,11383192.23934102,1600.0,-1.518960071173763e-09,1730.0,ASK
815,1712302770.2400353,11383192.23934102,1600.0,-0.0,1730.0,ASK
816,1712302770.766641,11383227.18654102,1600.0,-8.839343931790526e-10,1730.0,ASK
817,1712302773.5992754,11383437.74632101,1600.0,-5.325778069505305e-09,1730.0,ASK
818,1712302775.3445036,11384682.24660352,1600.0,-3.1477674950314084e-08,1730.0,ASK
819,1712302782.4092238,11384758.02790249,1599.0,-1.916768625752072e-09,1730.0,ASK
820,1712302800.252535,11384758.02790249,1599.0,-0.0,1730.0,ASK
821,1712302803.2896724,11384791.55640328,1599.0,-8.484873135135671e-10,1730.0,ASK
822,1712302808.0599096,11384799.04237875,1599.0,-1.8944346052716327e-10,1730.0,ASK
823,1712302809.909411,11384879.84618039,1599.0,-2.044857329166627e-09,1730.0,ASK
824,1712302813.559186,11385164.72088722,1599.0,-7.209167394653633e-09,1730.0,ASK
825,1712302813.625198,11385314.3340468,1599.0,-3.786177873994042e-09,1730.0,ASK
826,1712302813.6591249,11385787.64150241,1599.0,-1.1977731244080448e-08,1730.0,ASK
827,1712302813.6790695,11385914.98542854,1599.0,-3.2226226413065247e-09,1730.0,ASK
828,1712302813.6991005,11385974.98542854,1599.0,-1.5183869726241183e-09,1730.0,ASK
829,1712302813.744892,11386760.26174303,1599.0,-1.987255543052005e-08,1730.0,ASK
1029,1712302813.744892,11386760.26174303,1599.0,-1.9872555430520052e-08,1730.0,ASK
830,1712302813.7791288,11387311.75103703,1599.0,-1.3956235992520446e-08,1730.0,ASK
831,1712302813.7994292,11388164.65983748,1599.0,-2.1584093524023183e-08,1730.0,ASK
832,1712302813.8793032,11388710.17363724,1599.0,-1.3805017449003046e-08,1730.0,ASK
833,1712302813.889113,11390040.78171314,1599.0,-3.3672966135250154e-08,1730.0,ASK
834,1712302813.979242,11390143.65534813,1599.0,-2.603366453262789e-09,1730.0,ASK
835,1712302813.9891894,11390916.61246767,1599.0,-1.9560800345141443e-08,1730.0,ASK
836,1712302813.994236,11390923.65945953,1599.0,-1.7833434390556828e-10,1730.0,ASK
837,1712302814.072656,11391001.19150525,1598.0,-1.962060803039431e-09,1730.0,ASK
838,1712302814.079671,11391034.70530501,1599.0,-8.481152826577051e-10,1730.0,ASK
839,1712302814.149176,11391065.93968001,1598.0,-7.90431134967607e-10,1730.0,ASK
840,1712302816.179258,11391198.21481228,1598.0,-3.347413960695077e-09,1730.0,ASK
841,1712302830.238982,11391198.21481228,1598.0,-0.0,1730.0,ASK
842,1712302836.3791206,11391243.06848439,1598.0,-1.134791467808445e-09,1730.0,ASK
843,1712302836.3859076,11391464.60272031,1598.0,-5.604784378330636e-09,1730.0,ASK
844,1712302855.8840454,11391701.59132543,1598.0,-5.995777701330444e-09,1730.0,ASK
845,1712302857.258965,11391750.58519841,1598.0,1.2395379556978058e-09,1730.0,BID
846,1712302860.3202271,11391750.58519841,1598.0,0.0,1730.0,BID
847,1712302860.6386492,11391801.48134592,1597.0,-1.287636472998609e-09,1730.0,ASK
848,1712302860.6496985,11391815.06569571,1598.0,-3.4367442543431715e-10,1730.0,ASK
849,1712302888.2281077,11391932.73627573,1597.0,-2.97698230702036e-09,1730.0,ASK
850,1712302888.2314978,11391944.45753585,1597.0,-2.96539576714479e-10,1730.0,ASK
851,1712302888.234787,11392001.40925782,1597.0,-1.440838216569856e-09,1730.0,ASK
852,1712302888.3011768,11392140.84590786,1597.0,-3.5276484576433183e-09,1730.0,ASK
853,1712302888.358921,11392196.82571599,1597.0,-1.416249485032731e-09,1730.0,ASK
854,1712302888.3655372,11392350.31899501,1597.0,-3.883271211961931e-09,1730.0,ASK
855,1712302888.6193602,11392495.60612481,1597.0,-3.6756614506404125e-09,1730.0,ASK
856,1712302888.698598,11392703.39911455,1597.0,-5.257015422781823e-09,1730.0,ASK
857,1712302888.859058,11392822.76308286,1597.0,-3.0198238310399996e-09,1730.0,ASK
858,1712302889.2691724,11392911.95508129,1597.0,-2.2564943693417075e-09,1730.0,ASK
859,1712302890.3286822,11392911.95508129,1597.0,-0.0,1730.0,ASK
860,1712302902.108935,11393175.61743472,1597.0,-6.670157757031421e-09,1730.0,ASK
861,1712302906.549265,11393178.75089336,1596.0,-7.927056398034728e-11,1730.0,ASK
862,1712302906.556558,11393267.53816101,1596.0,-2.2461495709724204e-09,1730.0,ASK
863,1712302911.1286826,11393346.62644102,1596.0,-2.000783568616679e-09,1730.0,ASK
864,1712302911.7887182,11393444.26744352,1596.0,-2.470132279969923e-09,1730.0,ASK
865,1712302911.7943091,11393674.50263562,1596.0,-5.824513938221915e-09,1730.0,ASK
866,1712302919.558859,11393768.29481116,1595.0,-2.3727642535264716e-09,1730.0,ASK
867,1712302919.5663998,11394561.6871309,1595.0,-2.007132177591632e-08,1730.0,ASK
868,1712302919.57315,11395438.48925019,1595.0,-2.218143159721428e-08,1730.0,ASK
869,1712302920.2627542,11395438.48925019,1595.0,-0.0,1730.0,ASK
870,1712302921.788981,11395751.77245821,1595.0,7.924663219181956e-09,1730.0,BID
871,1712302926.2887824,11395778.07690962,1595.0,6.653849081311008e-10,1730.0,BID
872,1712302931.550576,11395781.21429983,1594.0,-7.936193246196003e-11,1730.0,ASK
873,1712302931.5584426,11395875.31718565,1594.0,-2.380381900420036e-09,1730.0,ASK
874,1712302931.5630753,11396817.5324303,1594.0,-2.3833829272329284e-08,1730.0,ASK
875,1712302932.0187562,11397075.57913678,1594.0,6.527426913780705e-09,1730.0,BID
876,1712302932.2387283,11397099.25186405,1594.0,5.98814064374335e-10,1730.0,BID
877,1712302932.4586782,11397377.79158563,1594.0,7.045808489508421e-09,1730.0,BID
878,1712302933.1186335,11397706.81663174,1594.0,8.322861278067796e-09,1730.0,BID
879,1712302934.0897756,11398220.91826628,1594.0,1.3004470746792464e-08,1730.0,BID
880,1712302934.1686149,11398551.41217419,1594.0,8.360016908436909e-09,1730.0,BID
881,1712302934.2779255,11398881.90608209,1594.0,8.360016908201326e-09,1730.0,BID
882,1712302943.2517097,11398944.68072113,1593.0,-1.587917450933851e-09,1730.0,ASK
883,1712302943.2552075,11399113.86998274,1593.0,-4.279731196040109e-09,1730.0,ASK
884,1712302943.2585282,11399242.55862052,1593.0,-3.2552466536182527e-09,1730.0,ASK
885,1712302947.2390146,11400446.23690446,1593.0,-3.0447674118079865e-08,1730.0,ASK
886,1712302950.2330902,11400446.23690446,1593.0,-0.0,1730.0,ASK
887,1712302950.868817,11405362.83326349,1593.0,-1.243427829332941e-07,1730.0,ASK
888,1712302950.8754735,11405449.37704252,1593.0,-2.1887284504131073e-09,1730.0,ASK
889,1712302950.8811371,11412528.3363066,1592.0,-1.790298472540159e-07,1730.0,ASK
890,1712302950.8843312,11412873.89657024,1593.0,-8.739363924628009e-09,1730.0,ASK
891,1712302950.8875232,11412930.40096624,1592.0,-1.429019861231453e-09,1730.0,ASK
892,1712302950.8909988,11413079.07089718,1593.0,-3.759924875200451e-09,1730.0,ASK
893,1712302950.8943312,11413181.04760571,1592.0,-2.579033706854046e-09,1730.0,ASK
894,1712302950.8976796,11414437.22500544,1593.0,-3.176925302266452e-08,1730.0,ASK
895,1712302950.9009426,11417447.6898412,1592.0,-7.61359176686374e-08,1730.0,ASK
896,1712302951.0885255,11417740.04924333,1594.0,7.3938918354993e-09,1730.0,BID
897,1712302951.1085105,11417967.6898412,1594.0,5.757126145983452e-09,1730.0,BID
898,1712302960.8486495,11418024.80620146,1594.0,1.4444966938815211e-09,1730.0,BID
899,1712302969.5122926,11418212.89397575,1594.0,4.756818657272807e-09,1730.0,BID
900,1712302969.650746,11418217.33968263,1594.0,1.1243379060692404e-10,1730.0,BID
901,1712302974.708892,11418220.83968263,1592.0,-8.851646718305699e-11,1730.0,ASK
902,1712302974.71733,11420220.83968263,1592.0,-5.05808383903183e-08,1730.0,ASK
903,1712302975.228458,11420231.42419502,1592.0,2.676867553244208e-10,1730.0,BID
1103,1712302975.228458,11420231.42419502,1592.0,2.6768675532442076e-10,1730.0,BID
904,1712302980.319002,11420231.42419502,1592.0,0.0,1730.0,BID
905,1712302983.1785672,11422890.04071502,1592.0,6.718399353904142e-08,1730.0,BID
906,1712302983.206124,11422890.04071591,1592.0,2.2499255049744306e-17,1730.0,BID
907,1712302985.2485173,11424105.29440086,1591.0,-3.0709805308025214e-08,1730.0,ASK
908,1712302985.2562494,11424176.94807778,1591.0,-1.8107087393019243e-09,1730.0,ASK
909,1712302988.3986416,11424237.18494103,1591.0,-1.522202619651713e-09,1730.0,ASK
910,1712303004.868322,11428750.34448979,1591.0,-1.1404882189048197e-07,1730.0,ASK
911,1712303010.3187947,11428750.34448979,1591.0,-0.0,1730.0,ASK
912,1712303011.0085628,11428827.00435151,1591.0,-1.9365530430686877e-09,1730.0,ASK
913,1712303011.0144527,11429427.10771149,1591.0,-1.515958888867121e-08,1730.0,ASK
914,1712303011.018945,11429430.60771149,1591.0,-8.841570410815992e-11,1730.0,ASK
915,1712303017.4784412,11429493.42983594,1591.0,1.5869892476503402e-09,1730.0,BID
1115,1712303017.4784412,11429493.42983594,1591.0,1.58698924765034e-09,1730.0,BID
916,1712303033.1083004,11429713.41726522,1591.0,5.557240987063017e-09,1730.0,BID
917,1712303034.9935186,11429933.4046945,1591.0,5.557240987063017e-09,1730.0,BID
918,1712303039.3085527,11429996.25824572,1591.0,1.5877831390936431e-09,1730.0,BID
919,1712303040.248618,11429996.25824572,1591.0,0.0,1730.0,BID
920,1712303042.418187,11430059.11179694,1591.0,1.587703635096266e-09,1730.0,BID
921,1712303046.3983176,11430121.96534816,1591.0,1.587703635096266e-09,1730.0,BID
922,1712303049.968891,11430125.46534816,1590.0,-8.841127692806561e-11,1730.0,ASK
923,1712303049.9765177,11430356.1860947,1590.0,-5.828090232959058e-09,1730.0,ASK
924,1712303049.9799404,11430937.44323285,1590.0,-1.4682767373536572e-08,1730.0,ASK
925,1712303049.9832866,11430940.59049527,1589.0,-7.950099697845339e-11,1730.0,ASK
926,1712303049.9903388,11431020.49640721,1590.0,-2.0184524882321607e-09,1730.0,ASK
927,1712303049.9937165,11431453.13698463,1589.0,-1.0928658828710149e-08,1730.0,ASK
928,1712303050.0004697,11431457.13698463,1589.0,-1.0104145934636071e-10,1730.0,ASK
929,1712303050.368445,11431507.13698463,1590.0,1.263018241829509e-09,1730.0,BID
930,1712303052.4982505,11432135.67249688,1590.0,1.587703635218599e-08,1730.0,BID
931,1712303052.598126,11432657.13698463,1590.0,1.3172383209892713e-08,1730.0,BID
932,1712303064.908111,11433389.74842995,1590.0,-1.850603239226429e-08,1730.0,ASK
933,1712303067.3881528,11434149.14329127,1591.0,1.9182591251975853e-08,1730.0,BID
934,1712303067.4882314,11435776.14704996,1591.0,4.1098708534997487e-08,1730.0,BID
935,1712303067.4949856,11437087.44324827,1591.0,3.312382037815265e-08,1730.0,BID
936,1712303067.5079212,11437439.85435698,1591.0,8.902033178478603e-09,1730.0,BID
937,1712303070.227919,11437439.85435698,1591.0,0.0,1730.0,BID
938,1712303071.9720871,11439053.595155,1591.0,4.075149421594613e-08,1730.0,BID
939,1712303071.9880905,11439425.99687761,1591.0,9.404190972653749e-09,1730.0,BID
940,1712303100.2650576,11439425.99687761,1591.0,0.0,1730.0,BID
941,1712303105.4578629,11440683.06790161,1592.0,-3.1756091332755625e-08,1730.0,ASK
942,1712303110.0984042,11440687.05522284,1591.0,-1.0072759193753671e-10,1730.0,ASK
943,1712303110.106485,11442031.5989681,1591.0,-3.3965824651308665e-08,1730.0,ASK
944,1712303110.1133664,11442031.59896861,1592.0,-1.2892819870929305e-17,1730.0,ASK
945,1712303110.1169558,11442131.59896861,1591.0,-2.5261970665538462e-09,1730.0,ASK
946,1712303110.218016,11442131.59896941,1591.0,-2.0186203374557202e-17,1730.0,ASK
947,1712303117.3703418,11442134.800476,1593.0,8.087636557399815e-11,1730.0,BID
948,1712303130.017881,11442418.308813,1591.0,-7.161979292739316e-09,1730.0,ASK
949,1712303130.047799,11443782.69306019,1591.0,-3.4467034829021094e-08,1730.0,ASK
950,1712303130.2278836,11443782.69306019,1591.0,-0.0,1730.0,ASK
951,1712303130.698333,11443793.52372403,1592.0,2.7355600291633966e-10,1730.0,BID
952,1712303136.2177536,11444251.47201703,1590.0,-1.1566650614554722e-08,1730.0,ASK
953,1712303136.227979,11444289.47201703,1590.0,-9.597867926858414e-10,1730.0,ASK
954,1712303136.232515,11444831.52372403,1590.0,-1.3690896561388476e-08,1730.0,ASK
955,1712303136.2377875,11444959.93232935,1589.0,-3.243286406629501e-09,1730.0,ASK
956,1712303136.3683329,11445033.61688567,1589.0,-1.8610911573986638e-09,1730.0,ASK
957,1712303136.3752253,11445418.84083035,1589.0,-9.729811956077361e-09,1730.0,ASK
1157,1712303136.3752253,11445418.84083035,1589.0,-9.72981195607736e-09,1730.0,ASK
958,1712303137.0405307,11445418.84083067,1589.0,-8.091885809343736e-18,1730.0,ASK
959,1712303138.1782577,11445979.65902966,1588.0,-1.4164892118119365e-08,1730.0,ASK
960,1712303138.184512,11446533.84803967,1588.0,-1.3997455064695858e-08,1730.0,ASK
961,1712303138.5021656,11446537.34803967,1588.0,-8.84014151158012e-11,1730.0,ASK
962,1712303138.5059223,11447055.31252667,1588.0,-1.3082512465851502e-08,1730.0,ASK
963,1712303142.4478424,11447537.94549905,1588.0,-1.2190125068557236e-08,1730.0,ASK
964,1712303143.1532557,11448167.66842096,1588.0,-1.5905256407908672e-08,1730.0,ASK
965,1712303143.1586237,11449267.30307246,1588.0,-2.7774074086581592e-08,1730.0,ASK
966,1712303160.0876613,11449271.08140999,1588.0,9.54315384306096e-11,1730.0,BID
967,1712303160.258331,11449271.08140999,1588.0,0.0,1730.0,BID
968,1712303161.414042,11449274.23263872,1587.0,-7.957478577011106e-11,1730.0,ASK
969,1712303161.4207168,11449643.48313299,1587.0,-9.3243085469122e-09,1730.0,ASK
970,1712303169.2277682,11449749.35313299,1587.0,-2.6734278252124742e-09,1730.0,ASK
971,1712303174.157808,11449844.30708739,1587.0,-2.3977759876282623e-09,1730.0,ASK
972,1712303174.567638,11449931.54708738,1587.0,-2.202983313960905e-09,1730.0,ASK
973,1712303190.2376237,11449931.54708738,1587.0,-0.0,1730.0,ASK
974,1712303190.3875356,11450424.37484069,1587.0,-1.244455045720571e-08,1730.0,ASK
975,1712303192.1077237,11451043.31067866,1587.0,-1.5628945840985816e-08,1730.0,ASK
976,1712303195.5617335,11451357.26440772,1588.0,7.927745538426445e-09,1730.0,BID
977,1712303195.5655923,11451667.40480288,1588.0,7.831453830384213e-09,1730.0,BID
978,1712303199.4284196,11451735.39525026,1587.0,-1.716848426992759e-09,1730.0,ASK
979,1712303199.4333315,11454012.81250283,1587.0,-5.7507787906418324e-08,1730.0,ASK
980,1712303202.1376193,11454140.6424339,1587.0,-3.2278742754907436e-09,1730.0,ASK
981,1712303204.487594,11454146.577152,1587.0,-1.4985945566831276e-10,1730.0,ASK
982,1712303208.0778575,11454375.91065785,1587.0,-5.790973348995296e-09,1730.0,ASK
983,1712303208.0859714,11454461.63701338,1587.0,-2.1647034886856342e-09,1730.0,ASK
984,1712303216.7378812,11454650.6729302,1587.0,-4.773406102429828e-09,1730.0,ASK
985,1712303216.7456088,11454903.13097963,1587.0,-6.374898559098156e-09,1730.0,ASK
986,1712303220.3275988,11454903.13097963,1587.0,-0.0,1730.0,ASK
1187,1712303221.128543,11454961.63701338,1587.0,1.477060180999602e-09,1730.0,BID
987,1712303221.128543,11454961.63701338,1587.0,1.4770601809996021e-09,1730.0,BID
988,1712303222.5607753,11454964.79022901,1586.0,-7.960699009320572e-11,1730.0,ASK
989,1712303222.5659404,11455096.14680083,1586.0,-3.3162658500425623e-09,1730.0,ASK
990,1712303222.5695505,11455190.72435442,1586.0,-2.387732161465617e-09,1730.0,ASK
991,1712303224.4679227,11455369.05717361,1586.0,-4.502241722882783e-09,1730.0,ASK
992,1712303224.6477883,11455496.88710468,1586.0,-3.227231261837667e-09,1730.0,ASK
993,1712303226.20788,11455596.8187832,1586.0,-2.522903941676314e-09,1730.0,ASK
994,1712303228.0982358,11455639.31323674,1586.0,-1.0728272148017296e-09,1730.0,ASK
995,1712303228.1057787,11455688.53408021,1586.0,-1.24264359253428e-09,1730.0,ASK
996,1712303232.6979318,11455694.83925045,1587.0,-1.5918214411024778e-10,1730.0,ASK
997,1712303234.3678844,11455781.7787016,1587.0,-2.194898427069581e-09,1730.0,ASK
998,1712303237.0179212,11456307.0238776,1588.0,1.3260491012675584e-08,1730.0,BID
999,1712303237.03783,11456307.02387774,1588.0,3.5268656985946875e-18,1730.0,BID
1000,1712303246.008103,11456548.2399642,1586.0,-6.089810802214992e-09,1730.0,ASK
1201,1712303246.0880363,11456669.03202718,1586.0,-3.049551216699846e-09,1730.0,ASK
1202,1712303246.090528,11456769.90702505,1586.0,-2.5467192537732e-09,1730.0,ASK
1203,1712303246.2478592,11456910.46962248,1586.0,-3.548683824425604e-09,1730.0,ASK
1204,1712303246.5879595,11457015.67768189,1586.0,-2.656112973536568e-09,1730.0,ASK
1205,1712303246.6682277,11457456.86190905,1586.0,-1.1138264084120432e-08,1730.0,ASK
1206,1712303250.3417833,11457456.86190905,1586.0,-0.0,1730.0,ASK
1207,1712303257.5783834,11457700.57999916,1586.0,-6.152347824597564e-09,1730.0,ASK
1208,1712303257.580798,11458656.86190905,1586.0,-2.4140099429519818e-08,1730.0,ASK
1209,1712303260.2281542,11458663.17105731,1585.0,-1.5926628405677216e-10,1730.0,ASK
1210,1712303260.230255,11458769.94084981,1586.0,-2.6952652563883883e-09,1730.0,ASK
1211,1712303260.2323406,11462315.39849441,1585.0,-8.950049057559093e-08,1730.0,ASK
1212,1712303260.9082222,11462441.34307879,1588.0,3.1793080660818243e-09,1730.0,BID
1213,1712303261.1482117,11462630.25995536,1588.0,4.7689620990757165e-09,1730.0,BID
1214,1712303261.308174,11462756.20453974,1588.0,3.1793080660818243e-09,1730.0,BID
1215,1712303267.778272,11462819.17683193,1588.0,1.589654033040912e-09,1730.0,BID
1216,1712303268.4211934,11463098.99637148,1585.0,-7.063682202045268e-09,1730.0,ASK
1217,1712303272.418284,11465916.28120754,1586.0,7.1118710246796e-08,1730.0,BID
1218,1712303272.9583583,11465922.58637777,1586.0,1.5916586386474648e-10,1730.0,BID
1219,1712303273.5199492,11467563.07311114,1585.0,-4.141196486806316e-08,1730.0,ASK
1220,1712303278.418325,11467566.85621328,1586.0,9.5499518403484e-11,1730.0,BID
1221,1712303278.9890556,11467650.74963408,1585.0,-2.1177808537601802e-09,1730.0,ASK
1222,1712303280.2117028,11467650.74963408,1585.0,-0.0,1730.0,ASK
1223,1712303301.178476,11467853.57991429,1585.0,-5.118099719729433e-09,1730.0,ASK
1224,1712303310.251455,11467853.57991429,1585.0,-0.0,1730.0,ASK
1225,1712303310.9045002,11467973.78559254,1585.0,-3.033174616422845e-09,1730.0,ASK
1226,1712303311.625285,11468064.8458777,1585.0,-2.297742914780404e-09,1730.0,ASK
1227,1712303311.7985897,11468155.90616286,1585.0,-2.297742914780404e-09,1730.0,ASK
1228,1712303311.8786445,11468232.25030296,1585.0,-1.9264073980162995e-09,1730.0,ASK
1229,1712303311.918609,11468309.11895209,1585.0,-1.9396424423426473e-09,1730.0,ASK
1230,1712303324.0508282,11469144.55594862,1585.0,-2.10807536583518e-08,1730.0,ASK
1231,1712303326.0426538,11469589.08118892,1585.0,-1.1216796867510793e-08,1730.0,ASK
1232,1712303326.2249627,11470029.11614906,1585.0,-1.1103492704159913e-08,1730.0,ASK
1233,1712303327.50603,11471882.31339833,1585.0,-4.6762107560961734e-08,1730.0,ASK
1234,1712303327.678704,11471996.43251714,1585.0,-2.87959120954125e-09,1730.0,ASK
1235,1712303327.7186642,11472112.20227366,1585.0,-2.921242090574814e-09,1730.0,ASK
1236,1712303328.109866,11472333.41971361,1585.0,-5.582025186712653e-09,1730.0,ASK
1237,1712303328.1121354,11472553.58544065,1585.0,-5.555487098382463e-09,1730.0,ASK
1238,1712303328.168749,11472795.46578874,1585.0,-6.103416600004239e-09,1730.0,ASK
1239,1712303331.203366,11472880.10071128,1585.0,-2.135610417499485e-09,1730.0,ASK
1240,1712303331.2418208,11472999.56568121,1585.0,-3.0144841709670104e-09,1730.0,ASK
1241,1712303334.048767,11473333.18480793,1585.0,-8.418280080139405e-09,1730.0,ASK
1242,1712303340.3287854,11473333.18480793,1585.0,-0.0,1730.0,ASK
1243,1712303341.3787563,11473493.77727336,1586.0,4.05137485044045e-09,1730.0,BID
1244,1712303342.5187888,11475606.38887487,1586.0,5.329628316097494e-08,1730.0,BID
1245,1712303343.1339111,11475757.92220041,1585.0,-3.822833795161193e-09,1730.0,ASK
1246,1712303343.1689496,11476309.85829934,1585.0,-1.3924065641927114e-08,1730.0,ASK
1247,1712303348.028767,11476412.34482898,1585.0,-2.585497069135974e-09,1730.0,ASK
1248,1712303348.50907,11476650.27482898,1585.0,-6.002421194419413e-09,1730.0,ASK
1249,1712303361.2192912,11476770.45464925,1587.0,-3.0318576906112862e-09,1730.0,ASK
1250,1712303365.4605734,11477037.75450763,1586.0,-6.743354495894103e-09,1730.0,ASK
1251,1712303365.519103,11477155.92234353,1586.0,-2.981099998777309e-09,1730.0,ASK
1252,1712303365.6588948,11477327.30885732,1586.0,-4.323683616243156e-09,1730.0,ASK
1253,1712303365.6790764,11477443.23435917,1586.0,-2.9245311195563033e-09,1730.0,ASK
1254,1712303370.32891,11477443.23435917,1586.0,-0.0,1730.0,ASK
1255,1712303375.5394835,11477664.12154852,1586.0,-5.571554572918644e-09,1730.0,ASK
1256,1712303375.542857,11477913.66477285,1586.0,-6.294360921231879e-09,1730.0,ASK
1257,1712303379.579438,11480843.78719849,1586.0,-7.390802992129463e-08,1730.0,ASK
1258,1712303379.5826244,11481664.08385974,1586.0,-2.0690777168050448e-08,1730.0,ASK
1259,1712303380.2198555,11481670.38272796,1586.0,1.5887968940222784e-10,1730.0,BID
1260,1712303384.3799078,11481737.03376536,1586.0,1.6811744189876502e-09,1730.0,BID
1261,1712303387.489262,11481825.08267021,1586.0,-2.220904163317245e-09,1730.0,ASK
1262,1712303387.6626985,11481951.41171356,1586.0,-3.186464372301999e-09,1730.0,ASK
1263,1712303387.7094617,11482054.19791177,1586.0,-2.5926307195643482e-09,1730.0,ASK
1264,1712303392.0495248,11482137.68151832,1586.0,-2.105751226264743e-09,1730.0,ASK
1265,1712303398.0357957,11482141.46223665,1587.0,9.536306095412227e-11,1730.0,BID
1266,1712303400.2792509,11482141.46223665,1587.0,0.0,1730.0,BID
1267,1712303400.68476,11482367.65633501,1586.0,-5.712380901335786e-09,1730.0,ASK
1268,1712303400.6862187,11482924.31101932,1586.0,-1.4057942317529265e-08,1730.0,ASK
1269,1712303400.7083108,11483309.1451134,1586.0,-9.718728053249989e-09,1730.0,ASK
1270,1712303400.710184,11483495.22281848,1586.0,-4.699268178895356e-09,1730.0,ASK
1271,1712303400.74942,11483503.91415424,1585.0,-2.1949388053464434e-10,1730.0,ASK
1272,1712303400.7508287,11483682.85478205,1586.0,-4.51902605854226e-09,1730.0,ASK
1273,1712303400.80426,11484380.73120132,1585.0,-1.7624402925872106e-08,1730.0,ASK
1274,1712303400.8243637,11485086.20948307,1585.0,-1.7816382886245396e-08,1730.0,ASK
1275,1712303401.3394258,11485436.1232705,1585.0,-8.836839028655282e-09,1730.0,ASK
1276,1712303402.7332463,11485526.81980046,1585.0,-2.2904802968828764e-09,1730.0,ASK
1277,1712303402.8903923,11485537.93151435,1587.0,2.8061891387427045e-10,1730.0,BID
1278,1712303404.899518,11485656.07151435,1585.0,-2.983546805918689e-09,1730.0,ASK
1279,1712303410.5793805,11485755.26054103,1585.0,-2.504952630235348e-09,1730.0,ASK
1280,1712303410.6795564,11485975.63641222,1585.0,-5.565445459623438e-09,1730.0,ASK
1281,1712303410.690682,11486051.57794831,1585.0,-1.9178527800790048e-09,1730.0,ASK
1282,1712303410.7396429,11486184.5879333,1585.0,-3.3590783466920438e-09,1730.0,ASK
1283,1712303410.7495303,11486347.14171636,1585.0,-4.105187237525286e-09,1730.0,ASK
1284,1712303411.4496462,11486867.14171636,1587.0,1.3132252743307537e-08,1730.0,BID
1285,1712303411.452928,11490016.14171636,1588.0,7.95258920936066e-08,1730.0,BID
1286,1712303411.4561584,11490036.65555592,1587.0,5.180633189561089e-10,1730.0,BID
1287,1712303411.4593258,11495219.65555592,1588.0,1.3089320378569797e-07,1730.0,BID
1288,1712303411.4624505,11495731.65555592,1588.0,1.2930218085718188e-08,1730.0,BID
1289,1712303411.61454,11495814.45555592,1588.0,-2.0910587060215142e-09,1730.0,ASK
1290,1712303411.641889,11496165.41672756,1588.0,-8.863290017432517e-09,1730.0,ASK
1291,1712303411.649241,11496527.75276334,1588.0,-9.150554615152068e-09,1730.0,ASK
1292,1712303411.7121503,11496788.61696803,1588.0,-6.587951283979147e-09,1730.0,ASK
1293,1712303411.7551875,11496883.67596417,1588.0,-2.400651466968616e-09,1730.0,ASK
1294,1712303414.8994875,11496999.54684495,1588.0,-2.92624171538914e-09,1730.0,ASK
1295,1712303414.9734857,11497185.394448,1588.0,-4.6934571057289565e-09,1730.0,ASK
1296,1712303415.0107346,11497277.66637404,1588.0,-2.330265872867858e-09,1730.0,ASK
1297,1712303418.9722018,11497373.75477249,1588.0,-2.426648334872157e-09,1730.0,ASK
1298,1712303418.979262,11497470.21178573,1588.0,-2.435957455256432e-09,1730.0,ASK
1299,1712303423.8829749,11497592.25936129,1588.0,-3.082230017220856e-09,1730.0,ASK
1300,1712303426.239455,11497678.61279429,1588.0,-2.180798283475525e-09,1730.0,ASK
1301,1712303426.2427883,11497764.18672256,1588.0,-2.161112412087944e-09,1730.0,ASK
1302,1712303426.3995278,11497892.71967591,1588.0,-3.2460139023736436e-09,1730.0,ASK
1303,1712303426.461094,11498020.71163221,1588.0,-3.2323513831837407e-09,1730.0,ASK
1304,1712303426.74784,11498112.50547085,1588.0,-2.318192094775523e-09,1730.0,ASK
1305,1712303426.759406,11498205.23798161,1588.0,-2.341897632360397e-09,1730.0,ASK
1306,1712303427.2694316,11498310.83647249,1588.0,-2.666819368381829e-09,1730.0,ASK
1307,1712303428.0247014,11498499.75334906,1588.0,-4.770969558818205e-09,1730.0,ASK
1308,1712303428.0263095,11498622.76649842,1588.0,-3.1066149387467647e-09,1730.0,ASK
1309,1712303430.2395742,11498622.76649842,1588.0,-0.0,1730.0,ASK
1310,1712303439.1733232,11499063.231836,1587.0,-1.1116313728647949e-08,1730.0,ASK
1311,1712303439.17951,11499126.20412819,1587.0,-1.5892731992185803e-09,1730.0,ASK
1312,1712303439.1812708,11499459.930367,1586.0,-8.422468815526241e-09,1730.0,ASK
1313,1712303441.1196551,11499617.1630714,1590.0,3.9681852835628036e-09,1730.0,BID
1314,1712303442.8896096,11499806.31817858,1586.0,-4.77383198037201e-09,1730.0,ASK
1315,1712303442.8923094,11500472.59193977,1586.0,-1.681518958847285e-08,1730.0,ASK
1316,1712303443.0101368,11500500.69030787,1586.0,7.09137015838369e-10,1730.0,BID
1317,1712303445.0840564,11500738.33583793,1586.0,5.997616708889904e-09,1730.0,BID
1318,1712303445.2997596,11500742.91750279,1586.0,-1.1563049266455956e-10,1730.0,ASK
1319,1712303453.109647,11500980.56303285,1586.0,-5.997616708889904e-09,1730.0,ASK
1320,1712303460.329679,11500980.56303285,1586.0,-0.0,1730.0,ASK
1321,1712303470.7798016,11501036.07081131,1585.0,-1.4007541148541875e-09,1730.0,ASK
1322,1712303484.6999028,11501067.61655264,1587.0,-7.960654920534301e-10,1730.0,ASK
1323,1712303486.769953,11501076.1748869,1587.0,-2.1597192794590488e-10,1730.0,ASK
1324,1712303490.3297904,11501076.1748869,1587.0,-0.0,1730.0,ASK
1325,1712303495.539938,11502961.7848869,1587.0,-4.758370688777796e-08,1730.0,ASK
1326,1712303495.5436068,11506307.02061519,1587.0,-8.441762419872807e-08,1730.0,ASK
1327,1712303501.820022,11506332.16203568,1591.0,6.344482598727069e-10,1730.0,BID
1328,1712303511.323015,11506406.11666705,1587.0,-1.866258400289097e-09,1730.0,ASK
1329,1712303514.640102,11506409.42229024,1587.0,-8.341799464809004e-11,1730.0,ASK
1330,1712303520.251563,11506409.42229024,1587.0,-0.0,1730.0,ASK
1331,1712303535.2802105,11506425.13627778,1588.0,-3.9646061694691205e-10,1730.0,ASK
1332,1712303548.5312765,11506580.9986285,1591.0,3.932374489067772e-09,1730.0,BID
1333,1712303548.630286,11506676.1179044,1591.0,2.3998394239284087e-09,1730.0,BID
1334,1712303548.633897,11507822.24970955,1591.0,2.891666557596521e-08,1730.0,BID
1335,1712303550.2304356,11507822.24970955,1591.0,0.0,1730.0,BID
1336,1712303564.4602838,11507825.38647241,1594.0,7.913538265253123e-11,1730.0,BID
1337,1712303565.9702833,11507950.85698683,1594.0,3.165415307323028e-09,1730.0,BID
1338,1712303570.910453,11507995.20758995,1594.0,1.118892981787915e-09,1730.0,BID
1339,1712303570.9140615,11508076.32750125,1594.0,2.0465223255351122e-09,1730.0,BID
1340,1712303578.342555,11509161.59238026,1594.0,2.7379453064195785e-08,1730.0,BID
1341,1712303578.4004097,11509578.18196924,1594.0,-1.0509872123530886e-08,1730.0,ASK
1342,1712303580.3319752,11509578.18196924,1594.0,-0.0,1730.0,ASK
1343,1712303583.53037,11509891.85825531,1593.0,7.912979509000328e-09,1730.0,BID
1344,1712303586.6111665,11509895.62001079,1595.0,9.489622055949359e-11,1730.0,BID
1345,1712303587.5804114,11510196.82483006,1590.0,-7.598367070620193e-09,1730.0,ASK
1346,1712303592.2604618,11510259.56008727,1593.0,1.582595901659101e-09,1730.0,BID
1347,1712303603.1007762,11510272.13241745,1590.0,-3.171568764271341e-10,1730.0,ASK
1348,1712303610.3204012,11510272.13241745,1590.0,-0.0,1730.0,ASK
1349,1712303620.3905137,11510278.87094402,1590.0,-1.6998523428061896e-10,1730.0,ASK
1350,1712303627.542086,11510407.58164202,1590.0,-3.2468400811214314e-09,1730.0,ASK
1351,1712303632.7413542,11510537.81517804,1590.0,-3.2852550038387797e-09,1730.0,ASK
1352,1712303632.76535,11510761.6005982,1590.0,-5.645183213413312e-09,1730.0,ASK
1353,1712303632.7805386,11510904.15301419,1590.0,-3.596009539914254e-09,1730.0,ASK
1354,1712303633.0411355,11510981.31063136,1590.0,-1.946368467292787e-09,1730.0,ASK
1355,1712303633.0901215,11511057.88646156,1590.0,-1.931692381410229e-09,1730.0,ASK
1356,1712303633.0919013,11511135.28275569,1590.0,-1.952389302631751e-09,1730.0,ASK
1357,1712303633.121127,11511332.22330643,1590.0,-4.967997871769652e-09,1730.0,ASK
1358,1712303633.2444005,11511353.69633629,1589.0,-5.416759841509973e-10,1730.0,ASK
1359,1712303633.2472682,11511483.99502685,1589.0,-3.2868985841576275e-09,1730.0,ASK
1360,1712303633.248925,11511703.94546766,1589.0,-5.548442500711406e-09,1730.0,ASK
1361,1712303633.280558,11511996.821242,1589.0,-7.388047906560533e-09,1730.0,ASK
1362,1712303637.4207668,11512059.79353419,1588.0,-1.5885312212055921e-09,1730.0,ASK
1363,1712303637.4246175,11512162.05991252,1587.0,-2.5797589576461286e-09,1730.0,ASK
1364,1712303637.4284258,11512330.1899503,1588.0,-4.2412274502832625e-09,1730.0,ASK
1365,1712303640.253471,11512330.1899503,1588.0,-0.0,1730.0,ASK
1366,1712303652.1704826,11512719.28429506,1587.0,-9.814435729752705e-09,1730.0,ASK
1367,1712303652.172347,11512723.69235551,1588.0,-1.1118801021689183e-10,1730.0,ASK
1368,1712303658.5106776,11513115.56292716,1587.0,-9.884462705888252e-09,1730.0,ASK
1369,1712303670.233258,11513115.56292716,1587.0,-0.0,1730.0,ASK
1370,1712303691.1808753,11513169.55861362,1587.0,-1.361933272902361e-09,1730.0,ASK
1371,1712303691.1838937,11513519.60231295,1587.0,-8.829152703477745e-09,1730.0,ASK
1372,1712303691.1868677,11514776.77305158,1587.0,-3.170961924743255e-08,1730.0,ASK
1373,1712303700.281764,11514776.77305158,1587.0,-0.0,1730.0,ASK
1374,1712303724.9207013,11515548.55491793,1589.0,-1.9471070690239365e-08,1730.0,ASK
1375,1712303730.2423575,11515548.55491793,1589.0,-0.0,1730.0,ASK
1376,1712303739.8219085,11515568.80659196,1589.0,-5.109080610367615e-10,1730.0,ASK
1377,1712303740.8510222,11515803.43569643,1589.0,5.919209476241353e-09,1730.0,BID
1378,1712303744.9278064,11515809.73374463,1589.0,-1.5888679570187976e-10,1730.0,ASK
1379,1712303760.3208878,11515809.73374463,1589.0,-0.0,1730.0,ASK
1380,1712303790.3536613,11515809.73374463,1589.0,-0.0,1730.0,ASK
1381,1712303813.521164,11516106.08904934,1594.0,7.476356208582961e-09,1730.0,BID
1382,1712303813.5251,11516779.98826605,1594.0,1.7000912461387075e-08,1730.0,BID
1383,1712303814.281308,11516840.04832611,1590.0,-1.5151758574262971e-09,1730.0,ASK
1384,1712303820.23085,11516840.04832611,1590.0,-0.0,1730.0,ASK
1385,1712303820.9316938,11517153.72461218,1594.0,7.91299654648646e-09,1730.0,BID
1386,1712303850.2236545,11517153.72461218,1594.0,0.0,1730.0,BID
1387,1712303880.3512566,11517153.72461218,1594.0,0.0,1730.0,BID
1388,1712303910.3426783,11517153.72461218,1594.0,0.0,1730.0,BID
1389,1712303927.272404,11517156.86200239,1593.0,7.914479308107327e-11,1730.0,BID
1390,1712303928.7917817,11517451.21766253,1594.0,7.425508546736325e-09,1730.0,BID
1391,1712303928.7985055,11517720.51493448,1593.0,6.793377757792052e-09,1730.0,BID
1392,1712303928.8015358,11517796.97916803,1594.0,1.9289108266816313e-09,1730.0,BID
1393,1712303928.8045518,11517805.89695793,1594.0,2.249629753810532e-10,1730.0,BID
1394,1712303940.231292,11517805.89695793,1594.0,0.0,1730.0,BID
1395,1712303941.6479414,11517911.50063913,1591.0,-2.663921865007978e-09,1730.0,ASK
1396,1712303946.161202,11517993.88937135,1591.0,-2.0783096072156883e-09,1730.0,ASK
1397,1712303946.1812303,11518076.88504843,1591.0,-2.093620187892964e-09,1730.0,ASK
1398,1712303946.6613436,11518161.4677025,1591.0,-2.133652719478916e-09,1730.0,ASK
1399,1712303946.7019465,11518245.47436896,1591.0,-2.119123055613024e-09,1730.0,ASK
1400,1712303947.962121,11518343.96464337,1591.0,-2.484481530508831e-09,1730.0,ASK
1401,1712303947.9661891,11518443.13021154,1591.0,-2.5015162568381916e-09,1730.0,ASK
1402,1712303955.336518,11518449.40767544,1593.0,1.5835312888626607e-10,1730.0,BID
1403,1712303970.2159066,11518449.40767544,1593.0,0.0,1730.0,BID
1404,1712303974.7314506,11518460.8565141,1593.0,2.887969777026828e-10,1730.0,BID
1405,1712303974.7357483,11518500.8565141,1593.0,1.009000078581715e-09,1730.0,BID
1406,1712303981.332152,11519313.07124791,1593.0,2.0488118255968565e-08,1730.0,BID
1407,1712304000.33301,11519313.07124791,1593.0,0.0,1730.0,BID
1408,1712304005.0414498,11519501.39516504,1592.0,-4.756469436228191e-09,1730.0,ASK
1409,1712304005.7940316,11520119.93019386,1593.0,1.5622248117279277e-08,1730.0,BID
1410,1712304005.7980776,11520160.5664226,1593.0,1.0263432438747464e-09,1730.0,BID
1411,1712304007.981661,11520236.16390043,1591.0,-1.909354362578086e-09,1730.0,ASK
1412,1712304009.861426,11520368.85170685,1591.0,-3.35127638281511e-09,1730.0,ASK
1413,1712304011.876686,11520464.6583909,1591.0,-2.419775307450605e-09,1730.0,ASK
1414,1712304012.451543,11520529.04956214,1592.0,1.626318327646666e-09,1730.0,BID
1415,1712304015.8925653,11520625.5348071,1591.0,-2.4369136204263103e-09,1730.0,ASK
1416,1712304015.8944294,11520689.8664048,1591.0,-1.624813687509909e-09,1730.0,ASK
1417,1712304016.2114546,11520787.23158393,1591.0,-2.4591379881338195e-09,1730.0,ASK
1418,1712304018.0666373,11520922.44416725,1591.0,-3.415044301102115e-09,1730.0,ASK
1419,1712304019.8716557,11521221.91667209,1591.0,-7.563732944634358e-09,1730.0,ASK
1420,1712304019.8758545,11523138.77221744,1591.0,-4.841373817020196e-08,1730.0,ASK
1421,1712304024.4514923,11523158.27252213,1590.0,-4.925163232949071e-10,1730.0,ASK
1422,1712304024.7515645,11524723.77353213,1590.0,-3.953962842283192e-08,1730.0,ASK
1423,1712304030.2219007,11524723.77353213,1590.0,-0.0,1730.0,ASK
1424,1712304031.3912218,11524836.72353213,1590.0,-2.852141396620694e-09,1730.0,ASK
1425,1712304033.511372,11524931.25954223,1590.0,-2.3871630622703922e-09,1730.0,ASK
1426,1712304033.8986192,11525122.46458532,1590.0,-4.828187858692913e-09,1730.0,ASK
1427,1712304045.8618865,11525132.46458532,1590.0,-2.525136252004876e-10,1730.0,ASK
1428,1712304045.8666782,11526138.75389349,1590.0,-2.5410176120693173e-08,1730.0,ASK
1429,1712304045.8711734,11526142.72136276,1590.0,-1.0018400480901924e-10,1730.0,ASK
1430,1712304045.8731413,11527708.04750383,1589.0,-3.952661785028208e-08,1730.0,ASK
