,time,acc_trade_volume,trade_price,dev,high,ask_bid
0,1712300395.4552443,48687480.6057018,15.7,0.0,16.11,ASK
1,1712300400.305201,48687480.6057018,15.7,-0.0,16.11,ASK
2,1712300430.2351573,48687480.6057018,15.7,-0.0,16.11,ASK
3,1712300459.745509,48701813.08824148,15.75,6.557425611790988e-06,16.11,BID
4,1712300460.3255007,48701813.08824148,15.75,0.0,16.11,BID
5,1712300490.305295,48701813.08824148,15.75,0.0,16.11,BID
6,1712300520.2268524,48701813.08824148,15.75,0.0,16.11,BID
7,1712300550.215948,48701813.08824148,15.75,0.0,16.11,BID
8,1712300575.255844,48704653.09136571,15.74,1.299229633590422e-06,16.11,BID
9,1712300580.2959394,48704653.09136571,15.74,0.0,16.11,BID
10,1712300588.7459211,48722383.25039871,15.72,-8.110933668695286e-06,16.11,ASK
11,1712300588.8257718,48722383.25039878,15.72,-3.0675443131781937e-17,16.11,ASK
12,1712300610.315872,48722383.25039878,15.72,-0.0,16.11,ASK
13,1712300640.2258956,48722383.25039878,15.72,-0.0,16.11,ASK
14,1712300652.8060725,48728748.62277306,15.71,-2.9115661588481392e-06,16.11,ASK
15,1712300652.8076773,48920156.26608516,15.7,-8.755120424126353e-05,16.11,ASK
16,1712300661.776279,48967750.61979938,15.71,2.176999262234336e-05,16.11,BID
17,1712300661.7775946,48985222.67470711,15.72,7.991840980176804e-06,16.11,BID
18,1712300670.2480605,48985222.67470711,15.72,0.0,16.11,BID
19,1712300697.289683,48986497.37196651,15.7,-5.819568094244258e-07,16.11,ASK
20,1712300700.3093345,48986497.37196651,15.7,-0.0,16.11,ASK
21,1712300712.9863214,49097061.7374955,15.69,-5.059511244515831e-05,16.11,ASK
22,1712300713.0563166,49183746.0704335,15.69,-3.96674240497666e-05,16.11,ASK
23,1712300713.13229,49183746.07043388,15.69,-1.7388162112861541e-16,16.11,ASK
24,1712300713.1362338,49312301.71007788,15.69,-5.882805922259349e-05,16.11,ASK
25,1712300730.306152,49312301.71007788,15.69,-0.0,16.11,ASK
26,1712300752.3027165,49333756.18359388,15.67,-9.794821368634257e-06,16.11,ASK
27,1712300752.3393936,49333756.18359415,15.67,-1.2585500741594874e-16,16.11,ASK
28,1712300760.2162583,49333756.18359415,15.67,-0.0,16.11,ASK
29,1712300762.7817583,49335032.50778049,15.69,5.826033870415409e-07,16.11,BID
30,1712300764.0968168,49337806.81536835,15.66,-1.2663875014498682e-06,16.11,ASK
31,1712300770.6087606,49340646.81849258,15.66,-1.2963755267613445e-06,16.11,ASK
32,1712300790.2166054,49340646.81849258,15.66,-0.0,16.11,ASK
33,1712300792.3263805,49341091.87273636,15.66,-2.031437913730308e-07,16.11,ASK
34,1712300816.2765162,49373020.3529407,15.67,1.4573667394767197e-05,16.11,BID
35,1712300820.286505,49373020.3529407,15.67,0.0,16.11,BID
36,1712300821.1765978,49374378.09936608,15.66,-6.195961715794152e-07,16.11,ASK
37,1712300833.806804,49374847.34733248,15.66,2.141373662046533e-07,16.11,BID
38,1712300833.8083324,49378209.5169906,15.66,1.5342978699417243e-06,16.11,BID
39,1712300834.8464751,49382040.93461512,15.66,1.7484352361429777e-06,16.11,BID
40,1712300842.4969022,49382679.9122509,15.65,-2.9159207452434975e-07,16.11,ASK
41,1712300842.4984362,49408185.25371637,15.64,-1.1639148247040476e-05,16.11,ASK
42,1712300850.3166666,49408185.25371637,15.64,-0.0,16.11,ASK
43,1712300880.1903777,49408185.25371637,15.64,-0.0,16.11,ASK
44,1712300883.636914,49414055.5102878,15.64,-2.678169865587557e-06,16.11,ASK
45,1712300886.866632,49477346.6495283,15.63,-2.8875130040767143e-05,16.11,ASK
46,1712300888.4667623,49482096.20414476,15.64,2.1668753135384496e-06,16.11,BID
47,1712300900.697033,49489997.6725462,15.64,-3.6048636561524993e-06,16.11,ASK
48,1712300910.2167196,49489997.6725462,15.64,-0.0,16.11,ASK
49,1712300917.4414504,49490331.0725462,15.62,-1.520174016860095e-07,16.11,ASK
50,1712300940.29676,49490331.0725462,15.62,-0.0,16.11,ASK
51,1712300970.3168485,49490331.0725462,15.62,-0.0,16.11,ASK
52,1712300973.8796818,49498295.93093712,15.62,-3.631656275779609e-06,16.11,ASK
53,1712300987.346943,49562193.69451539,15.65,2.9134819819504417e-05,16.11,BID
54,1712301000.2541218,49562193.69451539,15.65,0.0,16.11,BID
55,1712301030.2281606,49562193.69451539,15.65,0.0,16.11,BID
56,1712301050.3871715,49562193.69451553,15.65,-6.121354450433141e-17,16.11,ASK
57,1712301050.397063,49571570.86305453,15.65,-4.280126720175362e-06,16.11,ASK
58,1712301060.346042,49571570.86305453,15.65,-0.0,16.11,ASK
59,1712301065.2274084,49573020.54368267,15.61,-6.616497475677397e-07,16.11,ASK
60,1712301065.2292595,49577923.30961953,15.62,-2.2376748240481347e-06,16.11,ASK
61,1712301090.3071675,49577923.30961953,15.62,-0.0,16.11,ASK
62,1712301120.1996477,49577923.30961953,15.62,-0.0,16.11,ASK
63,1712301121.837437,49620368.15852419,15.62,-1.9371405967526524e-05,16.11,ASK
64,1712301150.2409174,49620368.15852419,15.62,-0.0,16.11,ASK
65,1712301180.296863,49620368.15852419,15.62,-0.0,16.11,ASK
66,1712301210.3098722,49620368.15852419,15.62,-0.0,16.11,ASK
67,1712301240.2150471,49620368.15852419,15.62,-0.0,16.11,ASK
68,1712301242.1851687,49640368.15852419,15.65,-9.125039581439144e-06,16.11,ASK
69,1712301270.2043335,49640368.15852419,15.65,-0.0,16.11,ASK
70,1712301300.2636738,49640368.15852419,15.65,-0.0,16.11,ASK
71,1712301330.2027874,49640368.15852419,15.65,-0.0,16.11,ASK
72,1712301360.2421849,49640368.15852419,15.65,-0.0,16.11,ASK
73,1712301390.217099,49640368.15852419,15.65,-0.0,16.11,ASK
74,1712301420.3111336,49640368.15852419,15.65,-0.0,16.11,ASK
75,1712301450.3006663,49640368.15852419,15.65,-0.0,16.11,ASK
76,1712301466.9802575,49685480.60296863,15.75,2.0670402587633705e-05,16.11,BID
77,1712301480.2299976,49685480.60296863,15.75,0.0,16.11,BID
78,1712301510.224808,49685480.60296863,15.75,0.0,16.11,BID
79,1712301514.5520115,49701903.96789751,15.7,-7.522693242394287e-06,16.11,ASK
80,1712301514.5533533,49702570.49306686,15.7,-3.053006743179517e-07,16.11,ASK
81,1712301540.3089004,49702570.49306686,15.7,-0.0,16.11,ASK
82,1712301570.30844,49702570.49306686,15.7,-0.0,16.11,ASK
83,1712301600.238387,49702570.49306686,15.7,-0.0,16.11,ASK
84,1712301630.2174478,49702570.49306686,15.7,-0.0,16.11,ASK
85,1712301644.3576877,49720458.13717811,15.71,8.212382742394465e-06,16.11,BID
86,1712301653.5873797,49795400.399211,15.74,3.4406685171468e-05,16.11,BID
87,1712301656.4373214,49815326.399211,15.71,-9.148210770923853e-06,16.11,ASK
88,1712301660.2980378,49815326.399211,15.71,-0.0,16.11,ASK
89,1712301690.316928,49815326.399211,15.71,-0.0,16.11,ASK
90,1712301720.2197669,49815326.399211,15.71,-0.0,16.11,ASK
91,1712301750.2060804,49815326.399211,15.71,-0.0,16.11,ASK
92,1712301780.325753,49815326.399211,15.71,-0.0,16.11,ASK
93,1712301810.305676,49815326.399211,15.71,-0.0,16.11,ASK
94,1712301840.2254682,49815326.399211,15.71,-0.0,16.11,ASK
95,1712301870.256046,49815326.399211,15.71,-0.0,16.11,ASK
96,1712301900.3144965,49815326.399211,15.71,-0.0,16.11,ASK
97,1712301929.3645136,49817600.79131793,15.71,1.045554029339312e-06,16.11,BID
98,1712301930.3043385,49817600.79131793,15.71,0.0,16.11,BID
99,1712301941.7345252,49823990.98864447,15.71,2.937570351129573e-06,16.11,BID
100,1712301956.7567768,49825264.06311932,15.71,5.852316667222628e-07,16.11,BID
101,1712301960.2166958,49825264.06311932,15.71,0.0,16.11,BID
102,1712301990.2067802,49825264.06311932,15.71,0.0,16.11,BID
103,1712302020.325568,49825264.06311932,15.71,0.0,16.11,BID
104,1712302050.2952847,49825264.06311932,15.71,0.0,16.11,BID
105,1712302080.2029629,49825264.06311932,15.71,0.0,16.11,BID
106,1712302110.194252,49825264.06311932,15.71,0.0,16.11,BID
107,1712302140.3028278,49825264.06311932,15.71,0.0,16.11,BID
108,1712302170.2824285,49825264.06311932,15.71,0.0,16.11,BID
109,1712302200.402265,49825264.06311932,15.71,0.0,16.11,BID
110,1712302230.3120246,49825264.06311932,15.71,0.0,16.11,BID
111,1712302244.9019878,49827171.24684468,15.73,8.770312292578025e-07,16.11,BID
112,1712302260.2059054,49827171.24684468,15.73,0.0,16.11,BID
113,1712302290.209191,49827171.24684468,15.73,0.0,16.11,BID
114,1712302320.2813015,49827171.24684468,15.73,0.0,16.11,BID
115,1712302350.2857163,49827171.24684468,15.73,0.0,16.11,BID
116,1712302380.2017422,49827171.24684468,15.73,0.0,16.11,BID
117,1712302397.981181,49827806.97475313,15.73,2.923397100523507e-07,16.11,BID
118,1712302410.1920142,49827806.97475313,15.73,0.0,16.11,BID
119,1712302440.290847,49827806.97475313,15.73,0.0,16.11,BID
120,1712302470.307246,49827806.97475313,15.73,0.0,16.11,BID
121,1712302500.214108,49827806.97475313,15.73,0.0,16.11,BID
122,1712302530.2303195,49827806.97475313,15.73,0.0,16.11,BID
123,1712302560.2905393,49827806.97475313,15.73,0.0,16.11,BID
124,1712302576.7008152,49834188.59568484,15.67,-2.940179803487259e-06,16.11,ASK
125,1712302576.7028627,49843396.19840134,15.67,-4.2421835823939616e-06,16.11,ASK
126,1712302576.7048376,49845638.93082156,15.66,-1.0332855299802255e-06,16.11,ASK
127,1712302576.706785,49846915.2550079,15.67,-5.880359606960787e-07,16.11,ASK
128,1712302590.290348,49846915.2550079,15.67,-0.0,16.11,ASK
129,1712302593.381861,49925308.2550079,15.67,-3.611272554049504e-05,16.11,ASK
130,1712302593.4491465,49925308.25500836,15.67,2.127966511968029e-16,16.11,BID
131,1712302593.4508002,50255112.29571736,15.67,0.0001519283967225,16.11,BID
132,1712302594.0801191,50278612.29571736,15.7,1.0825571801074502e-05,16.11,BID
133,1712302612.030097,50283059.7944896,15.73,2.048796480599469e-06,16.11,BID
134,1712302620.2330978,50283059.7944896,15.73,0.0,16.11,BID
135,1712302650.2044268,50283059.7944896,15.73,0.0,16.11,BID
136,1712302680.2816873,50283059.7944896,15.73,0.0,16.11,BID
137,1712302710.299822,50283059.7944896,15.73,0.0,16.11,BID
138,1712302740.1902382,50283059.7944896,15.73,0.0,16.11,BID
139,1712302749.2493494,50285192.33295542,15.71,-9.79297173377405e-07,16.11,ASK
140,1712302749.2510574,50289734.93752837,15.71,-2.0860396608845623e-06,16.11,ASK
141,1712302770.2093089,50289734.93752837,15.71,-0.0,16.11,ASK
142,1712302800.2191422,50289734.93752837,15.71,-0.0,16.11,ASK
143,1712302819.4793437,50358865.77033193,15.73,3.176245581932755e-05,16.11,BID
144,1712302830.2190826,50358865.77033193,15.73,0.0,16.11,BID
145,1712302860.3007216,50358865.77033193,15.73,0.0,16.11,BID
146,1712302890.2988665,50358865.77033193,15.73,0.0,16.11,BID
147,1712302898.028842,50360137.22614884,15.73,5.838840728193152e-07,16.11,BID
148,1712302908.468938,50366226.13418215,15.74,2.796177715520778e-06,16.11,BID
149,1712302908.4711492,50460137.22614884,15.74,4.312630461174334e-05,16.11,BID
150,1712302920.2304242,50460137.22614884,15.74,0.0,16.11,BID
151,1712302942.359123,50466487.29126875,15.74,2.913974490406514e-06,16.11,BID
152,1712302950.216795,50466487.29126875,15.74,0.0,16.11,BID
153,1712302980.2913277,50466487.29126875,15.74,0.0,16.11,BID
154,1712302987.5485592,50476012.38894862,15.74,4.370761266453293e-06,16.11,BID
155,1712303010.2782512,50476012.38894862,15.74,0.0,16.11,BID
156,1712303039.398285,50477283.03697911,15.74,5.830194436639453e-07,16.11,BID
157,1712303040.220317,50477283.03697911,15.74,0.0,16.11,BID
158,1712303070.211853,50477283.03697911,15.74,0.0,16.11,BID
159,1712303086.9380882,50483383.33891833,15.7,-2.79901429809786e-06,16.11,ASK
160,1712303100.2440803,50483383.33891833,15.7,-0.0,16.11,ASK
161,1712303103.100117,50648937.69917911,15.7,-7.600061321921497e-05,16.11,ASK
162,1712303104.4604175,50891580.3796278,15.7,0.0001113893495659,16.11,BID
163,1712303113.777984,50939201.40817574,15.71,2.1861262766330863e-05,16.11,BID
164,1712303128.2775064,50947325.72777981,15.71,-3.729610448955102e-06,16.11,ASK
165,1712303129.2379391,50976946.37514975,15.71,-1.3597874199864955e-05,16.11,ASK
166,1712303129.240306,50986939.56589608,15.71,-4.587548304625028e-06,16.11,ASK
167,1712303129.541894,51000739.56589608,15.69,-6.335130411383077e-06,16.11,ASK
168,1712303129.544032,51003926.30904408,15.69,-1.4629299587069138e-06,16.11,ASK
169,1712303129.6201534,51003926.30904458,15.69,-2.2916136096928973e-16,16.11,ASK
170,1712303130.2009654,51003926.30904458,15.69,-0.0,16.11,ASK
171,1712303141.1779385,51004289.64604458,15.67,-1.661726831317974e-07,16.11,ASK
172,1712303141.1803763,51009491.13931725,15.66,-2.3789101946670297e-06,16.11,ASK
173,1712303160.228176,51009491.13931725,15.66,-0.0,16.11,ASK
174,1712303190.2258096,51009491.13931725,15.66,-0.0,16.11,ASK
175,1712303220.297624,51009491.13931725,15.66,-0.0,16.11,ASK
176,1712303238.6080203,51072185.7474664,15.7,2.867232356770607e-05,16.11,BID
177,1712303250.2995796,51072185.7474664,15.7,0.0,16.11,BID
178,1712303262.5581458,51082185.7474664,15.7,-4.571273865129131e-06,16.11,ASK
179,1712303272.268472,51123085.7474664,15.7,1.8696510108378147e-05,16.11,BID
180,1712303275.5908637,51145880.0149814,15.7,-1.0419883936606422e-05,16.11,ASK
181,1712303275.6683257,51145880.01498232,15.7,-4.2232719009817563e-16,16.11,ASK
182,1712303280.198677,51145880.01498232,15.7,-0.0,16.11,ASK
183,1712303310.2236283,51145880.01498232,15.7,-0.0,16.11,ASK
184,1712303326.2686796,51155418.30417199,15.69,4.357908327111045e-06,16.11,BID
185,1712303326.2698033,51310906.80759646,15.71,7.104048015000863e-05,16.11,BID
186,1712303326.2709131,51373601.41574469,15.7,2.8644272519032025e-05,16.11,BID
187,1712303326.2720003,51436296.02389384,15.71,2.8644272519450723e-05,16.11,BID
188,1712303340.3032055,51436296.02389384,15.71,0.0,16.11,BID
189,1712303343.7388382,51438419.14491294,15.7,-9.680062619172812e-07,16.11,ASK
190,1712303345.3707714,51447223.8187797,15.69,-4.014363458547389e-06,16.11,ASK
191,1712303345.3719444,51449134.64680517,15.69,-8.712143478667838e-07,16.11,ASK
192,1712303347.9591606,51503171.9874446,15.69,-2.463754239428092e-05,16.11,ASK
193,1712303359.879105,51550433.5998814,15.69,-2.154824730926921e-05,16.11,ASK
194,1712303359.8816206,51599980.66993429,15.69,-2.259026859011465e-05,16.11,ASK
195,1712303362.0891676,52213469.41081565,15.73,0.0002797113011673,16.11,BID
196,1712303362.2349954,52258680.24576565,15.73,-2.061322503255436e-05,16.11,ASK
197,1712303362.2691617,52258680.2457662,15.73,-2.51376834848755e-16,16.11,ASK
198,1712303366.9292152,52264617.31387982,15.72,2.706920170683609e-06,16.11,BID
199,1712303366.9317915,52276038.06635056,15.72,5.207126587704124e-06,16.11,BID
200,1712303370.3017397,52276038.06635056,15.72,0.0,16.11,BID
201,1712303381.0990777,52293395.88693492,15.71,-7.866693492848915e-06,16.11,ASK
202,1712303399.3492873,52348395.88693492,15.71,2.492640939591424e-05,16.11,BID
203,1712303400.2593253,52348395.88693492,15.71,0.0,16.11,BID
204,1712303430.2197978,52348395.88693492,15.71,0.0,16.11,BID
205,1712303434.8596103,52348777.80927737,15.71,1.730876587694253e-07,16.11,BID
206,1712303444.599799,52356204.7488092,15.71,3.3658978082888115e-06,16.11,BID
207,1712303444.6395795,52361679.50615841,15.72,2.481166526754318e-06,16.11,BID
208,1712303460.2996397,52361679.50615841,15.72,0.0,16.11,BID
209,1712303490.2999518,52361679.50615841,15.72,0.0,16.11,BID
210,1712303500.7200017,52415450.39707889,15.74,2.436672644078336e-05,16.11,BID
211,1712303520.2448397,52415450.39707889,15.74,0.0,16.11,BID
212,1712303529.8304117,52445470.43530257,15.71,-1.3598614494459785e-05,16.11,ASK
213,1712303542.3001213,52461229.01457782,15.71,-7.138393460653544e-06,16.11,ASK
214,1712303550.2102375,52461229.01457782,15.71,-0.0,16.11,ASK
215,1712303580.2901585,52461229.01457782,15.71,-0.0,16.11,ASK
216,1712303610.291193,52461229.01457782,15.71,-0.0,16.11,ASK
217,1712303622.542869,52479104.12082082,15.71,-8.094510529762331e-06,16.11,ASK
218,1712303622.5646574,52479104.12082172,15.71,-4.082417791116462e-16,16.11,ASK
219,1712303629.8910508,52479918.12082172,15.73,3.686093655419258e-07,16.11,BID
220,1712303640.2205944,52479918.12082172,15.73,0.0,16.11,BID
221,1712303660.740759,52508271.8898638,15.72,1.2837930398160185e-05,16.11,BID
222,1712303660.7435403,52546023.55629533,15.73,1.709308082969052e-05,16.11,BID
223,1712303670.1923757,52546023.55629533,15.73,0.0,16.11,BID
224,1712303700.2357998,52546023.55629533,15.73,0.0,16.11,BID
225,1712303730.220929,52546023.55629533,15.73,0.0,16.11,BID
226,1712303737.1909246,52560498.31679601,15.69,-6.552688652031884e-06,16.11,ASK
227,1712303760.2908676,52560498.31679601,15.69,-0.0,16.11,ASK
228,1712303790.3228805,52560498.31679601,15.69,-0.0,16.11,ASK
229,1712303806.6712332,52566848.38191592,15.69,-2.874363420004104e-06,16.11,ASK
230,1712303820.2112498,52566848.38191592,15.69,-0.0,16.11,ASK
231,1712303850.1918402,52566848.38191592,15.69,-0.0,16.11,ASK
232,1712303880.321694,52566848.38191592,15.69,-0.0,16.11,ASK
233,1712303910.302352,52566848.38191592,15.69,-0.0,16.11,ASK
234,1712303926.126546,52572600.99415383,15.69,-2.603808338192677e-06,16.11,ASK
235,1712303926.1293314,52584515.84276856,15.69,-5.393025096824497e-06,16.11,ASK
236,1712303940.2114284,52584515.84276856,15.69,-0.0,16.11,ASK
237,1712303959.4705112,52598186.25148043,15.69,-6.18686905137468e-06,16.11,ASK
238,1712303970.191241,52598186.25148043,15.69,-0.0,16.11,ASK
239,1712303988.981479,52610398.62284543,15.69,-5.5264630592132485e-06,16.11,ASK
240,1712303989.4625208,52637367.83353204,15.69,-1.220437392059642e-05,16.11,ASK
241,1712303989.4654033,52638894.15603044,15.69,-6.907065509000358e-07,16.11,ASK
242,1712304000.3113432,52638894.15603044,15.69,-0.0,16.11,ASK
243,1712304030.2058928,52638894.15603044,15.69,-0.0,16.11,ASK
244,1712304034.6316812,52702629.01900048,15.69,2.8928534433405785e-05,16.11,BID
245,1712304042.0615013,52704186.65139923,15.68,-7.069917527419163e-07,16.11,ASK
246,1712304060.3637416,52704186.65139923,15.68,-0.0,16.11,ASK
247,1712304078.4213543,52707742.4002655,15.68,-1.61316416920215e-06,16.11,ASK
248,1712304088.7424583,52885313.0380206,15.68,-8.055984860078061e-05,16.11,ASK
249,1712304088.7453344,52955501.4894575,15.68,-3.1842939197403244e-05,16.11,ASK
250,1712304088.8095863,52955501.48945806,15.68,-2.535122018753549e-16,16.11,ASK
251,1712304090.3019853,52955501.48945806,15.68,-0.0,16.11,ASK
252,1712304120.2311878,52955501.48945806,15.68,-0.0,16.11,ASK
253,1712304140.2313478,52958690.26496827,15.68,1.4440948106759351e-06,16.11,BID
254,1712304150.1924927,52958690.26496827,15.68,0.0,16.11,BID
255,1712304180.291525,52958690.26496827,15.68,0.0,16.11,BID
256,1712304210.3014712,52958690.26496827,15.68,0.0,16.11,BID
257,1712304240.2131305,52958690.26496827,15.68,0.0,16.11,BID
258,1712304246.2812948,52975163.37649243,15.68,-7.459978335191494e-06,16.11,ASK
259,1712304270.195007,52975163.37649243,15.68,-0.0,16.11,ASK
260,1712304283.7231567,52976690.54658085,15.68,-6.915101185302257e-07,16.11,ASK
261,1712304293.3614492,52987801.38540932,15.67,-5.031042405501346e-06,16.11,ASK
262,1712304293.3669517,52989327.70790772,15.67,-6.911263256077966e-07,16.11,ASK
263,1712304300.312178,52989327.70790772,15.67,-0.0,16.11,ASK
264,1712304330.3023152,52989327.70790772,15.67,-0.0,16.11,ASK
265,1712304340.721209,52989963.03192296,15.69,2.887645263569133e-07,16.11,BID
266,1712304360.1921208,52989963.03192296,15.69,0.0,16.11,BID
267,1712304390.1936305,52989963.03192296,15.69,0.0,16.11,BID
268,1712304420.3021643,52989963.03192296,15.69,0.0,16.11,BID
269,1712304450.301387,52989963.03192296,15.69,0.0,16.11,BID
270,1712304450.9953122,53008493.44835374,15.69,8.422320819107623e-06,16.11,BID
271,1712304450.9973896,53009770.17022761,15.69,5.802870787437648e-07,16.11,BID
272,1712304480.224059,53009770.17022761,15.69,0.0,16.11,BID
273,1712304482.2142262,53031961.39160003,15.67,-1.0084780888350483e-05,16.11,ASK
274,1712304486.8812568,53043946.20797221,15.67,-5.446489180214086e-06,16.11,ASK
275,1712304497.9941266,53061629.08618817,15.67,-8.035968335881066e-06,16.11,ASK
276,1712304498.124194,53070397.69431205,15.67,-3.9848861917572e-06,16.11,ASK
277,1712304510.1925588,53070397.69431205,15.67,-0.0,16.11,ASK
278,1712304513.4015577,53084275.78321289,15.67,6.304163432352898e-06,16.11,BID
279,1712304513.4042442,53140895.63800989,15.67,2.5719738553823264e-05,16.11,BID
280,1712304540.3014076,53140895.63800989,15.67,0.0,16.11,BID
281,1712304570.3012018,53140895.63800989,15.67,0.0,16.11,BID
282,1712304600.2586536,53140895.63800989,15.67,0.0,16.11,BID
283,1712304630.2116191,53140895.63800989,15.67,0.0,16.11,BID
284,1712304649.5322723,53196415.74011489,15.69,2.529451431861146e-05,16.11,BID
285,1712304660.2924364,53196415.74011489,15.69,0.0,16.11,BID
286,1712304690.291681,53196415.74011489,15.69,0.0,16.11,BID
287,1712304691.441268,53196415.74011582,15.69,4.241347869825779e-16,16.11,BID
288,1712304720.2063324,53196415.74011582,15.69,0.0,16.11,BID
289,1712304750.2162623,53196415.74011582,15.69,0.0,16.11,BID
290,1712304753.9112308,53199683.36176071,15.69,-1.488111689838556e-06,16.11,ASK
291,1712304762.6010711,53240488.71605056,15.69,-1.858321780358154e-05,16.11,ASK
292,1712304762.6036031,53279280.41383252,15.69,-1.7666175956530674e-05,16.11,ASK
293,1712304780.3010235,53279280.41383252,15.69,-0.0,16.11,ASK
294,1712304810.3012755,53279280.41383252,15.69,-0.0,16.11,ASK
295,1712304840.2009325,53279280.41383252,15.69,-0.0,16.11,ASK
296,1712304870.2108912,53279280.41383252,15.69,-0.0,16.11,ASK
297,1712304900.2377276,53279280.41383252,15.69,-0.0,16.11,ASK
298,1712304930.2135634,53279280.41383252,15.69,-0.0,16.11,ASK
299,1712304949.6608815,53285645.7862068,15.71,-2.8979255036564854e-06,16.11,ASK
300,1712304949.663542,53357524.17127302,15.71,-3.2723648044050346e-05,16.11,ASK
301,1712304960.282231,53357524.17127302,15.71,-0.0,16.11,ASK
302,1712304990.2923703,53357524.17127302,15.71,-0.0,16.11,ASK
303,1712305020.2145867,53357524.17127302,15.71,-0.0,16.11,ASK
304,1712305050.201847,53357524.17127302,15.71,-0.0,16.11,ASK
305,1712305069.3708534,53471822.10477208,15.72,-5.2006641747887846e-05,16.11,ASK
306,1712305080.330984,53471822.10477208,15.72,-0.0,16.11,ASK
307,1712305089.3207388,53477928.2423557,15.74,2.776080835168362e-06,16.11,BID
308,1712305097.863676,53484017.15038901,15.75,2.76824763066927e-06,16.11,BID
309,1712305110.2909625,53484017.15038901,15.75,0.0,16.11,BID
310,1712305111.5307095,53490106.05842232,15.76,2.7680059964439293e-06,16.11,BID
311,1712305111.5340114,53535253.77826796,15.76,2.0524067464118515e-05,16.11,BID
312,1712305140.236106,53535253.77826796,15.76,0.0,16.11,BID
313,1712305170.1974487,53535253.77826796,15.76,0.0,16.11,BID
314,1712305200.3126311,53535253.77826796,15.76,0.0,16.11,BID
315,1712305230.1859334,53535253.77826796,15.76,0.0,16.11,BID
316,1712305257.4336617,53596506.05842232,15.76,2.786732916201965e-05,16.11,BID
317,1712305257.4352422,53700064.59558196,15.76,4.7114978173747456e-05,16.11,BID
318,1712305258.0431871,53700064.59558249,15.76,2.4066977557042144e-16,16.11,BID
319,1712305258.5213826,53706153.5036158,15.77,2.7702087820033823e-06,16.11,BID
320,1712305258.5229857,53751472.51537549,15.78,2.061833151063199e-05,16.11,BID
321,1712305260.2964857,53751472.51537549,15.78,0.0,16.11,BID
322,1712305262.260433,53764005.43386922,15.77,-5.693146186889528e-06,16.11,ASK
323,1712305266.860578,53770094.3419016,15.79,2.765919491473595e-06,16.11,BID
324,1712305266.8640077,53844064.23817522,15.78,3.3601226492086525e-05,16.11,BID
325,1712305267.0002902,53879064.23817522,15.8,1.5898939791300417e-05,16.11,BID
326,1712305267.002004,53879064.23817615,15.79,4.2305832971686813e-16,16.11,BID
327,1712305267.0035512,53894245.10373822,15.8,6.895990501460578e-06,16.11,BID
328,1712305269.810765,53894245.10373869,15.8,2.1322139817730154e-16,16.11,BID
329,1712305272.5606177,53900334.01177138,15.82,2.7659194916157427e-06,16.11,BID
330,1712305272.564049,53906422.91980469,15.81,2.765919491896653e-06,16.11,BID
331,1712305277.100666,53906422.91980531,15.82,2.8091073093200044e-16,16.11,BID
332,1712305282.2038603,53912511.82783868,15.83,2.765919491923729e-06,16.11,BID
333,1712305282.5216522,53912759.9198042,15.83,-1.126971206425783e-07,16.11,ASK
334,1712305290.3035011,53912759.9198042,15.83,-0.0,16.11,ASK
335,1712305320.22388,53912759.9198042,15.83,-0.0,16.11,ASK
336,1712305340.4709532,53931485.10814205,15.83,-8.496189129760735e-06,16.11,ASK
337,1712305350.2217684,53931485.10814205,15.83,-0.0,16.11,ASK
338,1712305380.3027434,53931485.10814205,15.83,-0.0,16.11,ASK
339,1712305404.4615424,53931801.09045411,15.83,1.433515334817404e-07,16.11,BID
340,1712305410.1971328,53931801.09045411,15.83,0.0,16.11,BID
341,1712305440.3113346,53931801.09045411,15.83,0.0,16.11,BID
342,1712305454.7673104,53937405.77125631,15.83,2.5426668955816754e-06,16.11,BID
343,1712305458.8514829,53957388.47157176,15.85,9.065520833306932e-06,16.11,BID
344,1712305459.0779438,54029266.85663798,15.83,-3.2608956096819226e-05,16.11,ASK
345,1712305470.308047,54029266.85663798,15.83,-0.0,16.11,ASK
346,1712305500.2013378,54029266.85663798,15.83,-0.0,16.11,ASK
347,1712305530.205777,54029266.85663798,15.83,-0.0,16.11,ASK
348,1712305560.3036258,54029266.85663798,15.83,-0.0,16.11,ASK
349,1712305590.3034346,54029266.85663798,15.83,-0.0,16.11,ASK
350,1712305620.2337196,54029266.85663798,15.83,-0.0,16.11,ASK
351,1712305650.2173898,54029266.85663798,15.83,-0.0,16.11,ASK
352,1712305680.3030477,54029266.85663798,15.83,-0.0,16.11,ASK
353,1712305697.2021255,54029648.47756969,15.83,-1.7366437350668358e-07,16.11,ASK
354,1712305697.204121,54035648.47756969,15.83,-2.73042213999648e-06,16.11,ASK
355,1712305710.306018,54035648.47756969,15.83,-0.0,16.11,ASK
356,1712305740.1922443,54035648.47756969,15.83,-0.0,16.11,ASK
357,1712305746.5221703,54036280.18950874,15.83,-2.874601623851683e-07,16.11,ASK
358,1712305746.532321,54054849.92675769,15.83,-8.450148485472457e-06,16.11,ASK
359,1712305746.7123497,54054849.92675799,15.83,-1.356153003199811e-16,16.11,ASK
360,1712305770.2136364,54054849.92675799,15.83,-0.0,16.11,ASK
361,1712305793.190025,54092853.96341219,15.84,1.7291323820947573e-05,16.11,BID
362,1712305793.1930218,54105386.88190644,15.83,5.702308785710632e-06,16.11,BID
363,1712305794.8726778,54105995.52114694,15.8,-2.769226409633872e-07,16.11,ASK
364,1712305794.8769114,54116577.62329219,15.8,-4.814713672783906e-06,16.11,ASK
365,1712305800.3066125,54116577.62329219,15.8,-0.0,16.11,ASK
366,1712305830.2084315,54116577.62329219,15.8,-0.0,16.11,ASK
367,1712305860.324444,54116577.62329219,15.8,-0.0,16.11,ASK
368,1712305890.3030963,54116577.62329219,15.8,-0.0,16.11,ASK
369,1712305920.1966116,54116577.62329219,15.8,-0.0,16.11,ASK
370,1712305923.3737051,54129235.85114029,15.8,-5.757998826496938e-06,16.11,ASK
371,1712305950.2140374,54129235.85114029,15.8,-0.0,16.11,ASK
372,1712305980.2346582,54129235.85114029,15.8,-0.0,16.11,ASK
373,1712306010.2063153,54129235.85114029,15.8,-0.0,16.11,ASK
374,1712306040.30727,54129235.85114029,15.8,-0.0,16.11,ASK
375,1712306059.8744712,54193011.36134437,15.8,2.9007686705868312e-05,16.11,BID
376,1712306070.3101013,54193011.36134437,15.8,0.0,16.11,BID
377,1712306100.2332134,54193011.36134437,15.8,0.0,16.11,BID
378,1712306130.1938844,54193011.36134437,15.8,0.0,16.11,BID
379,1712306152.7229166,54194002.69051849,15.8,-4.510235172441489e-07,16.11,ASK
380,1712306152.726781,54308002.69051849,15.8,-5.186640553707426e-05,16.11,ASK
381,1712306152.7306056,54315977.98272077,15.83,-3.628506488070765e-06,16.11,ASK
382,1712306152.7335863,54316977.98272077,15.8,-4.549684696234585e-07,16.11,ASK
383,1712306160.2828305,54316977.98272077,15.8,-0.0,16.11,ASK
384,1712306165.2063515,54366977.98272077,15.79,-2.272816715814063e-05,16.11,ASK
385,1712306165.2081602,54369089.00235277,15.79,-9.595921414027731e-07,16.11,ASK
386,1712306190.3066487,54369089.00235277,15.79,-0.0,16.11,ASK
387,1712306220.2096677,54369089.00235277,15.79,-0.0,16.11,ASK
388,1712306250.2051406,54369089.00235277,15.79,-0.0,16.11,ASK
389,1712306257.9628167,54369089.00235344,15.79,-3.0469450941590994e-16,16.11,ASK
390,1712306261.115839,54381768.32886418,15.78,-5.761402112160887e-06,16.11,ASK
391,1712306261.2420716,54399222.97177436,15.78,-7.931274302664198e-06,16.11,ASK
392,1712306261.2454722,54412341.5134779,15.78,-5.960978591031212e-06,16.11,ASK
393,1712306261.3227928,54452653.186491,15.78,-1.8317357617191595e-05,16.11,ASK
394,1712306261.3433592,54485189.03815334,15.78,-1.478407582055514e-05,16.11,ASK
395,1712306261.357249,54504188.65738575,15.78,-8.633301325832294e-06,16.11,ASK
396,1712306263.7827778,54513514.26152858,15.78,-4.237492847917067e-06,16.11,ASK
397,1712306280.308507,54513514.26152858,15.78,-0.0,16.11,ASK
398,1712306309.701291,54521872.98243603,15.78,-3.7942182971815935e-06,16.11,ASK
399,1712306310.318006,54521872.98243603,15.78,-0.0,16.11,ASK
400,1712306313.2828646,54522505.98243562,15.78,-2.87316255314263e-07,16.11,ASK
401,1712306313.2927537,54541376.66455303,15.78,-8.565329738878338e-06,16.11,ASK
402,1712306332.2429445,54541376.66455344,15.78,-1.8599843682876484e-16,16.11,ASK
403,1712306340.2047567,54541376.66455344,15.78,-0.0,16.11,ASK
404,1712306353.2527764,54551376.66455344,15.77,4.538327401781592e-06,16.11,BID
405,1712306370.211166,54551376.66455344,15.77,0.0,16.11,BID
406,1712306400.232646,54551376.66455344,15.77,0.0,16.11,BID
407,1712306414.4659026,54583082.43500344,15.77,-1.4392771682237872e-05,16.11,ASK
408,1712306414.4826367,54583082.43500366,15.77,-1.0146528904013727e-16,16.11,ASK
409,1712306428.360595,54672329.15891669,15.76,-4.051337351015564e-05,16.11,ASK
410,1712306428.3665204,54678674.33658166,15.76,-2.8803808303355984e-06,16.11,ASK
411,1712306428.372747,54681322.06063817,15.76,-1.2019290899409503e-06,16.11,ASK
412,1712306430.2047403,54681322.06063817,15.76,-0.0,16.11,ASK
413,1712306460.3027737,54681322.06063817,15.76,-0.0,16.11,ASK
414,1712306466.6628633,54687675.30079064,15.74,-2.8813616847619387e-06,16.11,ASK
415,1712306466.666017,54701626.82909126,15.74,-6.327385416659653e-06,16.11,ASK
416,1712306466.747131,54762196.10129889,15.74,-2.7469759685554705e-05,16.11,ASK
417,1712306478.688906,54765424.83955199,15.73,-1.4643178078188124e-06,16.11,ASK
418,1712306478.6921294,54783545.46256534,15.73,-8.218179637734829e-06,16.11,ASK
419,1712306478.8029354,54799544.49181474,15.73,-7.255981005956243e-06,16.11,ASK
420,1712306480.4127436,54813908.45209164,15.73,-6.514434176899713e-06,16.11,ASK
421,1712306490.3265045,54813908.45209164,15.73,-0.0,16.11,ASK
422,1712306520.21409,54813908.45209164,15.73,-0.0,16.11,ASK
423,1712306550.184348,54813908.45209164,15.73,-0.0,16.11,ASK
424,1712306580.2526674,54813908.45209164,15.73,-0.0,16.11,ASK
425,1712306592.955395,54828253.45209164,15.72,-6.4996849691280585e-06,16.11,ASK
426,1712306610.20286,54828253.45209164,15.72,-0.0,16.11,ASK
427,1712306640.2930338,54828253.45209164,15.72,-0.0,16.11,ASK
428,1712306670.30384,54828253.45209164,15.72,-0.0,16.11,ASK
429,1712306696.7225213,54829023.88454458,15.72,-3.4904542613092546e-07,16.11,ASK
430,1712306700.2347715,54829023.88454458,15.72,-0.0,16.11,ASK
431,1712306714.113267,54834023.88454458,15.72,-2.2794472836683626e-06,16.11,ASK
432,1712306730.2027922,54834023.88454458,15.72,-0.0,16.11,ASK
433,1712306760.3037443,54834023.88454458,15.72,-0.0,16.11,ASK
434,1712306768.1726935,54837196.47337706,15.75,1.446297974209434e-06,16.11,BID
435,1712306771.2925837,54844779.57337706,15.72,-3.4569314674391512e-06,16.11,ASK
436,1712306784.6427886,54847432.6551167,15.72,-1.2094686541722893e-06,16.11,ASK
437,1712306784.6469684,54883347.35421592,15.72,-1.637254598510885e-05,16.11,ASK
438,1712306790.3183703,54883347.35421592,15.72,-0.0,16.11,ASK
439,1712306793.100247,54959624.12636782,15.71,-3.476024207399805e-05,16.11,ASK
440,1712306793.1226306,55021819.62039456,15.71,-2.83432343463069e-05,16.11,ASK
441,1712306793.1254854,55029057.62039456,15.71,-3.2984436157124834e-06,16.11,ASK
442,1712306794.420626,55271700.30084331,15.71,-0.0001105751865467,16.11,ASK
443,1712306795.9025552,55330204.58911599,15.71,-2.666110750826475e-05,16.11,ASK
444,1712306820.209853,55330204.58911599,15.71,-0.0,16.11,ASK
445,1712306850.2450004,55330204.58911599,15.71,-0.0,16.11,ASK
446,1712306880.312472,55330204.58911599,15.71,-0.0,16.11,ASK
447,1712306910.2941887,55330204.58911599,15.71,-0.0,16.11,ASK
448,1712306940.2338507,55330204.58911599,15.71,-0.0,16.11,ASK
449,1712306970.212437,55330204.58911599,15.71,-0.0,16.11,ASK
450,1712307000.222503,55330204.58911599,15.71,-0.0,16.11,ASK
451,1712307030.1984825,55330204.58911599,15.71,-0.0,16.11,ASK
452,1712307048.197091,55502101.36320199,15.71,-7.808662770291872e-05,16.11,ASK
453,1712307048.2751443,55502101.36320253,15.71,-2.436865472094848e-16,16.11,ASK
454,1712307060.304856,55502101.36320253,15.71,-0.0,16.11,ASK
455,1712307073.5803816,55502451.36320253,15.7,-1.5879782327750796e-07,16.11,ASK
456,1712307083.2199783,55502801.36320253,15.69,-1.5879782327750796e-07,16.11,ASK
457,1712307083.222039,55521081.09179892,15.69,-8.29366031774353e-06,16.11,ASK
458,1712307084.8325944,55582213.98536129,15.69,-2.7736486938174187e-05,16.11,ASK
459,1712307084.8359258,55595801.68824992,15.69,-6.164850405874295e-06,16.11,ASK
460,1712307084.932612,55595801.68825032,15.69,-1.79160591400264e-16,16.11,ASK
461,1712307090.2924151,55595801.68825032,15.69,-0.0,16.11,ASK
462,1712307120.214089,55595801.68825032,15.69,-0.0,16.11,ASK
463,1712307150.2221994,55595801.68825032,15.69,-0.0,16.11,ASK
464,1712307180.3034515,55595801.68825032,15.69,-0.0,16.11,ASK
465,1712307210.1853876,55612001.68825032,15.71,7.345171270594471e-06,16.11,BID
466,1712307210.3166568,55612001.68825032,15.71,0.0,16.11,BID
467,1712307212.7833729,55640464.28995739,15.71,-1.2903614989715198e-05,16.11,ASK
468,1712307212.804855,55656729.9402262,15.71,-7.374086557024525e-06,16.11,ASK
469,1712307212.964893,55678028.44859147,15.71,-9.65574948591017e-06,16.11,ASK
470,1712307213.0423489,55694747.95568484,15.71,-7.579844055403432e-06,16.11,ASK
471,1712307213.0458694,55699473.42926064,15.69,-2.142309135817898e-06,16.11,ASK
472,1712307213.242384,55715557.30816679,15.7,7.291679906216925e-06,16.11,BID
473,1712307240.204924,55715557.30816679,15.7,0.0,16.11,BID
474,1712307270.2176695,55715557.30816679,15.7,0.0,16.11,BID
475,1712307280.9370005,55727736.67659732,15.7,-5.517488377979565e-06,16.11,ASK
476,1712307291.8122544,55778993.6957056,15.7,-2.3220416463536533e-05,16.11,ASK
477,1712307291.8158178,55899888.97642071,15.69,-5.476788965723243e-05,16.11,ASK
478,1712307293.3023071,55900524.70432916,15.73,2.8799698165493857e-07,16.11,BID
479,1712307300.2325387,55900524.70432916,15.73,0.0,16.11,BID
480,1712307330.205209,55900524.70432916,15.73,0.0,16.11,BID
481,1712307360.312755,55900524.70432916,15.73,0.0,16.11,BID
482,1712307367.5529275,55918487.44724503,15.7,-8.130459871349677e-06,16.11,ASK
483,1712307384.6642995,55972327.91100607,15.7,-2.436975979193394e-05,16.11,ASK
484,1712307390.3043869,55972327.91100607,15.7,-0.0,16.11,ASK
485,1712307396.4628048,56036022.17852199,15.7,2.881517491661301e-05,16.11,BID
486,1712307420.1945815,56036022.17852199,15.7,0.0,16.11,BID
487,1712307439.6430314,56036593.79354092,15.73,2.5848069584525053e-07,16.11,BID
488,1712307450.2188785,56036593.79354092,15.73,0.0,16.11,BID
489,1712307480.3047762,56036593.79354092,15.73,0.0,16.11,BID
490,1712307510.3027697,56036593.79354092,15.73,0.0,16.11,BID
491,1712307511.3431797,56037865.24935783,15.73,5.749419402389021e-07,16.11,BID
492,1712307540.2206745,56037865.24935783,15.73,0.0,16.11,BID
493,1712307562.8333416,56066882.85445338,15.7,-1.3121405456577513e-05,16.11,ASK
494,1712307562.8379729,56137865.24935783,15.7,-3.2097369192022136e-05,16.11,ASK
495,1712307570.2243128,56137865.24935783,15.7,-0.0,16.11,ASK
496,1712307600.2834923,56137865.24935783,15.7,-0.0,16.11,ASK
497,1712307630.203307,56137865.24935783,15.7,-0.0,16.11,ASK
498,1712307642.4433825,56144234.67610942,15.73,2.8830197757207205e-06,16.11,BID
499,1712307660.29515,56144234.67610942,15.73,0.0,16.11,BID
500,1712307690.3039606,56144234.67610942,15.73,0.0,16.11,BID
501,1712307720.1980612,56144234.67610942,15.73,0.0,16.11,BID
502,1712307750.194548,56144234.67610942,15.73,0.0,16.11,BID
503,1712307780.2836392,56144234.67610942,15.73,0.0,16.11,BID
504,1712307804.5338032,56144748.67610942,15.7,-2.3264337950690485e-07,16.11,ASK
505,1712307810.3054698,56144748.67610942,15.7,-0.0,16.11,ASK
506,1712307815.0869424,56144871.61878457,15.7,-5.5645320943601184e-08,16.11,ASK
507,1712307840.2293956,56144871.61878457,15.7,-0.0,16.11,ASK
508,1712307870.206837,56144871.61878457,15.7,-0.0,16.11,ASK
509,1712307900.2942882,56144871.61878457,15.7,-0.0,16.11,ASK
510,1712307911.2807033,56145871.61878457,15.68,-4.542824484051783e-07,16.11,ASK
511,1712307911.284046,56266613.29359068,15.68,-5.485082365546174e-05,16.11,ASK
512,1712307930.295842,56266613.29359068,15.68,-0.0,16.11,ASK
513,1712307960.2158318,56266613.29359068,15.68,-0.0,16.11,ASK
514,1712307979.7076695,56457939.82420292,15.68,-8.68409776594925e-05,16.11,ASK
515,1712307979.713584,56466910.99237395,15.68,-4.071913143604658e-06,16.11,ASK
516,1712307990.2014976,56466910.99237395,15.68,-0.0,16.11,ASK
517,1712308020.3156347,56466910.99237395,15.68,-0.0,16.11,ASK
518,1712308021.1439314,56498819.09703253,15.67,-1.44621167614998e-05,16.11,ASK
519,1712308021.1486776,56501346.07992499,15.67,-1.1453366483570416e-06,16.11,ASK
520,1712308040.3058584,56513270.56112617,15.67,-5.404684524418642e-06,16.11,ASK
521,1712308040.3685951,56539884.750584,15.67,-1.206268813425894e-05,16.11,ASK
522,1712308040.3841617,56573540.36300646,15.67,-1.5254161967357154e-05,16.11,ASK
523,1712308040.3891675,56606875.5373263,15.67,-1.51089257239488e-05,16.11,ASK
524,1712308050.323864,56606875.5373263,15.67,-0.0,16.11,ASK
525,1712308051.8739834,56619638.77918894,15.67,-5.779101860268469e-06,16.11,ASK
526,1712308051.877754,56680807.80794509,15.67,-2.7696885452765603e-05,16.11,ASK
527,1712308066.085728,56681807.80794509,15.65,-4.5279263078018593e-07,16.11,ASK
528,1712308066.0879858,56760147.36021367,15.65,-3.5471571965832044e-05,16.11,ASK
529,1712308067.8582118,56760786.74640292,15.64,-2.895093547159935e-07,16.11,ASK
530,1712308067.860499,56767188.79505848,15.64,-2.898800453134717e-06,16.11,ASK
531,1712308070.0769072,56780262.84299444,15.63,-5.919832559867427e-06,16.11,ASK
532,1712308071.8940804,56799178.55833344,15.63,-8.564896511437188e-06,16.11,ASK
533,1712308080.1916993,56799178.55833344,15.63,-0.0,16.11,ASK
534,1712308110.2876055,56799178.55833344,15.63,-0.0,16.11,ASK
535,1712308133.9240084,56799178.55833423,15.63,-3.5711144735676567e-16,16.11,ASK
536,1712308133.9329617,56806583.91317905,15.62,-3.3485259055028988e-06,16.11,ASK
537,1712308133.935901,56825322.87743468,15.61,-8.47331540043602e-06,16.11,ASK
538,1712308140.3052497,56825322.87743468,15.61,-0.0,16.11,ASK
539,1712308152.8168335,56869195.73158998,15.61,-1.9834603654605933e-05,16.11,ASK
540,1712308152.824026,56869545.73158998,15.6,-1.5823249735561417e-07,16.11,ASK
541,1712308152.826307,56881529.29778254,15.61,-5.4176845882144605e-06,16.11,ASK
542,1712308152.8284569,56932570.32342356,15.6,-2.3075282727914297e-05,16.11,ASK
543,1712308152.830608,57038570.32342356,15.61,-4.792184205627172e-05,16.11,ASK
544,1712308152.8327713,57111322.45731735,15.6,-3.289071952561501e-05,16.11,ASK
545,1712308170.2870271,57111322.45731735,15.6,-0.0,16.11,ASK
546,1712308200.267322,57111322.45731735,15.6,-0.0,16.11,ASK
547,1712308220.235272,57117791.72268466,15.6,-2.9244994444042755e-06,16.11,ASK
548,1712308220.3561592,57117807.54162344,15.6,7.151117639963802e-09,16.11,BID
549,1712308230.2854578,57117807.54162344,15.6,0.0,16.11,BID
550,1712308260.3066454,57117807.54162344,15.6,0.0,16.11,BID
551,1712308268.1145144,57119853.52119468,15.6,-9.248642845543692e-07,16.11,ASK
552,1712308271.0646644,57317974.12476543,15.6,-8.95584065710175e-05,16.11,ASK
553,1712308271.0697095,57318294.7016885,15.6,-1.4491354203288653e-07,16.11,ASK
554,1712308275.644539,57338294.7016885,15.59,-9.040796863818849e-06,16.11,ASK
555,1712308275.6484268,57344616.06153455,15.59,-2.857506513561083e-06,16.11,ASK
556,1712308286.8646178,57417913.24395355,15.6,3.3133246847023585e-05,16.11,BID
557,1712308286.868231,57417913.24395364,15.6,4.0415511416579104e-17,16.11,BID
558,1712308290.314377,57417913.24395364,15.6,0.0,16.11,BID
559,1712308320.2147267,57417913.24395364,15.6,0.0,16.11,BID
560,1712308341.9803095,57501530.78221894,15.6,-3.771863972311804e-05,16.11,ASK
561,1712308350.2145112,57501530.78221894,15.6,-0.0,16.11,ASK
562,1712308380.2946184,57501530.78221894,15.6,-0.0,16.11,ASK
563,1712308410.2944777,57501530.78221894,15.6,-0.0,16.11,ASK
564,1712308440.2148488,57501530.78221894,15.6,-0.0,16.11,ASK
565,1712308452.21468,57502169.35182302,15.66,2.878799498237701e-07,16.11,BID
566,1712308470.224992,57502169.35182302,15.66,0.0,16.11,BID
567,1712308482.9646115,57505362.19984345,15.65,1.4393932600696471e-06,16.11,BID
568,1712308500.208003,57505362.19984345,15.65,0.0,16.11,BID
569,1712308530.2181568,57505362.19984345,15.65,0.0,16.11,BID
570,1712308560.206677,57505362.19984345,15.65,0.0,16.11,BID
571,1712308578.5841758,57511227.44613404,15.65,2.64514845631508e-06,16.11,BID
572,1712308578.844216,57515293.42827083,15.61,-1.8337041344375773e-06,16.11,ASK
573,1712308578.8491857,57521699.57817474,15.61,-2.8890888275981766e-06,16.11,ASK
574,1712308578.966706,57549349.36122974,15.61,-1.2469686240245132e-05,16.11,ASK
575,1712308581.5745337,57632966.89949504,15.61,-3.7710403162149386e-05,16.11,ASK
576,1712308589.7846997,57653778.31121019,15.61,-9.38567126506088e-06,16.11,ASK
577,1712308589.7899134,57820315.60352504,15.61,-7.510611487747759e-05,16.11,ASK
578,1712308590.2069182,57820315.60352504,15.61,-0.0,16.11,ASK
579,1712308590.7640998,57825128.79142552,15.61,-2.165881533652149e-06,16.11,ASK
580,1712308594.1547108,57833240.32890149,15.61,3.6501025083604254e-06,16.11,BID
581,1712308602.313965,57839577.32890149,15.6,-2.851580192287084e-06,16.11,ASK
582,1712308608.9943614,57860687.71550429,15.6,-9.499441421501883e-06,16.11,ASK
583,1712308610.3441515,57879433.81083606,15.6,-8.435536394320611e-06,16.11,ASK
584,1712308620.294333,57879433.81083606,15.6,-0.0,16.11,ASK
585,1712308624.554164,57886738.47109247,15.6,-3.285652912107815e-06,16.11,ASK
586,1712308624.5578644,57923174.69994353,15.6,-1.6389099181673818e-05,16.11,ASK
587,1712308624.562088,57946338.17876252,15.58,-1.0418985820647395e-05,16.11,ASK
588,1712308624.5660987,57952912.00568559,15.6,-2.956922405054632e-06,16.11,ASK
589,1712308624.5686183,58014102.24349916,15.58,-2.752350910343158e-05,16.11,ASK
590,1712308628.64432,58036723.63279071,15.58,-1.0175152709736603e-05,16.11,ASK
591,1712308628.649503,58039724.82621915,15.58,-1.349943677299469e-06,16.11,ASK
592,1712308650.3022115,58039724.82621915,15.58,-0.0,16.11,ASK
593,1712308673.8821557,58046089.82621915,15.58,-2.859777875129207e-06,16.11,ASK
594,1712308678.318498,58051719.00144379,15.58,-2.529173725475169e-06,16.11,ASK
595,1712308678.3209727,58059487.77230387,15.58,-3.490488456027496e-06,16.11,ASK
596,1712308678.4658265,58100253.74844956,15.58,-1.8316046604787773e-05,16.11,ASK
597,1712308678.554036,58132842.94781684,15.58,-1.4642242155339476e-05,16.11,ASK
598,1712308680.1945844,58132842.94781684,15.58,-0.0,16.11,ASK
599,1712308680.4630828,58158895.47970137,15.58,-1.1697709589317155e-05,16.11,ASK
600,1712308684.5769343,58220236.58154498,15.58,-2.754244379915332e-05,16.11,ASK
601,1712308684.5941532,58282282.46593226,15.58,-2.785889448256382e-05,16.11,ASK
602,1712308684.714537,58307002.90916191,15.58,-1.1099595505779105e-05,16.11,ASK
603,1712308684.834051,58419060.79931634,15.58,-5.031452075475786e-05,16.11,ASK
604,1712308684.9346163,58532149.26764949,15.58,-5.077725521362623e-05,16.11,ASK
605,1712308684.956652,58557124.8112761,15.58,-1.1214136786181148e-05,16.11,ASK
606,1712308686.3241682,58575137.5227149,15.58,-8.087792321342556e-06,16.11,ASK
607,1712308686.38408,58593046.41546253,15.58,-8.041177239761804e-06,16.11,ASK
608,1712308686.9845152,58614545.7157184,15.58,-9.653287130840257e-06,16.11,ASK
609,1712308688.547115,58633142.37647942,15.58,-8.349988318892428e-06,16.11,ASK
610,1712308688.5641716,58647698.5250711,15.58,-6.53577931385489e-06,16.11,ASK
611,1712308688.6087542,58666740.37934586,15.58,-8.549882304548106e-06,16.11,ASK
612,1712308688.9345164,58683937.47514524,15.58,-7.721577055639344e-06,16.11,ASK
613,1712308689.0343716,58696503.02111877,15.58,-5.641989357540772e-06,16.11,ASK
614,1712308689.814242,58710841.9627667,15.58,-6.438252372518184e-06,16.11,ASK
615,1712308690.454064,58754222.94844333,15.58,-1.9478267002713645e-05,16.11,ASK
616,1712308696.3343885,58754550.8867863,15.57,-1.472458614088818e-07,16.11,ASK
617,1712308696.3397012,58787627.38004254,15.57,-1.4851501345797704e-05,16.11,ASK
618,1712308696.343841,58832160.69399034,15.57,-1.9995667826844133e-05,16.11,ASK
619,1712308696.4340918,58846875.51085083,15.57,-6.6070221142772525e-06,16.11,ASK
620,1712308700.6191509,58859222.05873369,15.57,-5.543658182796553e-06,16.11,ASK
621,1712308710.2076669,58859222.05873369,15.57,-0.0,16.11,ASK
622,1712308718.5341845,58868689.9837755,15.57,-4.229652482896559e-06,16.11,ASK
623,1712308740.3066278,58868689.9837755,15.57,-0.0,16.11,ASK
624,1712308741.396195,58918689.9837755,15.56,-2.233527375789024e-05,16.11,ASK
625,1712308741.4017403,58939117.53795648,15.55,-9.12510029672968e-06,16.11,ASK
626,1712308741.40467,58992884.09194715,15.57,-2.401781404799981e-05,16.11,ASK
627,1712308741.407084,58993205.49297542,15.56,-1.435715990486815e-07,16.11,ASK
628,1712308741.4094973,59061542.89983469,15.55,-3.0526693802122984e-05,16.11,ASK
629,1712308741.4140177,59125034.96332675,15.55,-2.836225239097004e-05,16.11,ASK
630,1712308755.2342925,59164283.68843575,15.55,-1.7532620399152137e-05,16.11,ASK
631,1712308770.2967143,59164283.68843575,15.55,-0.0,16.11,ASK
632,1712308800.2594955,59164283.68843575,15.55,-0.0,16.11,ASK
633,1712308806.2444675,59168099.47263783,15.55,-1.7029255223814931e-06,16.11,ASK
634,1712308806.2501168,59174298.25072787,15.55,-2.7664188691118427e-06,16.11,ASK
635,1712308817.5641742,59180283.6056517,15.55,-2.6711714081562344e-06,16.11,ASK
636,1712308817.5684705,59187717.28854073,15.55,-3.317537797369454e-06,16.11,ASK
637,1712308820.1986892,59195455.02995062,15.55,-3.4532344164782934e-06,16.11,ASK
638,1712308830.191837,59195455.02995062,15.55,-0.0,16.11,ASK
639,1712308839.8643367,59196741.20358406,15.55,5.738752757892647e-07,16.11,BID
640,1712308842.2212422,59203911.90360029,15.54,-3.199480491919127e-06,16.11,ASK
641,1712308842.2269435,59211886.61564823,15.54,-3.558221033973203e-06,16.11,ASK
642,1712308844.644142,59224476.72409105,15.54,-5.617555644884874e-06,16.11,ASK
643,1712308844.9242983,59244545.20045523,15.54,-8.954313872342145e-06,16.11,ASK
644,1712308844.929769,59260563.73040847,15.54,-7.147276274086393e-06,16.11,ASK
645,1712308845.0041184,59272600.28650716,15.54,-5.3705672166579925e-06,16.11,ASK
646,1712308845.224357,59283607.04224335,15.54,-4.911082624784332e-06,16.11,ASK
647,1712308845.2340848,59297568.48299648,15.54,-6.229427702682457e-06,16.11,ASK
648,1712308845.2842598,59307108.0077151,15.54,-4.256421712011578e-06,16.11,ASK
649,1712308850.0278866,59316172.25063167,15.54,-4.044356662520773e-06,16.11,ASK
650,1712308850.0305362,59329209.84659739,15.54,-5.817219219801617e-06,16.11,ASK
651,1712308852.5006018,59342077.42956806,15.54,-5.741361456988787e-06,16.11,ASK
652,1712308852.5052154,59355037.22542127,15.54,-5.782505741106956e-06,16.11,ASK
653,1712308859.404107,59376099.35741527,15.54,-9.397671117252491e-06,16.11,ASK
654,1712308860.3040187,59376099.35741527,15.54,-0.0,16.11,ASK
655,1712308867.2361522,59380522.31498173,15.54,-1.9710019303016207e-06,16.11,ASK
656,1712308867.2394092,59386099.35741527,15.53,-2.485296600000707e-06,16.11,ASK
657,1712308867.375522,59387605.38001714,15.53,-6.711286307327323e-07,16.11,ASK
658,1712308871.1676922,59388605.38001714,15.52,-4.456298530302328e-07,16.11,ASK
659,1712308871.1703477,59453587.46217005,15.52,-2.895795571940004e-05,16.11,ASK
660,1712308872.664877,59515063.55814456,15.52,-2.7395583613994447e-05,16.11,ASK
661,1712308872.9567444,59518754.54122395,15.52,1.6448122472050791e-06,16.11,BID
662,1712308878.934837,59601545.0403043,15.52,3.68939179374771e-05,16.11,BID
663,1712308886.3240595,59608413.36378409,15.52,3.0607299828613617e-06,16.11,BID
664,1712308886.944424,59619820.98363539,15.52,-5.083575957758974e-06,16.11,ASK
665,1712308890.0946498,59675563.90797027,15.52,-2.4840711178829605e-05,16.11,ASK
666,1712308890.4803965,59686318.39295486,15.52,-4.792519563099401e-06,16.11,ASK
667,1712308890.4887378,59686318.39295486,15.52,-0.0,16.11,ASK
668,1712308891.4057198,59703214.70815274,15.52,-7.5133817448475985e-06,16.11,ASK
669,1712308892.6079826,59720117.14915174,15.52,-7.516105740097226e-06,16.11,ASK
670,1712308892.8619523,59734925.6035797,15.52,-6.584960677248714e-06,16.11,ASK
671,1712308893.414384,59751944.22883156,15.52,-7.56777006064523e-06,16.11,ASK
672,1712308893.8394842,59767198.35462652,15.52,-6.783139929579045e-06,16.11,ASK
673,1712308895.2244377,59802791.31481479,15.52,-1.582732650236215e-05,16.11,ASK
674,1712308895.227116,59932851.66894874,15.51,-5.783468638186704e-05,16.11,ASK
675,1712308896.9535463,59944877.26829674,15.51,-5.347492488982027e-06,16.11,ASK
676,1712308897.8642695,59951222.26829674,15.51,-2.821467675806992e-06,16.11,ASK
677,1712308916.799394,59968878.55447888,15.51,-7.851322417288023e-06,16.11,ASK
678,1712308917.4853177,60001099.71018084,15.51,-1.4327966791211764e-05,16.11,ASK
679,1712308917.4910758,60001597.96824535,15.5,-2.2156328183147562e-07,16.11,ASK
680,1712308917.495504,60026428.55746395,15.51,-1.104156104830984e-05,16.11,ASK
681,1712308917.4980345,60036428.55746395,15.5,-4.446757566283674e-06,16.11,ASK
682,1712308917.5005732,60193049.08053305,15.51,-6.964534959928209e-05,16.11,ASK
683,1712308917.5031824,60193549.08053305,15.5,-2.223378783141837e-07,16.11,ASK
684,1712308917.505774,60193899.08053305,15.51,-1.556365148199286e-07,16.11,ASK
685,1712308917.5083692,60286154.00338342,15.5,-4.102352762118012e-05,16.11,ASK
686,1712308917.5112088,60319127.14005842,15.5,-1.466235449936628e-05,16.11,ASK
687,1712308917.5137932,60367657.25649482,15.5,-2.1580166245618725e-05,16.11,ASK
688,1712308920.2518368,60367657.25649482,15.5,-0.0,16.11,ASK
689,1712308920.9746864,60399684.11981982,15.5,-1.4174963841641695e-05,16.11,ASK
690,1712308920.989539,60403250.21668309,15.5,-1.578340456874625e-06,16.11,ASK
691,1712308921.6549706,60432937.34562627,15.5,-1.3139406599436927e-05,16.11,ASK
692,1712308921.6576483,60439388.95852949,15.5,-2.855458516037553e-06,16.11,ASK
693,1712308931.6172342,60486040.71576344,15.5,2.064788440971567e-05,16.11,BID
694,1712308950.2204208,60486040.71576344,15.5,0.0,16.11,BID
695,1712308971.094175,60524750.3931828,15.5,-1.7118848214821813e-05,16.11,ASK
696,1712308980.2941244,60524750.3931828,15.5,-0.0,16.11,ASK
697,1712308987.534437,60589258.5999946,15.5,-2.852034254412185e-05,16.11,ASK
698,1712308987.5403776,60609608.0516075,15.5,-8.996891392099475e-06,16.11,ASK
699,1712308987.6590557,60674374.89098571,15.49,-2.863468907073876e-05,16.11,ASK
700,1712308987.6636782,60674704.52300637,15.49,-1.4573677687483308e-07,16.11,ASK
701,1712308987.66818,60675265.88204288,15.48,-2.4818783225638165e-07,16.11,ASK
702,1712308991.495063,60697201.36591384,15.5,9.698107338435857e-06,16.11,BID
703,1712309000.5341,60697523.946559,15.5,1.4261922556421588e-07,16.11,BID
704,1712309007.689606,60759835.00966789,15.5,2.7548942250691715e-05,16.11,BID
705,1712309010.3055477,60759835.00966789,15.5,0.0,16.11,BID
706,1712309014.4541824,60917161.57761249,15.5,6.944530308446379e-05,16.11,BID
707,1712309018.456544,60917482.91437341,15.56,1.4184081586495886e-07,16.11,BID
708,1712309028.4470527,60923917.92080842,15.54,2.840467303570015e-06,16.11,BID
709,1712309040.205512,60923917.92080842,15.54,0.0,16.11,BID
710,1712309051.8173883,60944926.70855342,15.52,-9.263059883417294e-06,16.11,ASK
711,1712309053.3547158,60977283.86604435,15.52,-1.4266710251618936e-05,16.11,ASK
712,1712309070.214285,60977283.86604435,15.52,-0.0,16.11,ASK
713,1712309082.789651,60990974.86765107,15.52,-6.03434494171742e-06,16.11,ASK
714,1712309082.8842146,60998908.21862138,15.52,-3.496645291100362e-06,16.11,ASK
715,1712309100.297128,60998908.21862138,15.52,-0.0,16.11,ASK
716,1712309108.2846763,61009291.31047753,15.52,-4.5820630284133485e-06,16.11,ASK
717,1712309112.5092726,61052783.90018986,15.52,-1.9193299076203463e-05,16.11,ASK
718,1712309112.5467346,61091493.57760921,15.5,-1.7082597765897596e-05,16.11,ASK
719,1712309112.5510583,61100594.53535897,15.5,-4.01625668019372e-06,16.11,ASK
720,1712309112.5538206,61138145.33484317,15.51,-1.6571184420561248e-05,16.11,ASK
721,1712309117.8016834,61144482.33484317,15.5,-2.7965209027647865e-06,16.11,ASK
722,1712309130.304968,61144482.33484317,15.5,-0.0,16.11,ASK
723,1712309139.3647964,61162860.0222547,15.5,-8.10200881416467e-06,16.11,ASK
724,1712309139.370985,61272277.86199971,15.5,-4.823807708716688e-05,16.11,ASK
725,1712309152.7314403,61291283.86199971,15.51,8.379007438414209e-06,16.11,BID
726,1712309154.7342403,61293283.86199971,15.52,8.817223443559096e-07,16.11,BID
727,1712309154.7390962,61324319.65960971,15.52,1.368247811382227e-05,16.11,BID
728,1712309154.7943034,61324319.65961015,15.52,1.937956300266037e-16,16.11,BID
729,1712309160.201362,61324319.65961015,15.52,0.0,16.11,BID
730,1712309164.5368912,61330092.65961015,15.53,-2.541966793305937e-06,16.11,ASK
731,1712309167.6466625,61344431.3179113,15.54,-6.313596615636705e-06,16.11,ASK
732,1712309190.2061665,61344431.3179113,15.54,-0.0,16.11,ASK
733,1712309199.1849036,61344479.40809332,15.54,2.1172151149899872e-08,16.11,BID
734,1712309199.1897645,61344817.4182974,15.54,1.488121448140032e-07,16.11,BID
735,1712309205.4044282,61345158.47363845,15.54,1.501527947637955e-07,16.11,BID
736,1712309209.014598,61348375.97685595,15.54,1.4165357996773245e-06,16.11,BID
737,1712309220.3224237,61348375.97685595,15.54,0.0,16.11,BID
738,1712309230.3357973,61349662.97814295,15.54,5.665990285548672e-07,16.11,BID
739,1712309232.624334,61350362.97814295,15.54,3.081732116316857e-07,16.11,BID
740,1712309234.4045806,61351006.47878645,15.54,2.832995142807137e-07,16.11,BID
741,1712309235.596835,61359069.28444925,15.54,3.5496295940942217e-06,16.11,BID
742,1712309250.308012,61359069.28444925,15.54,0.0,16.11,BID
743,1712309280.1806788,61359069.28444925,15.54,0.0,16.11,BID
744,1712309288.824605,61365306.80524261,15.54,2.745851713447935e-06,16.11,BID
745,1712309288.8306236,61366666.13937412,15.54,5.983996010279815e-07,16.11,BID
746,1712309288.964618,61378374.30375426,15.54,-5.154112393299701e-06,16.11,ASK
747,1712309310.1957364,61378374.30375426,15.54,-0.0,16.11,ASK
748,1712309323.5144432,61389147.30504375,15.51,-4.741813123328869e-06,16.11,ASK
749,1712309323.5243764,61406582.97785587,15.51,-7.674435371622675e-06,16.11,ASK
750,1712309323.6543615,61406969.07824197,15.54,1.6994483046322649e-07,16.11,BID
751,1712309340.308117,61406969.07824197,15.54,0.0,16.11,BID
752,1712309358.2845843,61430859.64388275,15.51,-1.051354992705092e-05,16.11,ASK
753,1712309358.2911358,61509252.64388275,15.51,-3.449850170245815e-05,16.11,ASK
754,1712309358.3643346,61522024.3666796,15.51,5.620467396967205e-06,16.11,BID
755,1712309370.3160355,61522024.3666796,15.51,0.0,16.11,BID
756,1712309381.994581,61856813.05006517,15.51,-0.0001472152484987,16.11,ASK
757,1712309385.3046372,61911547.52343688,15.5,-2.406816448328428e-05,16.11,ASK
758,1712309391.3445745,61931525.89162366,15.54,8.785005536848884e-06,16.11,BID
759,1712309391.3645582,61961876.21093688,15.54,1.3345820875811876e-05,16.11,BID
760,1712309400.3056052,61961876.21093688,15.54,0.0,16.11,BID
761,1712309416.9145,61974581.91081685,15.54,-5.595940794720232e-06,16.11,ASK
762,1712309420.4945784,61976731.95755593,15.54,-9.469399066113674e-07,16.11,ASK
763,1712309420.500937,61987287.61069682,15.52,-4.649000888112145e-06,16.11,ASK
764,1712309430.21587,61987287.61069682,15.52,-0.0,16.11,ASK
765,1712309460.299014,61987287.61069682,15.52,-0.0,16.11,ASK
766,1712309490.298211,61987287.61069682,15.52,-0.0,16.11,ASK
767,1712309520.2530837,61987287.61069682,15.52,-0.0,16.11,ASK
768,1712309550.1945767,61987287.61069682,15.52,-0.0,16.11,ASK
769,1712309580.2998755,61987287.61069682,15.52,-0.0,16.11,ASK
770,1712309610.2192,61987287.61069682,15.52,-0.0,16.11,ASK
771,1712309640.3082042,61987287.61069682,15.52,-0.0,16.11,ASK
772,1712309658.974552,61988575.44070325,15.53,-5.670972899412981e-07,16.11,ASK
773,1712309658.977621,62004225.26029082,15.53,-6.891414419512244e-06,16.11,ASK
774,1712309659.0545516,62004225.26029087,15.53,-2.2966096695530884e-17,16.11,ASK
775,1712309670.3145406,62004225.26029087,15.53,-0.0,16.11,ASK
776,1712309681.397538,62051224.97029087,15.52,-2.069397444615426e-05,16.11,ASK
777,1712309685.4149714,62055804.88633858,15.52,-2.0165372436719887e-06,16.11,ASK
778,1712309685.4213867,62065661.82729087,15.52,-4.340011548667232e-06,16.11,ASK
779,1712309688.804848,62069246.10613679,15.53,1.5781581385370748e-06,16.11,BID
780,1712309688.8111055,62111793.34336437,15.52,-1.8733550482375675e-05,16.11,ASK
781,1712309689.4644763,62116714.25736437,15.52,-2.166678657541937e-06,16.11,ASK
782,1712309691.9576669,62121685.80336437,15.52,-2.188971929439633e-06,16.11,ASK
783,1712309695.5845575,62145184.55936437,15.52,-1.0346503333329128e-05,16.11,ASK
784,1712309700.2154226,62145184.55936437,15.52,-0.0,16.11,ASK
785,1712309703.474514,62168678.68436437,15.52,-1.0340397952664748e-05,16.11,ASK
786,1712309711.6243467,62191861.14536437,15.52,-1.02032262219633e-05,16.11,ASK
787,1712309712.2369373,62256627.98473261,15.52,-2.8505632501911973e-05,16.11,ASK
788,1712309712.3944025,62272726.13274861,15.52,-7.0852290428489215e-06,16.11,ASK
789,1712309712.894482,62319883.83474861,15.52,-2.075537629995456e-05,16.11,ASK
790,1712309714.944626,62356016.16766263,15.52,-1.5902814056241884e-05,16.11,ASK
791,1712309714.9512532,62375287.05874861,15.52,-8.481638823813056e-06,16.11,ASK
792,1712309718.9554715,62420493.12468088,15.52,-1.9896408638927188e-05,16.11,ASK
793,1712309718.9622974,62478862.21639672,15.52,-2.5689811239082045e-05,16.11,ASK
794,1712309718.9944165,62503247.63139672,15.52,-1.0732678716099066e-05,16.11,ASK
795,1712309722.6245158,62521392.84839672,15.52,-7.986199303760383e-06,16.11,ASK
796,1712309723.1874835,62599785.84839672,15.52,-3.450287323759653e-05,16.11,ASK
797,1712309723.356832,62613259.74839672,15.52,-5.930226725804606e-06,16.11,ASK
798,1712309724.5963645,62632265.74839672,15.52,-8.365053113846384e-06,16.11,ASK
799,1712309725.1068854,62675681.03239672,15.52,-1.9108237220495665e-05,16.11,ASK
800,1712309726.7247114,62722670.17939672,15.52,-2.068119069921785e-05,16.11,ASK
801,1712309730.074612,62746689.01709731,15.52,-1.057133816154348e-05,16.11,ASK
802,1712309730.2360144,62746689.01709731,15.52,-0.0,16.11,ASK
803,1712309730.448055,62811074.64209731,15.52,-2.822189338713043e-05,16.11,ASK
804,1712309732.365435,63000346.06456984,15.52,-8.296258530145881e-05,16.11,ASK
805,1712309751.9989786,63000696.14456984,15.51,-1.5344916566261733e-07,16.11,ASK
806,1712309752.0031726,63001107.31756984,15.51,-1.802278159088827e-07,16.11,ASK
807,1712309760.3066764,63001107.31756984,15.51,-0.0,16.11,ASK
808,1712309768.138371,63077387.31756984,15.51,-3.337773838683054e-05,16.11,ASK
809,1712309776.9970467,63081603.55956984,15.53,-1.8448954175638712e-06,16.11,ASK
810,1712309790.3057437,63081603.55956984,15.53,-0.0,16.11,ASK
811,1712309820.2156184,63081603.55956984,15.53,-0.0,16.11,ASK
812,1712309825.4661455,63146015.79756984,15.51,-2.8169387453710585e-05,16.11,ASK
813,1712309850.2145216,63146015.79756984,15.51,-0.0,16.11,ASK
814,1712309880.3045075,63146015.79756984,15.51,-0.0,16.11,ASK
815,1712309895.9047508,63283652.87510043,15.5,-6.016650048768272e-05,16.11,ASK
816,1712309895.9115777,63284448.81320487,15.51,-3.479353907271717e-07,16.11,ASK
817,1712309910.3306496,63284448.81320487,15.51,-0.0,16.11,ASK
818,1712309940.223737,63284448.81320487,15.51,-0.0,16.11,ASK
819,1712309970.2237914,63284448.81320487,15.51,-0.0,16.11,ASK
820,1712309974.684698,63285081.81320487,15.53,2.764495275126226e-07,16.11,BID
821,1712309996.6046891,63295637.81320487,15.57,4.610112499878742e-06,16.11,BID
822,1712309996.6102335,63381420.92688502,15.57,3.746398301017407e-05,16.11,BID
823,1712310000.2348244,63381420.92688502,15.57,0.0,16.11,BID
824,1712310030.218759,63381420.92688502,15.57,0.0,16.11,BID
825,1712310060.2985191,63381420.92688502,15.57,0.0,16.11,BID
826,1712310090.3002412,63381420.92688502,15.57,0.0,16.11,BID
827,1712310120.1974678,63381420.92688502,15.57,0.0,16.11,BID
828,1712310145.3682296,63405548.11661094,15.57,-1.053155581772416e-05,16.11,ASK
829,1712310145.3845625,63428343.09775516,15.57,-9.95004470108188e-06,16.11,ASK
830,1712310145.3877687,63477711.89508107,15.57,-2.1549556769696465e-05,16.11,ASK
831,1712310150.1945286,63477711.89508107,15.57,-0.0,16.11,ASK
832,1712310157.616856,63579711.89508107,15.52,-4.449404052705752e-05,16.11,ASK
833,1712310180.3034463,63579711.89508107,15.52,-0.0,16.11,ASK
834,1712310198.424508,63632653.05208107,15.52,-2.307784781739489e-05,16.11,ASK
835,1712310203.5045438,63649612.62408107,15.52,-7.392932905944921e-06,16.11,ASK
836,1712310205.174477,63713135.38308107,15.52,-2.7690527525554263e-05,16.11,ASK
837,1712310210.3053272,63713135.38308107,15.52,-0.0,16.11,ASK
838,1712310240.204447,63713135.38308107,15.52,-0.0,16.11,ASK
839,1712310270.207653,63713135.38308107,15.52,-0.0,16.11,ASK
840,1712310280.068519,63743970.58575516,15.54,1.3429407097196095e-05,16.11,BID
841,1712310280.07183,63809521.83658761,15.55,2.854900752441011e-05,16.11,BID
842,1712310298.8507123,63845887.78599627,15.52,-1.5838168610299333e-05,16.11,ASK
843,1712310300.234517,63845887.78599627,15.52,-0.0,16.11,ASK
844,1712310319.6564782,63855194.63449452,15.56,4.056489742685596e-06,16.11,BID
845,1712310319.6599212,63898687.78599627,15.56,1.895695658709285e-05,16.11,BID
846,1712310320.2244744,63911722.81570638,15.54,-5.681457512132665e-06,16.11,ASK
847,1712310330.194535,63911722.81570638,15.54,-0.0,16.11,ASK
848,1712310360.3047774,63911722.81570638,15.54,-0.0,16.11,ASK
849,1712310390.2944746,63911722.81570638,15.54,-0.0,16.11,ASK
850,1712310420.2326968,63911722.81570638,15.54,-0.0,16.11,ASK
851,1712310438.1654758,63913654.56071603,15.53,-8.41596111350408e-07,16.11,ASK
852,1712310443.112641,63978050.91671603,15.52,-2.805531916682061e-05,16.11,ASK
853,1712310447.0050788,64025076.62971603,15.52,-2.0487516207630093e-05,16.11,ASK
854,1712310448.3884656,64057973.90165648,15.52,-1.4332231221390251e-05,16.11,ASK
855,1712310448.4445398,64084531.18664249,15.52,-1.1570112856801794e-05,16.11,ASK
856,1712310448.6759338,64104729.58947524,15.52,-8.799762491727448e-06,16.11,ASK
857,1712310449.434548,64125204.23147524,15.52,-8.920110574836438e-06,16.11,ASK
858,1712310450.2144177,64125204.23147524,15.52,-0.0,16.11,ASK
859,1712310451.114621,64130920.89447524,15.52,-2.4869672858969154e-06,16.11,ASK
860,1712310452.7645226,64177180.39947524,15.52,-2.012465586949782e-05,16.11,ASK
861,1712310453.0046222,64180324.20508496,15.53,1.3676758109747856e-06,16.11,BID
862,1712310455.2547204,64244724.87808496,15.52,-2.801675854268205e-05,16.11,ASK
863,1712310458.6248617,64268610.48908496,15.52,-1.0391155322731892e-05,16.11,ASK
864,1712310460.3165567,64287705.76408496,15.52,-8.307175749251375e-06,16.11,ASK
865,1712310480.294719,64287705.76408496,15.52,-0.0,16.11,ASK
866,1712310503.8350177,64343880.12436246,15.52,-2.4411213783461413e-05,16.11,ASK
867,1712310503.8422475,64345513.1861018,15.52,-7.096657450782803e-07,16.11,ASK
868,1712310510.3087392,64345513.1861018,15.52,-0.0,16.11,ASK
869,1712310513.0488458,64350904.54121203,15.52,2.341962242650106e-06,16.11,BID
870,1712310513.054896,64607186.45543996,15.55,0.0001113268472071,16.11,BID
871,1712310515.834865,64639440.66276633,15.55,-1.4010973898131102e-05,16.11,ASK
872,1712310540.2074866,64639440.66276633,15.55,-0.0,16.11,ASK
873,1712310570.2707908,64639440.66276633,15.55,-0.0,16.11,ASK
874,1712310581.9950602,64640331.58976633,15.55,-3.862448479562638e-07,16.11,ASK
875,1712310600.2348144,64640331.58976633,15.55,-0.0,16.11,ASK
876,1712310630.2079313,64640331.58976633,15.55,-0.0,16.11,ASK
877,1712310660.3148494,64640331.58976633,15.55,-0.0,16.11,ASK
878,1712310679.6060567,64646758.32498483,15.56,2.7877097079529444e-06,16.11,BID
879,1712310690.2875698,64646758.32498483,15.56,0.0,16.11,BID
880,1712310720.2117991,64646758.32498483,15.56,0.0,16.11,BID
881,1712310742.704731,64654079.44549151,15.56,3.175527351111452e-06,16.11,BID
882,1712310750.2005804,64654079.44549151,15.56,0.0,16.11,BID
883,1712310780.2948823,64654079.44549151,15.56,0.0,16.11,BID
884,1712310801.180308,64654721.70549151,15.57,-2.785657502573028e-07,16.11,ASK
1085,1712310808.6146638,64654721.70624937,15.57,-3.287038366635685e-13,16.11,ASK
885,1712310808.6146638,64654721.70624937,15.57,-3.2870383666356853e-13,16.11,ASK
886,1712310810.2950976,64654721.70624937,15.57,-0.0,16.11,ASK
887,1712310820.4846413,64658587.57024937,15.56,-1.6767238108639115e-06,16.11,ASK
888,1712310840.2251368,64658587.57024937,15.56,-0.0,16.11,ASK
889,1712310849.22577,64676460.22044975,15.56,-7.751621973228152e-06,16.11,ASK
890,1712310854.105109,64676790.22044975,15.53,-1.4312568211683765e-07,16.11,ASK
891,1712310854.1107426,64677956.1091313,15.53,-5.056624630865175e-07,16.11,ASK
892,1712310857.9546556,64678277.44589222,15.56,1.393683124132051e-07,16.11,BID
893,1712310870.2076058,64678277.44589222,15.56,0.0,16.11,BID
894,1712310881.3131082,64679077.68844446,15.56,3.470304426451065e-07,16.11,BID
895,1712310894.9049492,64681684.54696892,15.56,1.1304813336037843e-06,16.11,BID
896,1712310900.3046093,64681684.54696892,15.56,0.0,16.11,BID
897,1712310930.3080025,64681684.54696892,15.56,0.0,16.11,BID
898,1712310948.6106596,64842639.07246592,15.55,6.979889666555536e-05,16.11,BID
899,1712310948.6246758,64842639.07246639,15.55,2.0355230848818348e-16,16.11,BID
900,1712310960.214483,64842639.07246639,15.55,0.0,16.11,BID
901,1712310990.2046309,64842639.07246639,15.55,0.0,16.11,BID
902,1712311020.2950234,64842639.07246639,15.55,0.0,16.11,BID
903,1712311044.9846566,64844566.81813112,15.57,8.350721208399227e-07,16.11,BID
904,1712311050.2962086,64844566.81813112,15.57,0.0,16.11,BID
905,1712311068.8546174,64850989.42570979,15.57,2.7821464711507377e-06,16.11,BID
906,1712311079.394778,64878088.55950108,15.57,1.1738808346167624e-05,16.11,BID
907,1712311079.4022522,64915215.50149655,15.57,1.6082656365355892e-05,16.11,BID
908,1712311080.1854432,64915215.50149655,15.57,0.0,16.11,BID
909,1712311089.4946222,64937790.05203755,15.57,9.774191059038536e-06,16.11,BID
910,1712311089.6344614,64937790.05203839,15.57,3.613015723063112e-16,16.11,BID
911,1712311110.219347,64937790.05203839,15.57,0.0,16.11,BID
912,1712311140.3169634,64937790.05203839,15.57,0.0,16.11,BID
913,1712311170.2972355,64937790.05203839,15.57,0.0,16.11,BID
914,1712311200.3147416,64937790.05203839,15.57,0.0,16.11,BID
915,1712311217.1901882,64958666.88804939,15.58,9.042793516744611e-06,16.11,BID
916,1712311230.1441784,64965921.32707339,15.58,3.14225748285295e-06,16.11,BID
917,1712311230.214526,64965921.32707339,15.58,0.0,16.11,BID
918,1712311230.2179446,65013797.00061539,15.58,2.073339355391776e-05,16.11,BID
919,1712311260.2354498,65013797.00061539,15.58,0.0,16.11,BID
920,1712311268.4048655,65016979.00712539,15.58,-1.3775782980600424e-06,16.11,ASK
921,1712311290.198977,65016979.00712539,15.58,-0.0,16.11,ASK
922,1712311320.29537,65016979.00712539,15.58,-0.0,16.11,ASK
923,1712311327.6248622,65019592.63121734,15.59,-1.131485602858298e-06,16.11,ASK
924,1712311327.6326995,65049899.89998265,15.58,-1.3120570159874884e-05,16.11,ASK
925,1712311350.3152263,65049899.89998265,15.58,-0.0,16.11,ASK
926,1712311375.464775,65051184.42149839,15.58,-5.559693661533233e-07,16.11,ASK
927,1712311380.2283676,65051184.42149839,15.58,-0.0,16.11,ASK
928,1712311401.3802166,65051504.99842146,15.6,1.3875159171499554e-07,16.11,BID
929,1712311408.12484,65052105.74341175,15.58,-2.600134869927263e-07,16.11,ASK
930,1712311409.584952,65074948.93029303,15.58,-9.886951653427968e-06,16.11,ASK
931,1712311410.2357025,65074948.93029303,15.58,-0.0,16.11,ASK
932,1712311428.1153526,65081050.9530574,15.58,-2.64064457025643e-06,16.11,ASK
933,1712311428.125174,65089212.21655747,15.58,-3.531779047717605e-06,16.11,ASK
934,1712311440.3065505,65089212.21655747,15.58,-0.0,16.11,ASK
935,1712311460.5458715,65089528.67903058,15.58,-1.3693566681854917e-07,16.11,ASK
936,1712311467.687115,65117360.67903058,15.57,-1.2043113489721011e-05,16.11,ASK
937,1712311470.3162465,65117360.67903058,15.57,-0.0,16.11,ASK
938,1712311500.2260633,65117360.67903058,15.57,-0.0,16.11,ASK
939,1712311519.2373383,65121622.06374477,15.57,-1.8456805600853e-06,16.11,ASK
940,1712311519.2493076,65133611.67075165,15.57,-5.192909361598528e-06,16.11,ASK
941,1712311522.8371344,65143093.73134537,15.57,-4.106846971387834e-06,16.11,ASK
942,1712311524.037062,65171877.04768737,15.57,-1.2466559813375891e-05,16.11,ASK
943,1712311524.0439937,65171877.04768825,15.57,-3.8401029953343324e-16,16.11,ASK
944,1712311530.2027955,65171877.04768825,15.57,-0.0,16.11,ASK
945,1712311560.2976966,65171877.04768825,15.57,-0.0,16.11,ASK
946,1712311590.2982893,65171877.04768825,15.57,-0.0,16.11,ASK
947,1712311619.8686152,65279077.04768825,15.56,-4.641313942466552e-05,16.11,ASK
948,1712311619.9485023,65347278.97564342,15.56,2.952859693296725e-05,16.11,BID
949,1712311619.954465,65411566.9859295,15.56,2.783403343975805e-05,16.11,BID
950,1712311619.968469,65655833.86253138,15.56,0.0001057573936618,16.11,BID
951,1712311620.2007103,65655833.86253138,15.56,0.0,16.11,BID
952,1712311650.2192087,65655833.86253138,15.56,0.0,16.11,BID
953,1712311673.5294518,65661260.48996932,15.58,-2.3418686009429264e-06,16.11,ASK
954,1712311675.3094516,65665695.25960772,15.57,-1.913830991227152e-06,16.11,ASK
955,1712311675.3132553,65666687.11740726,15.58,-4.2803760971577457e-07,16.11,ASK
956,1712311680.3073924,65666687.11740726,15.58,-0.0,16.11,ASK
957,1712311690.40969,65680816.85408034,15.57,-6.097262651405523e-06,16.11,ASK
958,1712311695.829733,65754007.69626512,15.61,3.158330539367959e-05,16.11,BID
959,1712311695.837469,65818137.49548929,15.61,2.7673284980369155e-05,16.11,BID
960,1712311710.3005102,65818137.49548929,15.61,0.0,16.11,BID
961,1712311740.2301576,65818137.49548929,15.61,0.0,16.11,BID
962,1712311770.2030838,65818137.49548929,15.61,0.0,16.11,BID
963,1712311780.4805417,65831468.52272929,15.59,5.7467423578059686e-06,16.11,BID
964,1712311800.2538023,65831468.52272929,15.59,0.0,16.11,BID
965,1712311809.8711076,65832042.57554215,15.58,-2.483456917545752e-07,16.11,ASK
966,1712311830.220974,65832042.57554215,15.58,-0.0,16.11,ASK
967,1712311848.4051328,65843410.7699099,15.59,-4.918068699076309e-06,16.11,ASK
968,1712311860.341464,65843410.7699099,15.59,-0.0,16.11,ASK
969,1712311871.4615097,65898819.8354219,15.61,2.396903939094051e-05,16.11,BID
1170,1712311871.4815888,65898819.83542254,15.61,2.7717775425390133e-16,16.11,BID
970,1712311871.4815888,65898819.83542254,15.61,2.771777542539013e-16,16.11,BID
971,1712311888.8718283,65905221.8840781,15.62,2.7694196787106824e-06,16.11,BID
972,1712311890.305237,65905221.8840781,15.62,0.0,16.11,BID
973,1712311920.2520034,65905221.8840781,15.62,0.0,16.11,BID
974,1712311950.2260797,65905221.8840781,15.62,0.0,16.11,BID
975,1712311980.332512,65905221.8840781,15.62,0.0,16.11,BID
976,1712311986.2682395,65955221.8840781,15.6,-2.162014311784601e-05,16.11,ASK
977,1712312010.3144789,65955221.8840781,15.6,-0.0,16.11,ASK
978,1712312040.2141578,65955221.8840781,15.6,-0.0,16.11,ASK
979,1712312045.4328938,65969321.8840781,15.62,6.094824731898059e-06,16.11,BID
980,1712312052.8532224,65970686.36723521,15.6,-5.898074959029675e-07,16.11,ASK
981,1712312052.8569143,65974085.01224567,15.6,-1.469088345012189e-06,16.11,ASK
982,1712312070.2157352,65974085.01224567,15.6,-0.0,16.11,ASK
983,1712312100.2271855,65974085.01224567,15.6,-0.0,16.11,ASK
984,1712312115.2053137,65996747.90176408,15.61,-9.798140953823176e-06,16.11,ASK
985,1712312130.233994,65996747.90176408,15.61,-0.0,16.11,ASK
986,1712312160.313978,65996747.90176408,15.61,-0.0,16.11,ASK
987,1712312182.6752434,66024085.01224508,15.61,-1.1817200096593544e-05,16.11,ASK
988,1712312190.3049147,66024085.01224508,15.61,-0.0,16.11,ASK
989,1712312220.2176397,66024085.01224508,15.61,-0.0,16.11,ASK
990,1712312250.2255025,66024085.01224508,15.61,-0.0,16.11,ASK
991,1712312264.534628,66024404.90987783,15.63,1.3825883793410122e-07,16.11,BID
992,1712312280.31617,66024404.90987783,15.63,0.0,16.11,BID
993,1712312292.2347608,66024404.90987842,15.61,-2.5438889325107805e-16,16.11,ASK
994,1712312310.310785,66024404.90987842,15.61,-0.0,16.11,ASK
995,1712312340.2013948,66024404.90987842,15.61,-0.0,16.11,ASK
996,1712312370.2289555,66024404.90987842,15.61,-0.0,16.11,ASK
997,1712312400.2352047,66024404.90987842,15.61,-0.0,16.11,ASK
998,1712312418.4866722,66071969.49634669,15.58,-2.058808036245081e-05,16.11,ASK
999,1712312418.4916334,66074066.77996915,15.59,-9.077981533768164e-07,16.11,ASK
1000,1712312418.4952128,66081127.11372942,15.58,-3.056028226779694e-06,16.11,ASK
1201,1712312420.1454456,66081127.11373037,15.58,-4.1279289748212887e-16,16.11,ASK
1202,1712312430.2164268,66081127.11373037,15.58,-0.0,16.11,ASK
1203,1712312460.3167474,66081127.11373037,15.58,-0.0,16.11,ASK
1204,1712312480.8258717,66081768.96225411,15.57,-2.777145144035381e-07,16.11,ASK
1205,1712312480.8273332,66082118.96225411,15.57,-1.514377247071739e-07,16.11,ASK
1206,1712312480.88926,66101735.53863592,15.55,-8.487684839445122e-06,16.11,ASK
1207,1712312490.3170266,66101735.53863592,15.55,-0.0,16.11,ASK
1208,1712312520.221574,66101735.53863592,15.55,-0.0,16.11,ASK
1209,1712312523.2070737,66149269.05871665,15.55,-2.056391457756331e-05,16.11,ASK
1210,1712312523.2092698,66149590.45974492,15.56,-1.390442634875998e-07,16.11,ASK
1211,1712312523.2460136,66149590.4597454,15.55,-2.0628892141889208e-16,16.11,ASK
1212,1712312528.2662146,66167049.31856472,15.55,-7.553037956635477e-06,16.11,ASK
1213,1712312531.3761694,66207094.42870028,15.55,-1.7324284477106502e-05,16.11,ASK
1214,1712312550.2299173,66207094.42870028,15.55,-0.0,16.11,ASK
1215,1712312558.5161738,66233984.52905759,15.55,-1.1624934892908078e-05,16.11,ASK
1216,1712312558.936162,66245455.58134945,15.55,-4.959082869682002e-06,16.11,ASK
1217,1712312580.3271844,66245455.58134945,15.55,-0.0,16.11,ASK
1218,1712312581.536527,66268277.91539557,15.55,-9.863843698925213e-06,16.11,ASK
1219,1712312583.0064018,66310996.60469075,15.55,-1.846307539706454e-05,16.11,ASK
1220,1712312583.0763586,66342882.49248283,15.55,-1.3781123909013466e-05,16.11,ASK
1221,1712312583.466586,66365472.19429454,15.55,-9.763299731994291e-06,16.11,ASK
1222,1712312585.59628,66379805.51674226,15.55,-6.194881383509549e-06,16.11,ASK
1223,1712312586.056353,66403986.58737312,15.55,-1.0451091491932667e-05,16.11,ASK
1224,1712312586.0895858,66422282.2313242,15.55,-7.90740210619627e-06,16.11,ASK
1225,1712312588.06686,66435819.7860183,15.55,-5.850949482130738e-06,16.11,ASK
1226,1712312588.0863006,66446065.63960771,15.55,-4.428271804444321e-06,16.11,ASK
1227,1712312588.307383,66462095.66685434,15.55,-6.928199496626761e-06,16.11,ASK
1228,1712312588.3662992,66480318.75270679,15.55,-7.876042397652772e-06,16.11,ASK
1229,1712312588.3894515,66493112.97299573,15.55,-5.529679345007437e-06,16.11,ASK
1230,1712312591.3362117,66500738.84811759,15.55,-3.295913560705082e-06,16.11,ASK
1231,1712312593.826341,66508166.52652559,15.55,-3.210252672416799e-06,16.11,ASK
1232,1712312595.0795686,66523703.67053631,15.55,-6.71517469421488e-06,16.11,ASK
1233,1712312595.5964603,66535317.30460225,15.55,-5.019428379736791e-06,16.11,ASK
1234,1712312598.5096183,66561592.01409008,15.55,-1.1355965042788974e-05,16.11,ASK
1235,1712312598.5864608,66581243.7544589,15.55,-8.49350881544659e-06,16.11,ASK
1236,1712312599.0908785,66595912.22318544,15.55,-6.3397320593413145e-06,16.11,ASK
1237,1712312603.3463137,66630138.66340252,15.55,-1.4792713838538276e-05,16.11,ASK
1238,1712312606.3163412,66644988.31040667,15.55,-6.418037556417873e-06,16.11,ASK
1239,1712312607.442889,66654513.91323794,15.55,-4.11697845083496e-06,16.11,ASK
1240,1712312607.5832584,66664261.52651293,15.55,-4.212931665436215e-06,16.11,ASK
1241,1712312610.3184035,66664261.52651293,15.55,-0.0,16.11,ASK
1242,1712312616.7972176,66672295.4196186,15.55,-3.4625136109914765e-06,16.11,ASK
1243,1712312619.5875726,66687433.41499493,15.55,-6.524298287798111e-06,16.11,ASK
1244,1712312619.6062114,66698755.96124302,15.55,-4.879884506728706e-06,16.11,ASK
1245,1712312620.0463212,66707150.75292111,15.55,-3.6180566587721928e-06,16.11,ASK
1246,1712312620.7265236,66728770.91758047,15.55,-9.318037148398838e-06,16.11,ASK
1247,1712312626.7531157,66744925.74236015,15.55,-6.962539823108624e-06,16.11,ASK
1248,1712312627.896352,66753371.43110649,15.55,-3.639992697657387e-06,16.11,ASK
1249,1712312634.8019128,66755943.77837338,15.55,-1.1086514727855631e-06,16.11,ASK
1250,1712312640.2329834,66755943.77837338,15.55,-0.0,16.11,ASK
1251,1712312641.6278677,66768812.11621945,15.55,-5.542696870527301e-06,16.11,ASK
1252,1712312646.296559,66792677.27646545,15.55,-1.0279287860827126e-05,16.11,ASK
1253,1712312646.299552,66792677.27646565,15.55,-8.343766433211695e-17,16.11,ASK
1254,1712312647.6266687,66855524.40324774,15.53,-2.706974102666178e-05,16.11,ASK
1255,1712312647.6296709,66855973.43822799,15.53,-1.9340996557392866e-07,16.11,ASK
1256,1712312648.7095668,66876755.06800512,15.54,-8.951138500404533e-06,16.11,ASK
1257,1712312670.229296,66876755.06800512,15.54,-0.0,16.11,ASK
1258,1712312671.1567678,66882660.78219071,15.53,-2.5416754864674287e-06,16.11,ASK
1259,1712312700.307908,66882660.78219071,15.53,-0.0,16.11,ASK
1260,1712312709.096764,66974232.39919671,15.53,-3.941214759446079e-05,16.11,ASK
1261,1712312709.2022476,67105233.23420435,15.53,-5.638236402422408e-05,16.11,ASK
1262,1712312709.203694,67108452.80921971,15.53,-1.3856953698703756e-06,16.11,ASK
1263,1712312723.8467789,67108837.46621971,15.52,-1.6555521189674798e-07,16.11,ASK
1264,1712312723.8567324,67108837.46622044,15.53,-3.142573254860573e-16,16.11,ASK
1265,1712312723.8590548,67753809.21165138,15.52,-0.0002775938926962,16.11,ASK
1266,1712312730.3067625,67753809.21165138,15.52,-0.0,16.11,ASK
1267,1712312735.736766,67799211.13943991,15.51,-1.942778231843465e-05,16.11,ASK
1268,1712312735.738538,67887866.19152538,15.51,-3.793607754649931e-05,16.11,ASK
1269,1712312737.9168377,67890484.9257737,15.51,-1.120573539585698e-06,16.11,ASK
1270,1712312737.9192724,68025186.83293433,15.5,-5.7639828475659415e-05,16.11,ASK
1271,1712312753.507384,68040680.83293433,15.51,6.629984097677459e-06,16.11,BID
1272,1712312753.5113325,68162195.13290806,15.52,5.1996764971357534e-05,16.11,BID
1273,1712312760.23052,68162195.13290806,15.52,0.0,16.11,BID
1274,1712312763.4019709,68171717.78577454,15.5,-4.0637913196698425e-06,16.11,ASK
1275,1712312763.6125531,68213752.79167762,15.5,-1.7938435277049193e-05,16.11,ASK
1276,1712312763.6705766,68256092.13340808,15.5,-1.806831056610085e-05,16.11,ASK
1277,1712312765.860804,68290142.56131461,15.5,-1.4531017280345552e-05,16.11,ASK
1278,1712312765.996921,68311225.96217307,15.5,-8.997339564828958e-06,16.11,ASK
1279,1712312766.6768603,68343525.53933251,15.5,-1.378384186947664e-05,16.11,ASK
1280,1712312768.1470616,68535017.4385394,15.5,-8.171915207820514e-05,16.11,ASK
1281,1712312768.1494715,68586017.4385394,15.5,-2.176424576313602e-05,16.11,ASK
1282,1712312768.1519003,68586340.08370069,15.5,-1.3768879577480566e-07,16.11,ASK
1283,1712312784.087163,68592795.86162193,15.49,-2.7550026915724067e-06,16.11,ASK
1284,1712312784.0902517,68593234.50258543,15.48,-1.871899947309631e-07,16.11,ASK
1285,1712312784.0970902,68612601.83634914,15.49,-8.26500807471086e-06,16.11,ASK
1286,1712312784.100159,68638343.94299704,15.48,-1.098544187344349e-05,16.11,ASK
1287,1712312790.2210217,68638343.94299704,15.48,-0.0,16.11,ASK
1288,1712312820.3286493,68638343.94299704,15.48,-0.0,16.11,ASK
1289,1712312848.4770565,68651364.77633037,15.48,-5.539195444970058e-06,16.11,ASK
1290,1712312850.3198211,68651364.77633037,15.48,-0.0,16.11,ASK
1291,1712312880.2386036,68651364.77633037,15.48,-0.0,16.11,ASK
1292,1712312890.9375005,68666364.77633037,15.5,6.380606036406077e-06,16.11,BID
1293,1712312910.221803,68666364.77633037,15.5,0.0,16.11,BID
1294,1712312940.3374047,68666364.77633037,15.5,0.0,16.11,BID
1295,1712312970.3199568,68666364.77633037,15.5,0.0,16.11,BID
1296,1712312980.2587752,69053138.18572636,15.52,0.0001645069804069,16.11,BID
1297,1712312980.277518,69053138.18572678,15.52,1.7746220201329903e-16,16.11,BID
1298,1712313000.3095982,69053138.18572678,15.52,0.0,16.11,BID
1299,1712313021.7317662,69084710.35067476,15.52,-1.3444308463879445e-05,16.11,ASK
1300,1712313025.347764,69084710.35067523,15.52,-1.967052321116947e-16,16.11,ASK
1301,1712313030.2297204,69084710.35067523,15.52,-0.0,16.11,ASK
1302,1712313060.2821026,69084710.35067523,15.52,-0.0,16.11,ASK
1303,1712313066.7480936,69100189.1522216,15.52,6.589930415776384e-06,16.11,BID
1304,1712313090.2178955,69100189.1522216,15.52,0.0,16.11,BID
1305,1712313120.332057,69100189.1522216,15.52,0.0,16.11,BID
1306,1712313120.86882,69101189.1522216,15.5,-4.256955213929217e-07,16.11,ASK
1307,1712313120.8703485,69113108.15419222,15.5,-5.073865758365899e-06,16.11,ASK
1308,1712313121.9480724,69145345.42047204,15.49,-1.3723259877268988e-05,16.11,ASK
1309,1712313121.9506762,69147107.2120498,15.5,-7.499867842786707e-07,16.11,ASK
1310,1712313121.9532146,69233804.03616023,15.49,-3.6906449742801386e-05,16.11,ASK
1311,1712313128.562317,69233804.03616136,15.49,-4.82095176366896e-16,16.11,ASK
1312,1712313128.6859283,69234804.03616136,15.48,-4.256955213929217e-07,16.11,ASK
1313,1712313128.6933224,69252664.01211235,15.48,-7.602911774520088e-06,16.11,ASK
1314,1712313128.694852,69282921.76615036,15.48,-1.2880590381387771e-05,16.11,ASK
1315,1712313129.1979673,69282921.76615085,15.48,-2.0933080026457327e-16,16.11,ASK
1316,1712313150.3264575,69282921.76615085,15.48,-0.0,16.11,ASK
1317,1712313180.2249677,69282921.76615085,15.48,-0.0,16.11,ASK
1318,1712313191.2086818,69283921.76615085,15.46,-4.251832620541745e-07,16.11,ASK
1319,1712313191.211401,69284251.76615085,15.46,-1.4031047647787756e-07,16.11,ASK
1320,1712313191.2140162,69293620.36335666,15.47,-3.983370720841192e-06,16.11,ASK
1321,1712313191.2166216,69296032.47475561,15.46,-1.025589393043712e-06,16.11,ASK
1322,1712313191.2192702,69302492.42307603,15.47,-2.7466618995769635e-06,16.11,ASK
1323,1712313195.8485084,69334854.88262296,15.45,-1.375997611825725e-05,16.11,ASK
1324,1712313195.852073,69339680.94166435,15.44,-2.051959526086701e-06,16.11,ASK
1325,1712313195.855467,69382413.86489972,15.45,-1.8169323698325965e-05,16.11,ASK
1326,1712313195.8637996,69386737.55422011,15.45,-1.8383603293502844e-06,16.11,ASK
1327,1712313195.865339,69393214.23815793,15.44,-2.7537776039752525e-06,16.11,ASK
1328,1712313195.8669071,69439500.72304974,15.45,-1.9680238635324e-05,16.11,ASK
1329,1712313196.6811967,69505766.45266075,15.46,2.817507907840885e-05,16.11,BID
1330,1712313196.682917,69505766.4526617,15.46,3.9915063246209895e-16,16.11,BID
1331,1712313205.3482678,69507443.87201653,15.5,7.13210633124153e-07,16.11,BID
1332,1712313210.2457762,69507443.87201653,15.5,0.0,16.11,BID
1333,1712313228.564388,69507766.66091259,15.49,1.370422540725853e-07,16.11,BID
1334,1712313240.3093705,69507766.66091259,15.49,0.0,16.11,BID
1335,1712313244.038621,69508090.49510948,15.44,-1.374857519079921e-07,16.11,ASK
1336,1712313270.3298647,69508090.49510948,15.44,-0.0,16.11,ASK
1337,1712313300.220225,69508090.49510948,15.44,-0.0,16.11,ASK
1338,1712313330.220668,69508090.49510948,15.44,-0.0,16.11,ASK
1339,1712313360.3126018,69508090.49510948,15.44,-0.0,16.11,ASK
1340,1712313361.188718,69538935.49510948,15.44,-1.3095735671211237e-05,16.11,ASK
1341,1712313390.3094783,69538935.49510948,15.44,-0.0,16.11,ASK
1342,1712313420.1991382,69538935.49510948,15.44,-0.0,16.11,ASK
1343,1712313435.358959,69680038.9061095,15.52,5.989558812858555e-05,16.11,BID
1344,1712313450.2234836,69680038.9061095,15.52,0.0,16.11,BID
1345,1712313480.3180995,69680038.9061095,15.52,0.0,16.11,BID
1346,1712313496.6281924,69879650.32049508,15.5,-8.465237935687221e-05,16.11,ASK
1347,1712313496.6298618,69986450.32049508,15.51,-4.529237039445953e-05,16.11,ASK
1348,1712313496.6315107,69988721.32049508,15.52,-9.6309899967994e-07,16.11,ASK
1349,1712313496.633137,70101121.32049508,15.53,-4.766725123911284e-05,16.11,ASK
1350,1712313496.6347628,70294669.70759186,15.5,-8.208113518387155e-05,16.11,ASK
1351,1712313510.320408,70294669.70759186,15.5,-0.0,16.11,ASK
1352,1712313540.202091,70294669.70759186,15.5,-0.0,16.11,ASK
1353,1712313570.2362025,70294669.70759186,15.5,-0.0,16.11,ASK
1354,1712313600.2483485,70294669.70759186,15.5,-0.0,16.11,ASK
1355,1712313630.218109,70294669.70759186,15.5,-0.0,16.11,ASK
1356,1712313660.326322,70294669.70759186,15.5,-0.0,16.11,ASK
1357,1712313690.313687,70294669.70759186,15.5,-0.0,16.11,ASK
1358,1712313720.238828,70294669.70759186,15.5,-0.0,16.11,ASK
1359,1712313750.212362,70294669.70759186,15.5,-0.0,16.11,ASK
1360,1712313780.304145,70294669.70759186,15.5,-0.0,16.11,ASK
1361,1712313792.752314,70296600.89044064,15.53,-8.181313948763684e-07,16.11,ASK
1362,1712313792.755948,70297276.56611632,15.54,-2.862450251011068e-07,16.11,ASK
1363,1712313810.3166409,70297276.56611632,15.54,-0.0,16.11,ASK
1364,1712313840.2312193,70297276.56611632,15.54,-0.0,16.11,ASK
1365,1712313870.2037396,70297276.56611632,15.54,-0.0,16.11,ASK
1366,1712313900.2222152,70297276.56611632,15.54,-0.0,16.11,ASK
1367,1712313930.2206008,70297276.56611632,15.54,-0.0,16.11,ASK
1368,1712313960.3019009,70297276.56611632,15.54,-0.0,16.11,ASK
1369,1712313965.6997702,70298159.32581545,15.61,3.744308645509872e-07,16.11,BID
1370,1712313965.7035654,70314471.50522588,15.61,6.918964974652958e-06,16.11,BID
1371,1712313965.7072434,70425271.50522588,15.61,4.699686656839205e-05,16.11,BID
1372,1712313990.3497765,70425271.50522588,15.61,0.0,16.11,BID
1373,1712314020.217745,70425271.50522588,15.61,0.0,16.11,BID
1374,1712314050.186807,70425271.50522588,15.61,0.0,16.11,BID
1375,1712314080.3032737,70425271.50522588,15.61,0.0,16.11,BID
1376,1712314110.300484,70425271.50522588,15.61,0.0,16.11,BID
1377,1712314140.2115371,70425271.50522588,15.61,0.0,16.11,BID
1378,1712314140.47316,70425592.63560481,15.57,-1.360951467915385e-07,16.11,ASK
1379,1712314170.2218258,70425592.63560481,15.57,-0.0,16.11,ASK
1380,1712314200.227279,70425592.63560481,15.57,-0.0,16.11,ASK
1381,1712314230.211014,70425592.63560481,15.57,-0.0,16.11,ASK
1382,1712314246.84683,70461587.52884312,15.57,-1.529804251246354e-05,16.11,ASK
1383,1712314260.2965865,70461587.52884312,15.57,-0.0,16.11,ASK
1384,1712314290.296609,70461587.52884312,15.57,-0.0,16.11,ASK
1385,1712314320.2162027,70461587.52884312,15.57,-0.0,16.11,ASK
1386,1712314323.706508,70471587.52884312,15.6,-4.249047060703679e-06,16.11,ASK
1387,1712314350.2173824,70471587.52884312,15.6,-0.0,16.11,ASK
1388,1712314365.5114472,70570087.97719713,15.6,4.185052998766394e-05,16.11,BID
1389,1712314365.5144804,70818190.7660226,15.6,0.0001054130552426,16.11,BID
1390,1712314380.2633,70818190.7660226,15.6,0.0,16.11,BID
1391,1712314404.015778,70819258.5806726,15.6,-4.526495199970856e-07,16.11,ASK
1392,1712314407.1058962,70819472.17659935,15.6,-9.054389140846373e-08,16.11,ASK
1393,1712314409.2158558,70837896.94260237,15.57,-7.810308172127646e-06,16.11,ASK
1394,1712314410.2000315,70837896.94260237,15.57,-0.0,16.11,ASK
1395,1712314427.318079,70845853.14193416,15.57,-3.3722157699356275e-06,16.11,ASK
1396,1712314440.3284223,70845853.14193416,15.57,-0.0,16.11,ASK
1397,1712314460.7968864,70853679.17405143,15.58,-3.3168705584832498e-06,16.11,ASK
1398,1712314467.3084297,70875752.2966273,15.58,-9.355148216686131e-06,16.11,ASK
1399,1712314467.917755,70886689.56441645,15.58,-4.635491009550939e-06,16.11,ASK
1400,1712314470.2960172,70886689.56441645,15.58,-0.0,16.11,ASK
1401,1712314474.9054754,70898131.91503704,15.58,-4.848250566068717e-06,16.11,ASK
1402,1712314482.0814598,70898521.99755703,15.58,-1.6528227993368078e-07,16.11,ASK
1403,1712314483.0455613,70906545.88257562,15.58,-3.3998088656239934e-06,16.11,ASK
1404,1712314488.4052866,70920245.69688897,15.58,-5.8047629112385335e-06,16.11,ASK
1405,1712314500.2136834,70920245.69688897,15.58,-0.0,16.11,ASK
1406,1712314530.2120397,70920245.69688897,15.58,-0.0,16.11,ASK
1407,1712314534.2476678,70932877.74499297,15.57,-5.351171517979533e-06,16.11,ASK
1408,1712314537.865903,70996506.84499297,15.57,-2.695447522296396e-05,16.11,ASK
1409,1712314551.5727785,71007159.62444684,15.57,-4.512716349047264e-06,16.11,ASK
1410,1712314560.3179069,71007159.62444684,15.57,-0.0,16.11,ASK
1411,1712314581.6752985,71015760.60633865,15.57,-3.641449074263048e-06,16.11,ASK
1412,1712314583.747764,71024153.54671282,15.57,-3.553369294376708e-06,16.11,ASK
1413,1712314584.1250772,71032846.77207586,15.57,-3.680502743618572e-06,16.11,ASK
1414,1712314584.157072,71041633.1005241,15.57,-3.719920352868414e-06,16.11,ASK
1415,1712314585.5113597,71057571.26521862,15.57,-6.7478359799318686e-06,16.11,ASK
1416,1712314585.5649233,71075300.16922608,15.57,-7.505991978328421e-06,16.11,ASK
1417,1712314586.258417,71088186.35560273,15.57,-5.455701691070479e-06,16.11,ASK
1418,1712314586.275128,71101207.61962512,15.57,-5.512890320723812e-06,16.11,ASK
1419,1712314587.2748618,71110495.60407095,15.57,-3.932309448787693e-06,16.11,ASK
1420,1712314587.7750232,71124424.59163335,15.57,-5.897198657379688e-06,16.11,ASK
1421,1712314589.5653772,71135789.36914457,15.57,-4.811573732861265e-06,16.11,ASK
1422,1712314590.3036294,71135789.36914457,15.57,-0.0,16.11,ASK
1423,1712314590.4050117,71142043.42387056,15.57,-2.645573261230116e-06,16.11,ASK
1424,1712314590.6052792,71159612.68465856,15.57,-7.432101028335542e-06,16.11,ASK
1425,1712314600.2051356,71169197.03870936,15.57,-4.054347445600099e-06,16.11,ASK
1426,1712314614.3797486,71196157.88125566,15.57,-1.1404902461808364e-05,16.11,ASK
1427,1712314615.8649848,71220945.2971345,15.57,-1.048550541004285e-05,16.11,ASK
1428,1712314620.2046456,71220945.2971345,15.57,-0.0,16.11,ASK
1429,1712314620.5827577,71241191.09389028,15.57,-8.559521239176008e-06,16.11,ASK
1430,1712314620.61876,71261731.4129974,15.57,-8.68403944668903e-06,16.11,ASK
1431,1712314621.7449417,71272231.8146703,15.57,-4.439361523938225e-06,16.11,ASK
1432,1712314621.7907803,71282852.1262588,15.57,-4.490057057526876e-06,16.11,ASK
1433,1712314622.2979813,71498163.6983277,15.57,-9.102946139367697e-05,16.11,ASK
1434,1712314622.2999349,71508163.6983277,15.57,-4.22780162343283e-06,16.11,ASK
1435,1712314622.3018067,71513023.3662833,15.57,-2.054571207199752e-06,16.11,ASK
1436,1712314623.409368,71527569.6879142,15.57,-6.149896220607455e-06,16.11,ASK
1437,1712314623.448106,71542237.30104622,15.57,-6.201175861148016e-06,16.11,ASK
1438,1712314650.207996,71542237.30104622,15.57,-0.0,16.11,ASK
1439,1712314680.2947235,71542237.30104622,15.57,-0.0,16.11,ASK
1440,1712314707.2946372,71542558.63780715,15.56,-1.3556808622798173e-07,16.11,ASK
1441,1712314710.3138278,71542558.63780715,15.56,-0.0,16.11,ASK
1442,1712314740.1975884,71542558.63780715,15.56,-0.0,16.11,ASK
1443,1712314742.1245136,71542967.98157667,15.56,-1.726968125990877e-07,16.11,ASK
1444,1712314742.127844,71566522.97514991,15.56,-9.937545441712316e-06,16.11,ASK
1445,1712314770.2169452,71566522.97514991,15.56,-0.0,16.11,ASK
1446,1712314773.6145558,71567898.49641897,15.56,-5.802232558972775e-07,16.11,ASK
1447,1712314773.6222332,71617862.303449,15.56,-2.1075764834916348e-05,16.11,ASK
1448,1712314773.6843874,71769519.622711,15.56,6.397218679389588e-05,16.11,BID
1449,1712314773.6875343,71769519.62271143,15.56,1.8228290126285766e-16,16.11,BID
1450,1712314800.3041613,71769519.62271143,15.56,0.0,16.11,BID
1451,1712314802.284596,71772880.96724924,15.55,-1.4166476674696998e-06,16.11,ASK
1452,1712314830.209852,71772880.96724924,15.55,-0.0,16.11,ASK
1453,1712314843.5641336,71816445.96081424,15.54,-1.836017888487544e-05,16.11,ASK
1454,1712314843.568565,71822880.96724924,15.54,-2.711990972655365e-06,16.11,ASK
1455,1712314860.306918,71822880.96724924,15.54,-0.0,16.11,ASK
1456,1712314885.3039613,71823201.54417232,15.6,1.350608002927975e-07,16.11,BID
1457,1712314890.309474,71823201.54417232,15.6,0.0,16.11,BID
1458,1712314913.1336129,71844017.23103146,15.54,-8.76974354694505e-06,16.11,ASK
1459,1712314916.6637273,71854425.07446104,15.54,-4.384871773475664e-06,16.11,ASK
1460,1712314920.2383654,71854425.07446104,15.54,-0.0,16.11,ASK
1461,1712314938.665897,71854747.03196266,15.53,-1.3561443707612058e-07,16.11,ASK
1462,1712314939.0749893,71869747.03196266,15.54,6.318276623174978e-06,16.11,BID
1463,1712314950.2175426,71869747.03196266,15.54,0.0,16.11,BID
1464,1712314980.294562,71869747.03196266,15.54,0.0,16.11,BID
1465,1712315010.308082,71869747.03196266,15.54,0.0,16.11,BID
1466,1712315040.2100792,71869747.03196266,15.54,0.0,16.11,BID
1467,1712315060.9690168,71953464.4902425,15.58,3.525980102686375e-05,16.11,BID
1468,1712315070.20729,71953464.4902425,15.58,0.0,16.11,BID
1469,1712315100.3342822,71953464.4902425,15.58,0.0,16.11,BID
1470,1712315130.3305612,71953464.4902425,15.58,0.0,16.11,BID
1471,1712315160.2056289,71953464.4902425,15.58,0.0,16.11,BID
1472,1712315164.4232638,71953786.44774412,15.53,-1.3553540063833652e-07,16.11,ASK
1473,1712315177.116493,71971447.72993243,15.53,-7.43492214076237e-06,16.11,ASK
1474,1712315180.4166918,72016719.308423,15.53,-1.905811014613468e-05,16.11,ASK
1475,1712315180.4206908,72062089.29033215,15.53,-1.909953532397672e-05,16.11,ASK
1476,1712315180.4351904,72093439.57366428,15.53,-1.3197621394637417e-05,16.11,ASK
1477,1712315186.596375,72110156.19439209,15.53,-7.0372452148552585e-06,16.11,ASK
1478,1712315186.613098,72127065.70912714,15.53,-7.118448374967695e-06,16.11,ASK
1479,1712315186.6730616,72137423.64707665,15.53,-4.360411739777925e-06,16.11,ASK
1480,1712315190.255336,72137423.64707665,15.53,-0.0,16.11,ASK
1481,1712315220.2879238,72137423.64707665,15.53,-0.0,16.11,ASK
1482,1712315238.6012895,72170166.51142792,15.53,-1.3767302796167762e-05,16.11,ASK
1483,1712315247.606609,72184849.19257747,15.53,-6.173586863895658e-06,16.11,ASK
1484,1712315248.3246524,72198614.79019627,15.53,-5.78798325507238e-06,16.11,ASK
1485,1712315248.3267367,72212210.72560593,15.53,-5.716645849119911e-06,16.11,ASK
1486,1712315248.3392105,72222504.92466618,15.53,-4.328373778970528e-06,16.11,ASK
1487,1712315250.2955966,72222504.92466618,15.53,-0.0,16.11,ASK
1488,1712315280.2364235,72222504.92466618,15.53,-0.0,16.11,ASK
1489,1712315310.2251773,72222504.92466618,15.53,-0.0,16.11,ASK
1490,1712315340.2950115,72222504.92466618,15.53,-0.0,16.11,ASK
1491,1712315370.3101685,72222504.92466618,15.53,-0.0,16.11,ASK
1492,1712315400.2457316,72222504.92466618,15.53,-0.0,16.11,ASK
1493,1712315424.3628316,72224504.92466618,15.58,8.435406694684191e-07,16.11,BID
1494,1712315424.3676126,72240154.74425317,15.59,6.600629645735716e-06,16.11,BID
1495,1712315424.4829583,72240154.7442538,15.59,2.639644452756166e-16,16.11,BID
1496,1712315430.2320845,72240154.7442538,15.59,0.0,16.11,BID
1497,1712315451.19463,72339319.14886327,15.62,4.181975110349919e-05,16.11,BID
1498,1712315460.2993777,72339319.14886327,15.62,0.0,16.11,BID
1499,1712315490.2954636,72339319.14886327,15.62,0.0,16.11,BID
1500,1712315520.1938477,72339319.14886327,15.62,0.0,16.11,BID
1501,1712315525.2673433,72375187.35623366,15.58,-1.5116515990310782e-05,16.11,ASK
1502,1712315526.8334172,72375827.56109922,15.62,2.6981184165066097e-07,16.11,BID
1503,1712315550.2073884,72375827.56109922,15.62,0.0,16.11,BID
1504,1712315580.3106897,72375827.56109922,15.62,0.0,16.11,BID
1505,1712315580.5046754,72430989.30922025,15.62,2.324213159925697e-05,16.11,BID
1506,1712315580.506891,72469067.44586232,15.62,1.604403582256872e-05,16.11,BID
1507,1712315610.2864892,72469067.44586232,15.62,0.0,16.11,BID
1508,1712315614.0692935,72469388.16427156,15.59,-1.350502526867033e-07,16.11,ASK
1509,1712315640.2037127,72469388.16427156,15.59,-0.0,16.11,ASK
1510,1712315656.799142,72469767.44586232,15.59,-1.5971009256505796e-07,16.11,ASK
1511,1712315670.2215116,72469767.44586232,15.59,-0.0,16.11,ASK
1512,1712315700.2397597,72469767.44586232,15.59,-0.0,16.11,ASK
1513,1712315730.2096624,72469767.44586232,15.59,-0.0,16.11,ASK
1514,1712315760.3313327,72469767.44586232,15.59,-0.0,16.11,ASK
1515,1712315790.2912903,72469767.44586232,15.59,-0.0,16.11,ASK
1516,1712315820.1996534,72469767.44586232,15.59,-0.0,16.11,ASK
1517,1712315850.2370458,72469767.44586232,15.59,-0.0,16.11,ASK
1518,1712315879.6092725,72470330.82614402,15.59,-2.3755401004623786e-07,16.11,ASK
1519,1712315880.2908373,72470330.82614402,15.59,-0.0,16.11,ASK
1520,1712315910.3022833,72470330.82614402,15.59,-0.0,16.11,ASK
1521,1712315940.236613,72470330.82614402,15.59,-0.0,16.11,ASK
1522,1712315970.2116797,72470330.82614402,15.59,-0.0,16.11,ASK
1523,1712316000.2749784,72470330.82614402,15.59,-0.0,16.11,ASK
1524,1712316013.3606,72476744.48874825,15.59,2.708454972054542e-06,16.11,BID
1525,1712316030.2156582,72476744.48874825,15.59,0.0,16.11,BID
1526,1712316060.308479,72476744.48874825,15.59,0.0,16.11,BID
1527,1712316064.3130789,72477420.16442391,15.58,2.853221297171007e-07,16.11,BID
1528,1712316071.491068,72511909.176681,15.58,-1.4563908075294962e-05,16.11,ASK
1529,1712316072.785974,72535497.175606,15.58,9.960663572013396e-06,16.11,BID
1530,1712316072.8036473,72535497.175607,15.58,4.2159173463863923e-16,16.11,BID
1531,1712316076.496241,72642022.83354399,15.59,4.4983308837323065e-05,16.11,BID
1532,1712316078.8859198,72642022.8335442,15.59,8.80937952976261e-17,16.11,BID
1533,1712316090.31541,72642022.8335442,15.59,0.0,16.11,BID
1534,1712316103.2515244,72642375.62379415,15.59,-1.488132376902929e-07,16.11,ASK
1535,1712316103.3813927,72658166.87563615,15.59,6.661032480532524e-06,16.11,BID
1536,1712316103.4014287,72658166.8756365,15.59,1.508538317843938e-16,16.11,BID
1537,1712316120.2211452,72658166.8756365,15.59,0.0,16.11,BID
1538,1712316130.7260385,72682107.76002173,15.6,-1.0097621238448428e-05,16.11,ASK
1539,1712316132.526116,72839319.72395813,15.6,-6.630777879541924e-05,16.11,ASK
1540,1712316132.5745306,72872771.01496083,15.6,-1.4108855004984824e-05,16.11,ASK
1541,1712316138.6514645,72893074.8825265,15.59,-8.563625347120445e-06,16.11,ASK
1542,1712316138.7116368,72955688.2036685,15.59,-2.640861512047503e-05,16.11,ASK
1543,1712316139.511731,72968384.12612072,15.6,-5.354798683804852e-06,16.11,ASK
1544,1712316139.515553,73055736.08446679,15.6,-3.684270704550756e-05,16.11,ASK
1545,1712316139.5392878,73213105.2603671,15.6,-6.63740865742022e-05,16.11,ASK
1546,1712316139.5525625,73273279.53620735,15.6,-2.5379891400657568e-05,16.11,ASK
1547,1712316139.5917184,73304281.08694278,15.58,-1.3075620436313314e-05,16.11,ASK
1548,1712316150.2255168,73304281.08694278,15.58,-0.0,16.11,ASK
1549,1712316180.3512948,73304281.08694278,15.58,-0.0,16.11,ASK
1550,1712316210.3059893,73304281.08694278,15.58,-0.0,16.11,ASK
1551,1712316220.822395,73374281.08694278,15.56,-2.939915355816143e-05,16.11,ASK
1552,1712316240.243512,73374281.08694278,15.56,-0.0,16.11,ASK
1553,1712316264.392614,73377010.08694278,15.58,-1.1456229346987046e-06,16.11,ASK
1554,1712316264.4725523,73399531.47462578,15.58,9.454385581125123e-06,16.11,BID
1555,1712316264.4925597,73399531.47462663,15.58,3.565604195628104e-16,16.11,BID
1556,1712316270.2122972,73399531.47462663,15.58,0.0,16.11,BID
1557,1712316275.9726436,73399858.60740405,15.59,1.3730631367790402e-07,16.11,BID
1558,1712316300.3129148,73399858.60740405,15.59,0.0,16.11,BID
