,time,acc_trade_volume,trade_price,dev,high,ask_bid
0,1712300395.5281034,8934127.39291821,270.2,0.0,276.5,ASK
1,1712300399.6023304,8934149.59869171,270.2,3.4262836146350102e-09,276.5,BID
2,1712300400.5633664,8934149.59869171,270.2,0.0,276.5,BID
3,1712300419.2624002,8934290.16679695,270.2,2.1713247348605995e-08,276.5,BID
4,1712300419.2758484,8934519.69491672,270.2,3.5454705955159394e-08,276.5,BID
5,1712300430.4433897,8934519.69491672,270.2,0.0,276.5,BID
6,1712300437.8123572,8934530.01441222,270.2,1.59400524634192e-09,276.5,BID
7,1712300460.6024628,8934530.01441222,270.2,0.0,276.5,BID
8,1712300461.992515,8936380.49553731,270.3,2.858352281795056e-07,276.5,BID
9,1712300490.5944571,8936380.49553731,270.3,0.0,276.5,BID
10,1712300520.422783,8936380.49553731,270.3,0.0,276.5,BID
11,1712300550.4126422,8936380.49553731,270.3,0.0,276.5,BID
12,1712300580.562731,8936380.49553731,270.3,0.0,276.5,BID
13,1712300610.5928705,8936380.49553731,270.3,0.0,276.5,BID
14,1712300640.4429407,8936380.49553731,270.3,0.0,276.5,BID
15,1712300670.4340868,8936380.49553731,270.3,0.0,276.5,BID
16,1712300700.5934415,8936380.49553731,270.3,0.0,276.5,BID
17,1712300730.584396,8936380.49553731,270.3,0.0,276.5,BID
18,1712300760.3950384,8936380.49553731,270.3,0.0,276.5,BID
19,1712300780.0434935,8936750.55042293,270.2,-5.7216480701619177e-08,276.5,ASK
20,1712300780.0445008,8937120.78366987,270.2,-5.7244058251805794e-08,276.5,ASK
21,1712300780.6235504,8937876.5332166,270.2,-1.1685112407966045e-07,276.5,ASK
22,1712300790.403312,8937876.5332166,270.2,-0.0,276.5,ASK
23,1712300794.2056258,8938063.7991342,270.2,-2.8952535274559452e-08,276.5,ASK
24,1712300795.9134398,8938527.19066436,270.2,-7.16433603869476e-08,276.5,ASK
25,1712300796.016167,8939637.8904052,270.1,-1.7172144209724038e-07,276.5,ASK
26,1712300796.017621,8940100.4505681,270.1,-7.151482557279065e-08,276.5,ASK
27,1712300803.2534103,8943804.1542718,270.0,-5.726168087687886e-07,276.5,ASK
28,1712300803.264687,8955181.32647651,269.9,-1.758985210983998e-06,276.5,ASK
29,1712300820.6038463,8955181.32647651,269.9,-0.0,276.5,ASK
30,1712300824.6436152,8971102.4438129,269.9,-2.4597323316420302e-06,276.5,ASK
31,1712300824.644751,8975342.79230132,269.9,-6.551124556162914e-07,276.5,ASK
32,1712300824.6458347,8977022.79230132,270.0,-2.595515270598423e-07,276.5,ASK
33,1712300850.5851858,8977022.79230132,270.0,-0.0,276.5,ASK
34,1712300866.003551,8984563.23025552,269.8,-1.1638995831043266e-06,276.5,ASK
35,1712300873.3736415,8988261.45510759,269.8,-5.708371834228564e-07,276.5,ASK
36,1712300880.3597436,8988261.45510759,269.8,-0.0,276.5,ASK
37,1712300910.413919,8988261.45510759,269.8,-0.0,276.5,ASK
38,1712300937.4754298,8989676.88358876,270.2,2.183753710581414e-07,276.5,BID
39,1712300940.5659554,8989676.88358876,270.2,0.0,276.5,BID
40,1712300970.595098,8989676.88358876,270.2,0.0,276.5,BID
41,1712301000.4564614,8989676.88358876,270.2,0.0,276.5,BID
42,1712301030.40792,8989676.88358876,270.2,0.0,276.5,BID
43,1712301060.6076305,8989676.88358876,270.2,0.0,276.5,BID
44,1712301067.1874113,8990602.12415131,270.2,1.428538181186027e-07,276.5,BID
45,1712301067.189231,8997147.95265002,270.2,1.010652398563658e-06,276.5,BID
46,1712301089.3742497,8997200.78265002,270.2,-8.156762161843381e-09,276.5,ASK
47,1712301090.5856512,8997200.78265002,270.2,-0.0,276.5,ASK
48,1712301116.4844587,8997305.08388286,270.2,-1.6098682480878513e-08,276.5,ASK
49,1712301120.3763163,8997305.08388286,270.2,-0.0,276.5,ASK
50,1712301135.7644289,8997675.18010788,270.2,-5.712334873746562e-08,276.5,ASK
51,1712301150.4442906,8997675.18010788,270.2,-0.0,276.5,ASK
52,1712301180.555149,8997675.18010788,270.2,-0.0,276.5,ASK
53,1712301210.5843885,8997675.18010788,270.2,-0.0,276.5,ASK
54,1712301210.812965,8997718.05976695,270.2,-6.618256949129637e-09,276.5,ASK
55,1712301240.4092145,8997718.05976695,270.2,-0.0,276.5,ASK
56,1712301270.3912773,8997718.05976695,270.2,-0.0,276.5,ASK
57,1712301300.4706018,8997718.05976695,270.2,-0.0,276.5,ASK
58,1712301300.5205767,8998829.05976695,270.2,-1.7155811985229785e-07,276.5,ASK
59,1712301327.750089,8999029.05976695,270.2,-3.0883549928406455e-08,276.5,ASK
60,1712301330.4007056,8999029.05976695,270.2,-0.0,276.5,ASK
61,1712301360.425037,8999029.05976695,270.2,-0.0,276.5,ASK
62,1712301390.389228,8999029.05976695,270.2,-0.0,276.5,ASK
63,1712301402.399165,8999270.05162483,270.3,-3.721138492294462e-08,276.5,ASK
64,1712301420.5682645,8999270.05162483,270.3,-0.0,276.5,ASK
65,1712301422.4781098,9019071.75049533,270.2,-3.0575357771593104e-06,276.5,ASK
66,1712301450.5692549,9019071.75049533,270.2,-0.0,276.5,ASK
67,1712301458.9274378,9027136.74344658,270.4,1.24426947033107e-06,276.5,BID
68,1712301459.0075152,9028158.01585191,270.5,1.5756220526478016e-07,276.5,BID
69,1712301466.8571982,9031912.58666415,270.4,-5.792562825665908e-07,276.5,ASK
70,1712301477.5870922,9043717.7177971,270.4,-1.821299082438713e-06,276.5,ASK
71,1712301477.710869,9053221.01750646,270.2,-1.4661718574632458e-06,276.5,ASK
72,1712301477.7670872,9054242.28991179,270.2,-1.5756220526478016e-07,276.5,ASK
73,1712301477.7921016,9057734.13677287,270.2,-5.387231545737619e-07,276.5,ASK
74,1712301478.2700994,9057754.13677287,270.2,-3.0856058470287077e-09,276.5,ASK
75,1712301478.2717106,9081259.51305536,270.2,-3.626416324693176e-06,276.5,ASK
76,1712301478.273079,9081323.69979118,269.9,-9.902748367397838e-09,276.5,ASK
77,1712301479.3970995,9081378.14934607,269.6,-8.400493246895547e-09,276.5,ASK
78,1712301479.4070332,9081605.16436832,269.6,-3.5023944000881e-08,276.5,ASK
79,1712301480.408688,9081605.16436832,269.6,-0.0,276.5,ASK
80,1712301510.407911,9081605.16436832,269.6,-0.0,276.5,ASK
81,1712301518.0264435,9085312.03078668,269.5,-5.704090653987065e-07,276.5,ASK
82,1712301518.036321,9099509.39676832,269.5,-2.184677122596216e-06,276.5,ASK
83,1712301540.5875423,9099509.39676832,269.5,-0.0,276.5,ASK
84,1712301551.4061563,9101464.61915527,269.6,-3.006445269164103e-07,276.5,ASK
85,1712301565.0855272,9105116.67843905,269.6,-5.615584411125271e-07,276.5,ASK
86,1712301565.086339,9113276.96660349,269.5,-1.254765693700876e-06,276.5,ASK
87,1712301570.5876844,9113276.96660349,269.5,-0.0,276.5,ASK
88,1712301582.535484,9113329.47866285,269.5,-8.069905507258924e-09,276.5,ASK
89,1712301582.5373578,9116299.1608486,269.5,-4.563724012605059e-07,276.5,ASK
90,1712301600.416499,9116299.1608486,269.5,-0.0,276.5,ASK
91,1712301629.674699,9117499.1608486,269.2,-1.846238877662846e-07,276.5,ASK
92,1712301630.4160843,9117499.1608486,269.2,-0.0,276.5,ASK
93,1712301632.0647426,9118422.8502486,269.2,1.4210554401134574e-07,276.5,BID
94,1712301632.0846214,9118976.5569486,269.2,8.518533592187253e-08,276.5,BID
95,1712301644.6945758,9119890.33832046,269.2,1.4058123754128536e-07,276.5,BID
96,1712301644.7944734,9126509.26003703,269.2,1.018291940237635e-06,276.5,BID
97,1712301660.5657208,9126509.26003703,269.2,0.0,276.5,BID
98,1712301669.9940617,9127237.64958434,269.2,1.1201772223771196e-07,276.5,BID
99,1712301690.6238043,9127237.64958434,269.2,0.0,276.5,BID
100,1712301704.1539412,9128917.64958434,270.1,2.583563964234451e-07,276.5,BID
101,1712301704.1558907,9133876.73711219,270.2,7.626261805023471e-07,276.5,BID
102,1712301704.157746,9138056.55547583,270.3,6.42787386984648e-07,276.5,BID
103,1712301704.1596413,9139162.37348434,270.3,1.7005664034458122e-07,276.5,BID
104,1712301705.7637815,9139369.86146066,270.3,3.190824158526847e-08,276.5,BID
105,1712301705.7656353,9141109.86146066,270.2,2.6758341058142533e-07,276.5,BID
106,1712301712.3835993,9143500.88876066,270.3,3.677007124869815e-07,276.5,BID
107,1712301720.4291625,9143500.88876066,270.3,0.0,276.5,BID
108,1712301750.4046288,9143500.88876066,270.3,0.0,276.5,BID
109,1712301757.663211,9144419.60426066,270.2,1.411879239751053e-07,276.5,BID
110,1712301780.604421,9144419.60426066,270.2,0.0,276.5,BID
111,1712301810.5924385,9144419.60426066,270.2,0.0,276.5,BID
112,1712301840.422119,9144419.60426066,270.2,0.0,276.5,BID
113,1712301870.4735408,9144419.60426066,270.2,0.0,276.5,BID
114,1712301898.0017178,9144967.76986066,270.2,8.42387122622166e-08,276.5,BID
115,1712301900.6016183,9144967.76986066,270.2,0.0,276.5,BID
116,1712301930.5829897,9144967.76986066,270.2,0.0,276.5,BID
117,1712301960.443267,9144967.76986066,270.2,0.0,276.5,BID
118,1712301975.1010303,9145338.82737457,269.5,-5.7062499775346526e-08,276.5,ASK
119,1712301975.1030197,9150297.91490241,269.5,-7.626255239028692e-07,276.5,ASK
120,1712301977.03113,9150847.90780241,269.5,8.457979843093651e-08,276.5,BID
121,1712301986.3207867,9152497.90780241,269.3,-2.537426708796071e-07,276.5,ASK
122,1712301986.332022,9156632.96137517,269.2,-6.35902750170993e-07,276.5,ASK
123,1712301986.3339343,9160612.65550713,269.2,-6.120110414107315e-07,276.5,ASK
124,1712301986.335903,9161887.70095415,269.0,-1.9608087104224365e-07,276.5,ASK
125,1712301988.5907707,9163549.74415415,269.3,2.555947155667277e-07,276.5,BID
126,1712301990.411445,9163549.74415415,269.3,0.0,276.5,BID
127,1712301999.6108909,9165229.74415415,269.1,-2.5815750916363405e-07,276.5,ASK
128,1712301999.6707318,9173359.20816715,269.1,1.2492155835903133e-06,276.5,BID
129,1712301999.69087,9173359.20816785,269.1,1.0733389111187264e-16,276.5,BID
130,1712302000.8242905,9173913.10896785,269.5,8.511526836426813e-08,276.5,BID
131,1712302009.710866,9174083.35545459,269.2,2.6160957714706123e-08,276.5,BID
132,1712302020.6105976,9174083.35545459,269.2,0.0,276.5,BID
133,1712302050.5771997,9174083.35545459,269.2,0.0,276.5,BID
134,1712302065.0102117,9179042.4429725,269.5,7.617072847739242e-07,276.5,BID
135,1712302069.8703103,9179190.86597806,269.5,2.279751751811405e-08,276.5,BID
136,1712302080.397127,9179190.86597806,269.5,0.0,276.5,BID
137,1712302110.3844452,9179190.86597806,269.5,0.0,276.5,BID
138,1712302131.9806693,9180870.86597806,269.3,-2.579905553904171e-07,276.5,ASK
139,1712302131.982784,9186386.26161279,269.5,-8.469761803581689e-07,276.5,ASK
140,1712302131.9848688,9187540.27127462,269.1,-1.7721642475099838e-07,276.5,ASK
141,1712302131.9868925,9189220.27127462,269.4,-2.579905553904171e-07,276.5,ASK
142,1712302131.9887495,9243977.10780472,269.0,-8.408777778465739e-06,276.5,ASK
143,1712302131.989867,9244771.50064917,269.1,-1.219915780581897e-07,276.5,ASK
144,1712302140.5852158,9244771.50064917,269.1,-0.0,276.5,ASK
145,1712302156.62995,9246541.50064917,269.1,-2.710769360320375e-07,276.5,ASK
146,1712302156.6323671,9251500.58816709,269.1,-7.594882767642453e-07,276.5,ASK
147,1712302156.634508,9253125.90043474,269.0,-2.4891789243492814e-07,276.5,ASK
148,1712302156.637987,9260571.91681597,268.6,-1.1403634498690645e-06,276.5,ASK
149,1712302156.6401296,9262161.91681597,268.9,-2.435097899948812e-07,276.5,ASK
150,1712302156.6422255,9268848.50601218,269.0,-1.0240565603467391e-06,276.5,ASK
151,1712302156.6442676,9268885.68979118,268.8,-5.694725921605954e-09,276.5,ASK
152,1712302156.6452267,9279808.73700688,268.9,-1.672873543144223e-06,276.5,ASK
153,1712302156.646181,9279869.55917949,268.8,-9.314965081330332e-09,276.5,ASK
154,1712302156.647149,9298498.47125102,268.4,-2.8530329977178123e-06,276.5,ASK
155,1712302156.6481285,9298558.47125102,268.3,-9.18904867905212e-09,276.5,ASK
156,1712302156.6490977,9298598.47125102,268.0,-6.126032452701412e-09,276.5,ASK
157,1712302156.6500802,9298657.51186204,268.4,-9.0421174782977e-09,276.5,ASK
158,1712302156.6510682,9299030.64619039,268.0,-5.7145825117291175e-08,276.5,ASK
159,1712302156.6520684,9299230.64619039,268.2,-3.063016226350706e-08,276.5,ASK
160,1712302156.6530523,9303210.34032236,268.6,-6.09493385106902e-07,276.5,ASK
161,1712302156.6540391,9303229.17657748,268.1,-2.8847877538294596e-09,276.5,ASK
162,1712302156.6550474,9303516.17657748,268.0,-4.395428284813264e-08,276.5,ASK
163,1712302156.656059,9311664.95081079,268.2,-1.247991385074785e-06,276.5,ASK
164,1712302156.6570582,9312783.10213393,268.3,-1.712457823146157e-07,276.5,ASK
165,1712302156.658064,9314272.25681032,268.0,-2.2806524686655459e-07,276.5,ASK
166,1712302156.659089,9314644.37147832,268.6,-5.6989663307145e-08,276.5,ASK
167,1712302156.6601374,9315017.50580667,268.0,-5.7145825117291175e-08,276.5,ASK
168,1712302156.6611562,9316280.87891676,267.8,-1.9348661680724254e-07,276.5,ASK
169,1712302156.6621735,9317080.87891676,268.0,-1.2252064905402825e-07,276.5,ASK
170,1712302156.663202,9317818.42176945,267.7,-1.1295528627070565e-07,276.5,ASK
171,1712302156.6642394,9319474.08495871,268.0,-2.535661607037913e-07,276.5,ASK
172,1712302156.6652732,9323078.48070656,268.1,-5.520161330926587e-07,276.5,ASK
173,1712302156.666317,9328078.48070656,268.5,-7.657540565876765e-07,276.5,ASK
174,1712302156.6674168,9328227.64357544,267.7,-2.2844414387382626e-08,276.5,ASK
175,1712302156.668489,9328898.67950739,267.6,-1.0276969740142753e-07,276.5,ASK
176,1712302156.6695411,9329023.67950739,268.0,-1.914385141469192e-08,276.5,ASK
177,1712302156.6705935,9340640.60881603,267.4,-1.779142148636646e-06,276.5,ASK
178,1712302156.6716597,9343260.3486286,267.7,-4.012152777358963e-07,276.5,ASK
179,1712302156.67272,9386557.16528281,267.8,-6.630942598058976e-06,276.5,ASK
180,1712302156.674018,9392085.52218059,267.6,-8.466723441480024e-07,276.5,ASK
181,1712302156.675099,9392327.92865917,267.8,-3.7124748863167134e-08,276.5,ASK
182,1712302164.6996202,9392880.60795917,269.3,8.46432831932587e-08,276.5,BID
183,1712302169.6596258,9393620.32795917,268.9,1.1328871814790992e-07,276.5,BID
184,1712302170.5307996,9393620.32795917,268.9,0.0,276.5,BID
185,1712302179.9615915,9395390.32795917,268.0,-2.694297060631726e-07,276.5,ASK
186,1712302179.964497,9397325.10095917,267.9,-2.945114806152399e-07,276.5,ASK
187,1712302179.9679303,9421254.97232367,267.4,-3.642609156986647e-06,276.5,ASK
188,1712302179.9698515,9422994.97232367,267.9,-2.648631008756612e-07,276.5,ASK
189,1712302179.9717803,9425862.51832367,267.8,-4.364983479675991e-07,276.5,ASK
190,1712302179.9736488,9429496.69782367,267.8,-5.531954319016701e-07,276.5,ASK
191,1712302179.9755356,9431206.69782367,267.7,-2.602964956881498e-07,276.5,ASK
192,1712302179.977421,9431261.85522367,267.5,-8.396068965782638e-09,276.5,ASK
193,1712302179.9792955,9431321.85522367,267.4,-9.1332103750228e-09,276.5,ASK
194,1712302179.9807875,9431459.2896806,267.0,-2.0920296798578705e-08,276.5,ASK
195,1712302179.9818585,9468731.79219092,266.9,-5.673626777172026e-06,276.5,ASK
196,1712302179.9829795,9469231.79219092,267.1,-7.611008645852333e-08,276.5,ASK
197,1712302179.9840715,9488741.08355122,267.0,-2.9697077043539155e-06,276.5,ASK
198,1712302179.9851568,9489761.08355122,266.8,-1.552645763753876e-07,276.5,ASK
199,1712302179.9862375,9489861.08355122,267.1,-1.5222017291704665e-08,276.5,ASK
200,1712302179.987342,9489879.81483864,267.2,-2.851279810000246e-09,276.5,ASK
201,1712302179.988451,9496948.44643761,266.6,-1.0759883242821015e-06,276.5,ASK
202,1712302179.9895525,9497048.44643761,267.4,-1.5222017291704665e-08,276.5,ASK
203,1712302179.990654,9501547.8840079,266.7,-6.84905164978814e-07,276.5,ASK
204,1712302179.9918022,9501567.01476848,266.9,-2.91208768356808e-09,276.5,ASK
205,1712302179.992912,9502004.55040238,266.6,-6.660174984980026e-08,276.5,ASK
206,1712302179.994052,9503418.21115082,266.8,-2.1518768357341242e-07,276.5,ASK
207,1712302179.995175,9503792.88331267,266.9,-5.7032661264174826e-08,276.5,ASK
208,1712302179.996313,9504167.64896667,266.7,-5.704689265517738e-08,276.5,ASK
209,1712302179.997434,9504287.64896667,266.6,-1.82664207500456e-08,276.5,ASK
210,1712302182.0695467,9504322.27846361,266.8,-5.271308012158031e-09,276.5,ASK
211,1712302183.769415,9504876.66576361,268.6,8.438893066895295e-08,276.5,BID
212,1712302184.8394616,9504911.29526055,268.5,5.2713080124415635e-09,276.5,BID
213,1712302184.842111,9505801.24916361,268.5,1.3546893701205565e-07,276.5,BID
214,1712302184.859205,9506541.60666361,268.5,1.1269734667042105e-07,276.5,BID
215,1712302187.5894132,9507653.34016361,268.4,1.692282656076871e-07,276.5,BID
216,1712302187.609399,9508208.68356361,268.4,8.453446837628934e-08,276.5,BID
217,1712302187.611581,9508949.01086361,268.4,1.126927496210692e-07,276.5,BID
218,1712302189.80966,9513866.61693557,266.8,-7.485588466116974e-07,276.5,ASK
219,1712302189.820784,9518741.00763673,266.7,-7.419805953957943e-07,276.5,ASK
220,1712302189.8230872,9519774.64018716,266.9,-1.573397255590745e-07,276.5,ASK
221,1712302189.825253,9521697.96778716,266.8,-2.927692598481933e-07,276.5,ASK
222,1712302189.8273726,9531446.74918948,266.7,-1.4839611907915886e-06,276.5,ASK
223,1712302189.8292463,9543648.46115047,266.7,-1.857346704585892e-06,276.5,ASK
224,1712302189.83045,9619616.33187111,266.6,-1.156384241723564e-05,276.5,ASK
225,1712302190.8994412,9620171.88367111,268.2,8.456619106059157e-08,276.5,BID
226,1712302191.5993197,9620912.79817111,268.2,1.1278213330674037e-07,276.5,BID
227,1712302195.8794093,9621839.30257111,268.1,1.4103265997640097e-07,276.5,BID
228,1712302196.5394044,9621923.35067111,268.1,1.2793816315386884e-08,276.5,BID
229,1712302196.542197,9622766.84627111,268.1,1.2839704608677166e-07,276.5,BID
230,1712302197.5403364,9622837.07327111,268.1,1.068996608343863e-08,276.5,BID
231,1712302200.679245,9622837.07327111,268.1,0.0,276.5,BID
232,1712302201.3392334,9622945.08227111,268.0,1.6347027519322566e-08,276.5,BID
233,1712302203.6493073,9623053.07627111,268.0,1.6344757287929495e-08,276.5,BID
234,1712302206.087286,9623160.89527111,267.9,1.6318271256231928e-08,276.5,BID
235,1712302207.469241,9624273.66587111,267.8,1.684164432682907e-07,276.5,BID
236,1712302208.569214,9658353.11585237,266.9,-5.157882275449727e-06,276.5,ASK
237,1712302208.5713592,9661091.22055237,266.9,-4.144087333632586e-07,276.5,ASK
238,1712302208.5796149,9662930.10555237,266.6,-2.783129526240744e-07,276.5,ASK
239,1712302208.5820212,9663304.77771422,266.9,-5.670616467632905e-08,276.5,ASK
240,1712302208.5850425,9665773.91124892,266.6,-3.737002827612757e-07,276.5,ASK
241,1712302209.6192577,9666702.45594892,267.7,1.4053408293644676e-07,276.5,BID
242,1712302209.63926,9667444.57584892,267.7,1.1231892183030865e-07,276.5,BID
243,1712302209.6591425,9668186.60034892,267.7,1.1230448315922381e-07,276.5,BID
244,1712302210.5393186,9668743.38044892,267.7,8.42679741221614e-08,276.5,BID
245,1712302213.7791684,9669672.92774892,267.5,1.4068582519662533e-07,276.5,BID
246,1712302213.8092184,9670226.59824892,267.5,8.37973400379084e-08,276.5,BID
247,1712302223.7094092,9672969.86014892,266.9,-4.151892691551116e-07,276.5,ASK
248,1712302223.7124035,9681284.25556198,266.9,-1.2583733820728312e-06,276.5,ASK
249,1712302223.7192287,9715185.19740822,266.6,-5.130865291720432e-06,276.5,ASK
250,1712302224.5191903,9715928.33430822,267.3,1.1247284351278245e-07,276.5,BID
251,1712302226.2810855,9716028.33430822,266.9,-1.5134875352406932e-08,276.5,ASK
252,1712302229.1490235,9720616.18781849,266.6,-6.943659101303745e-07,276.5,ASK
253,1712302229.1624672,9723379.97171849,266.6,-4.182952482749145e-07,276.5,ASK
254,1712302229.1649206,9779310.68064717,266.5,-8.465043080073259e-06,276.5,ASK
255,1712302229.167792,9783466.23304717,266.6,-6.289376759440142e-07,276.5,ASK
256,1712302229.389058,9783988.60543231,266.6,-7.90604093661291e-08,276.5,ASK
257,1712302229.9062955,9784255.63443231,267.2,4.0414506304934326e-08,276.5,BID
258,1712302230.5906248,9784255.63443231,267.2,0.0,276.5,BID
259,1712302231.4192965,9784522.37343231,267.2,4.010927962354763e-08,276.5,BID
260,1712302232.3726504,9785266.73423231,267.2,1.1192879731871693e-07,276.5,BID
261,1712302232.8728402,9785398.16323231,267.1,1.9762848745865943e-08,276.5,BID
262,1712302233.909385,9785417.66323231,266.5,-2.932195714383738e-09,276.5,ASK
263,1712302233.9124713,9785980.93773475,266.3,-8.469902984997503e-08,276.5,ASK
264,1712302233.9155097,9787084.85220731,266.5,-1.659945274610521e-07,276.5,ASK
265,1712302233.9185326,9787184.85220731,266.4,-1.5036901099403786e-08,276.5,ASK
266,1712302233.9232054,9787560.08672888,266.5,-5.642364389925437e-08,276.5,ASK
267,1712302233.9248157,9790978.16256834,266.3,-5.139726834822004e-07,276.5,ASK
268,1712302233.92633,9791728.91331909,266.4,-1.1288964789335465e-07,276.5,ASK
269,1712302233.9276814,9792104.42965405,266.3,-5.646601990007671e-08,276.5,ASK
270,1712302233.9290378,9792141.9531062,266.5,-5.642364388833109e-09,276.5,ASK
271,1712302234.0091434,9793400.18980892,266.3,-1.8919980858436106e-07,276.5,ASK
272,1712302234.0122018,9796797.3377662,266.3,5.108257785366514e-07,276.5,BID
273,1712302234.4489908,9797107.54999345,267.1,4.6646305809767753e-08,276.5,BID
274,1712302234.4589558,9797546.12099345,267.1,6.594748752073564e-08,276.5,BID
275,1712302234.4690745,9798101.64279345,267.1,8.353326365166089e-08,276.5,BID
276,1712302234.4789162,9798886.88887094,267.1,1.1807667605898485e-07,276.5,BID
277,1712302236.2992563,9799153.91787094,267.1,4.015288663688154e-08,276.5,BID
278,1712302239.5291357,9799420.65687094,267.1,4.010927962354763e-08,276.5,BID
279,1712302240.039116,9858196.75663127,266.4,-8.838103991047631e-06,276.5,ASK
280,1712302240.042277,9860114.76573601,266.4,-2.884091321572949e-07,276.5,ASK
281,1712302241.0589445,9860381.50473601,267.1,4.010927962354763e-08,276.5,BID
282,1712302256.7190244,9860628.02673601,267.1,3.706926932825428e-08,276.5,BID
283,1712302256.7222283,9861504.67957689,267.1,1.3182142066834106e-07,276.5,BID
284,1712302259.5089293,9861542.11873825,267.1,5.629689666189069e-09,276.5,BID
285,1712302260.4286864,9861542.11873825,267.1,0.0,276.5,BID
286,1712302275.95883,9861809.58573825,267.1,4.0094598748767226e-08,276.5,BID
287,1712302277.208898,9862077.05273825,267.1,4.009459874904644e-08,276.5,BID
288,1712302278.7142496,9863668.49790445,267.1,2.385653384151013e-07,276.5,BID
289,1712302278.799127,9867134.76970445,267.2,-5.196109313524693e-07,276.5,ASK
290,1712302278.8022497,9869496.96980445,267.2,-3.54105236064382e-07,276.5,ASK
291,1712302279.2689545,9875260.60794207,267.2,-8.639972724202179e-07,276.5,ASK
292,1712302279.278727,9880306.74405301,267.1,-7.564402434731802e-07,276.5,ASK
293,1712302279.388765,9881116.74405301,267.3,1.214229231520371e-07,276.5,BID
294,1712302279.4588113,9882466.74405301,267.4,2.023715385867285e-07,276.5,BID
295,1712302287.6903262,9882466.74405302,267.1,-1.3960976470036121e-18,276.5,ASK
296,1712302287.6926908,9882841.13566663,267.1,-5.61231162075864e-08,276.5,ASK
297,1712302288.0687592,9883108.45666663,267.1,4.007271264195284e-08,276.5,BID
298,1712302290.4089198,9883108.45666663,267.1,0.0,276.5,BID
299,1712302320.6106386,9883108.45666663,267.1,0.0,276.5,BID
300,1712302321.8686235,9883156.06266663,267.3,7.1302111412097835e-09,276.5,BID
301,1712302348.5983994,9883178.26022489,266.6,-3.324649775409845e-09,276.5,ASK
302,1712302350.121584,9883253.08252193,267.3,1.1206544888487364e-08,276.5,BID
303,1712302350.5683138,9883253.08252193,267.3,0.0,276.5,BID
304,1712302361.1083903,9883290.47967974,267.3,5.601144560713877e-09,276.5,BID
305,1712302380.4209754,9883290.47967974,267.3,0.0,276.5,BID
306,1712302397.618034,9893290.47967974,267.0,-1.4977438134238785e-06,276.5,ASK
307,1712302397.7180717,9905502.93784448,267.0,1.82911336629378e-06,276.5,BID
308,1712302400.9687788,9905544.09010785,267.3,6.1635547872715525e-09,276.5,BID
309,1712302410.388044,9905544.09010785,267.3,0.0,276.5,BID
310,1712302410.908776,9911980.69366677,267.3,9.63181163357694e-07,276.5,BID
311,1712302410.9114227,9912180.69366677,267.3,2.9928242575173825e-08,276.5,BID
312,1712302410.9141576,9917139.78119461,267.4,7.420838724237719e-07,276.5,BID
313,1712302410.988052,9918327.81532783,267.4,-1.7777886863298636e-07,276.5,ASK
314,1712302411.008015,9920609.32861798,267.4,-3.414084159304743e-07,276.5,ASK
315,1712302430.718014,9924347.64637498,267.5,5.594064032727713e-07,276.5,BID
316,1712302440.5602806,9924347.64637498,267.5,0.0,276.5,BID
317,1712302463.0876334,9924614.38537498,267.5,3.9885139367647296e-08,276.5,BID
318,1712302470.5789976,9924614.38537498,267.5,0.0,276.5,BID
319,1712302500.4075866,9924614.38537498,267.5,0.0,276.5,BID
320,1712302503.5175984,9925125.45765024,267.5,7.64790632661868e-08,276.5,BID
321,1712302503.52035,9940410.28967928,267.5,2.287288300204037e-06,276.5,BID
322,1712302505.4878042,9942618.24347928,267.7,3.304077457008945e-07,276.5,BID
323,1712302505.4914832,9945858.17577928,267.7,4.848374669190244e-07,276.5,BID
324,1712302505.6077876,9946450.48993346,267.9,8.863644901865545e-08,276.5,BID
325,1712302508.8581696,9950732.56648044,267.9,6.407884344347215e-07,276.5,BID
326,1712302508.8618612,9953358.22289454,267.9,3.929145694842321e-07,276.5,BID
327,1712302508.874536,9991046.48234412,267.9,5.639833969408678e-06,276.5,BID
328,1712302508.9775815,9994524.14197738,267.9,5.204120121262333e-07,276.5,BID
329,1712302508.9875343,9994543.44928412,267.9,2.889228794398425e-09,276.5,BID
330,1712302509.057518,9995111.51407831,267.9,8.500767002480509e-08,276.5,BID
331,1712302512.4574678,9995148.89725588,267.9,5.594180199046062e-09,276.5,BID
332,1712302523.337454,9995223.55197779,267.9,1.1171655118984708e-08,276.5,BID
333,1712302530.4390917,9995223.55197779,267.9,0.0,276.5,BID
334,1712302544.1276665,9997530.50207779,267.9,3.442478983890825e-07,276.5,BID
335,1712302544.1314087,10016225.55694983,267.9,2.789715022431911e-06,276.5,BID
336,1712302544.187387,10016265.55694983,268.0,5.968883304224379e-09,276.5,BID
337,1712302560.5572734,10016265.55694983,268.0,0.0,276.5,BID
338,1712302590.548123,10016265.55694983,268.0,0.0,276.5,BID
339,1712302620.4315276,10016265.55694983,268.0,0.0,276.5,BID
340,1712302650.4069102,10016265.55694983,268.0,0.0,276.5,BID
341,1712302658.7868652,10017007.54240751,268.2,1.1062755664893173e-07,276.5,BID
342,1712302674.7066772,10017029.91377216,268.2,3.3354958435417156e-09,276.5,BID
343,1712302676.236751,10017475.87369626,267.9,-6.64911370644748e-08,276.5,ASK
344,1712302680.548043,10017475.87369626,267.9,-0.0,276.5,ASK
345,1712302689.3867428,10017662.51050103,268.2,2.7825578872098613e-08,276.5,BID
346,1712302691.716719,10017699.83786198,268.2,5.5651157735866194e-09,276.5,BID
347,1712302693.4668417,10019712.26706148,268.2,3.000319657422641e-07,276.5,BID
348,1712302693.4704323,10020830.41838398,268.3,1.6670456748022342e-07,276.5,BID
349,1712302693.5697956,10020830.41838463,268.3,9.691755959626988e-17,276.5,BID
350,1712302696.29679,10021886.24849332,268.5,1.5741313188984605e-07,276.5,BID
351,1712302696.3129268,10022258.7373431,268.6,5.55341583419536e-08,276.5,BID
352,1712302710.585137,10022258.7373431,268.6,0.0,276.5,BID
353,1712302740.3714058,10022258.7373431,268.6,0.0,276.5,BID
354,1712302752.4765031,10022700.23766796,268.6,-6.581044962483677e-08,276.5,ASK
355,1712302755.5165255,10023072.67714655,268.6,-5.5516175558835134e-08,276.5,ASK
356,1712302770.3363774,10023588.04386285,268.6,-7.682104273016776e-08,276.5,ASK
357,1712302770.346377,10045102.04284503,268.6,-3.206896725839985e-06,276.5,ASK
358,1712302770.4162335,10045102.04284503,268.6,-0.0,276.5,ASK
359,1712302800.426303,10045102.04284503,268.6,-0.0,276.5,ASK
360,1712302819.0269668,10045164.81276313,268.3,-9.372442177191624e-09,276.5,ASK
361,1712302819.03039,10045202.04284503,268.4,-5.558981123575733e-09,276.5,ASK
362,1712302830.4260323,10045202.04284503,268.4,-0.0,276.5,ASK
363,1712302841.6764815,10045574.34366409,268.3,-5.5589588517646594e-08,276.5,ASK
364,1712302841.6801777,10047314.34366409,268.2,-2.598057244809872e-07,276.5,ASK
365,1712302841.6838436,10053328.81259697,268.3,-8.98042217514541e-07,276.5,ASK
366,1712302841.6862302,10053366.13995792,268.3,-5.5734839394739514e-09,276.5,ASK
367,1712302841.6878247,10054986.13995792,268.0,-2.418880883098846e-07,276.5,ASK
368,1712302841.6894362,10055023.41166869,268.3,-5.565174608792434e-09,276.5,ASK
369,1712302841.691054,10055202.04284503,267.9,-2.66720702205546e-08,276.5,ASK
370,1712302860.5572288,10055202.04284503,267.9,-0.0,276.5,ASK
371,1712302890.109651,10055385.13531129,267.9,-2.7327257088077523e-08,276.5,ASK
372,1712302890.5792654,10055385.13531129,267.9,-0.0,276.5,ASK
373,1712302906.3859098,10062425.30796629,268.0,1.0507652420378004e-06,276.5,BID
374,1712302906.3888726,10062425.30796632,268.0,4.4480790502712186e-18,276.5,BID
375,1712302920.43795,10062425.30796632,268.0,0.0,276.5,BID
376,1712302946.0956938,10066643.2997543,267.9,-6.293697077080595e-07,276.5,ASK
377,1712302950.4023266,10066643.2997543,267.9,-0.0,276.5,ASK
378,1712302980.5617275,10066643.2997543,267.9,-0.0,276.5,ASK
379,1712303010.5552974,10066643.2997543,267.9,-0.0,276.5,ASK
380,1712303040.4289167,10066643.2997543,267.9,-0.0,276.5,ASK
381,1712303070.396927,10066643.2997543,267.9,-0.0,276.5,ASK
382,1712303070.462937,10068365.2201523,268.0,-2.568857167276087e-07,276.5,ASK
383,1712303088.5152528,10068518.44199036,268.0,-2.2858490865352555e-08,276.5,ASK
384,1712303100.4269168,10068518.44199036,268.0,-0.0,276.5,ASK
385,1712303130.414939,10068518.44199036,268.0,-0.0,276.5,ASK
386,1712303132.9650512,10072439.77778264,268.0,-5.858073826974367e-07,276.5,ASK
387,1712303150.07486,10072812.91211099,268.0,-5.5742444887255736e-08,276.5,ASK
388,1712303150.0849333,10076274.32846213,267.9,-5.17100131307236e-07,276.5,ASK
389,1712303150.0879753,10081428.41619567,268.0,-7.699678898510689e-07,276.5,ASK
390,1712303150.090975,10087505.01629277,267.9,-9.077817833376684e-07,276.5,ASK
391,1712303160.4447756,10087505.01629277,267.9,-0.0,276.5,ASK
392,1712303166.1449354,10088086.14498859,267.9,-8.674874178580144e-08,276.5,ASK
393,1712303166.154679,10088655.62088297,267.9,-8.50092546967638e-08,276.5,ASK
394,1712303190.4257393,10088655.62088297,267.9,-0.0,276.5,ASK
395,1712303218.028447,10088692.94824392,268.1,-5.5718339652987445e-09,276.5,ASK
396,1712303220.584674,10088692.94824392,268.1,-0.0,276.5,ASK
397,1712303248.415239,10088730.27560487,268.0,-5.571825642057204e-09,276.5,ASK
398,1712303248.4192293,10089589.02187352,268.0,-1.2818437622859306e-07,276.5,ASK
399,1712303250.5868104,10089589.02187352,268.0,-0.0,276.5,ASK
400,1712303253.675105,10093698.31149403,268.0,6.133684238771315e-07,276.5,BID
401,1712303253.6780972,10095408.31149403,268.3,2.552411977961005e-07,276.5,BID
402,1712303280.3638215,10095408.31149403,268.3,0.0,276.5,BID
403,1712303301.635556,10095781.16757159,268.2,5.564097997115269e-08,276.5,BID
404,1712303301.6379402,10096178.5984862,268.3,5.9308260990462526e-08,276.5,BID
405,1712303310.4125552,10096178.5984862,268.3,0.0,276.5,BID
406,1712303340.5672474,10096178.5984862,268.3,0.0,276.5,BID
407,1712303370.567961,10096178.5984862,268.3,0.0,276.5,BID
408,1712303400.466863,10096178.5984862,268.3,0.0,276.5,BID
409,1712303430.4265964,10096178.5984862,268.3,0.0,276.5,BID
410,1712303460.5818884,10096178.5984862,268.3,0.0,276.5,BID
411,1712303490.5869417,10096178.5984862,268.3,0.0,276.5,BID
412,1712303498.0071852,10096215.884149,268.4,5.566887838984123e-09,276.5,BID
413,1712303503.907179,10096240.456549,268.0,-3.6687505186064364e-09,276.5,ASK
414,1712303503.9870496,10096240.45654987,268.0,1.2987262240681e-16,276.5,BID
415,1712303503.9968572,10097706.75257987,268.0,2.1892343932640937e-07,276.5,BID
416,1712303516.7709978,10098206.75257987,267.9,-7.46518557123937e-08,276.5,ASK
417,1712303520.4288442,10098206.75257987,267.9,-0.0,276.5,ASK
418,1712303527.6271503,10098244.06601271,267.9,-5.570581967009083e-09,276.5,ASK
419,1712303533.982758,10098960.48624648,268.0,1.0695552060517689e-07,276.5,BID
420,1712303540.8471928,10099015.93914648,268.0,8.278651982444459e-09,276.5,BID
421,1712303550.4160316,10099015.93914648,268.0,0.0,276.5,BID
422,1712303570.227505,10099053.26650743,267.9,-5.572480907034847e-09,276.5,ASK
423,1712303570.2317977,10104015.93914648,267.9,-7.408613366936687e-07,276.5,ASK
424,1712303580.5703406,10104015.93914648,267.9,-0.0,276.5,ASK
425,1712303598.317525,10105232.53234241,268.0,1.815849492677779e-07,276.5,BID
426,1712303610.5593152,10105232.53234241,268.0,0.0,276.5,BID
427,1712303640.417493,10105232.53234241,268.0,0.0,276.5,BID
428,1712303649.1841502,10114438.09586345,268.0,1.3739271655274843e-06,276.5,BID
429,1712303670.3875663,10114438.09586345,268.0,0.0,276.5,BID
430,1712303700.4497132,10114438.09586345,268.0,0.0,276.5,BID
431,1712303730.4092145,10114438.09586345,268.0,0.0,276.5,BID
432,1712303760.5698678,10114438.09586345,268.0,0.0,276.5,BID
433,1712303773.9081993,10114475.4232244,267.8,-5.5742930262892995e-09,276.5,ASK
434,1712303773.911545,10116639.09237304,267.9,-3.231122034712775e-07,276.5,ASK
435,1712303773.9147625,10116825.79887042,267.8,-2.7881872701735592e-08,276.5,ASK
436,1712303773.9166985,10118169.43914703,267.7,-2.0065293749786426e-07,276.5,ASK
437,1712303790.6055462,10118169.43914703,267.7,-0.0,276.5,ASK
438,1712303820.3980167,10118169.43914703,267.7,-0.0,276.5,ASK
439,1712303850.4105575,10118169.43914703,267.7,-0.0,276.5,ASK
440,1712303870.6983018,10121544.40459085,267.7,-5.039263074476334e-07,276.5,ASK
441,1712303880.5836973,10121544.40459085,267.7,-0.0,276.5,ASK
442,1712303910.5901694,10121544.40459085,267.7,-0.0,276.5,ASK
443,1712303940.4084573,10121544.40459085,267.7,-0.0,276.5,ASK
444,1712303957.0246868,10122291.5095591,267.7,-1.11537457997039e-07,276.5,ASK
445,1712303970.3734326,10122291.5095591,267.7,-0.0,276.5,ASK
446,1712304000.5489285,10122291.5095591,267.7,-0.0,276.5,ASK
447,1712304030.4063349,10122291.5095591,267.7,-0.0,276.5,ASK
448,1712304060.5783591,10122291.5095591,267.7,-0.0,276.5,ASK
449,1712304090.5803697,10122291.5095591,267.7,-0.0,276.5,ASK
450,1712304120.429288,10122291.5095591,267.7,-0.0,276.5,ASK
451,1712304150.3785148,10122291.5095591,267.7,-0.0,276.5,ASK
452,1712304180.5763702,10122291.5095591,267.7,-0.0,276.5,ASK
453,1712304209.2186086,10122580.65356518,268.4,4.31872117568505e-08,276.5,BID
454,1712304209.2224326,10123409.24428339,268.4,1.2376020963512625e-07,276.5,BID
455,1712304210.5884123,10123409.24428339,268.4,0.0,276.5,BID
456,1712304211.668629,10124529.4832677,267.8,-1.6731396629187717e-07,276.5,ASK
457,1712304211.6728668,10125760.73941876,267.8,-1.838950019060113e-07,276.5,ASK
458,1712304216.134696,10125855.0790414,267.8,-1.4090150997780028e-08,276.5,ASK
459,1712304217.308582,10126209.4832677,267.8,-5.2932256066077566e-08,276.5,ASK
460,1712304217.3885534,10129241.0087714,267.8,4.5277531227061363e-07,276.5,BID
461,1712304217.4084213,10130981.44908432,267.8,2.59944508204858e-07,276.5,BID
462,1712304217.5088303,10132831.95032832,267.8,2.76382724666829e-07,276.5,BID
463,1712304217.525833,10136826.07943345,267.8,5.965455512800079e-07,276.5,BID
464,1712304240.3766432,10136826.07943345,267.8,0.0,276.5,BID
465,1712304270.402001,10136826.07943345,267.8,0.0,276.5,BID
466,1712304282.218687,10138105.41963345,268.4,1.90974139757026e-07,276.5,BID
467,1712304282.223076,10138264.53535362,268.4,2.3752077657861623e-08,276.5,BID
468,1712304300.5986834,10138264.53535362,268.4,0.0,276.5,BID
469,1712304311.628671,10138927.69805756,268.6,9.903066600639834e-08,276.5,BID
470,1712304311.6331935,10139832.73825756,268.6,1.351504438293142e-07,276.5,BID
471,1712304319.5485816,10140205.03907662,268.6,5.5596006601605984e-08,276.5,BID
472,1712304330.6000154,10140205.03907662,268.6,0.0,276.5,BID
473,1712304360.3783338,10140205.03907662,268.6,0.0,276.5,BID
474,1712304390.4284391,10140205.03907662,268.6,0.0,276.5,BID
475,1712304390.430676,10141138.52927662,268.5,-1.3938805803818417e-07,276.5,ASK
476,1712304420.5782716,10141138.52927662,268.5,-0.0,276.5,ASK
477,1712304429.2186315,10141178.52927662,269.0,5.9725465372291355e-09,276.5,BID
478,1712304429.2231812,10141882.02370041,269.0,1.0504132961915985e-07,276.5,BID
479,1712304450.5606346,10141882.02370041,269.0,0.0,276.5,BID
480,1712304480.422922,10141882.02370041,269.0,0.0,276.5,BID
481,1712304489.1984353,10145594.87752609,269.2,5.543632516933375e-07,276.5,BID
482,1712304510.3918982,10145594.87752609,269.2,0.0,276.5,BID
483,1712304513.838503,10146708.73367379,269.2,1.6628416015955889e-07,276.5,BID
484,1712304540.5705874,10146708.73367379,269.2,0.0,276.5,BID
485,1712304564.348797,10146745.97762164,268.5,-5.559785605303237e-09,276.5,ASK
486,1712304564.3538013,10160889.71111566,268.6,-2.111379980575696e-06,276.5,ASK
487,1712304564.3584857,10164398.98116495,268.5,-5.238646876115506e-07,276.5,ASK
488,1712304564.4684892,10165102.47558874,268.5,1.0501781891355196e-07,276.5,BID
489,1712304570.5684898,10165102.47558874,268.5,0.0,276.5,BID
490,1712304600.4605205,10165102.47558874,268.5,0.0,276.5,BID
491,1712304624.3542943,10180138.67071277,268.5,2.244986241462515e-06,276.5,BID
492,1712304624.588754,10180138.67071358,268.5,1.2069675280505728e-16,276.5,BID
493,1712304624.5938723,10182682.95236658,268.5,3.798751784127993e-07,276.5,BID
494,1712304630.40854,10182682.95236658,268.5,0.0,276.5,BID
495,1712304660.5708482,10182682.95236658,268.5,0.0,276.5,BID
496,1712304690.5783494,10182682.95236658,268.5,0.0,276.5,BID
497,1712304720.4032085,10182682.95236658,268.5,0.0,276.5,BID
498,1712304750.4183843,10182682.95236658,268.5,0.0,276.5,BID
499,1712304762.4484513,10186949.95236658,269.0,-6.366377713597805e-07,276.5,ASK
500,1712304762.4683194,10204754.2994779,269.0,-2.656414311100724e-06,276.5,ASK
501,1712304762.5283415,10206240.1835789,269.2,2.2169438541349173e-07,276.5,BID
502,1712304762.568396,10206240.18357895,269.2,7.503495882187382e-18,276.5,BID
503,1712304780.580826,10206240.18357895,269.2,0.0,276.5,BID
504,1712304810.5581567,10206240.18357895,269.2,0.0,276.5,BID
505,1712304817.8582668,10225307.18357895,268.1,-2.842115276241154e-06,276.5,ASK
506,1712304834.208297,10225344.48309405,269.2,5.559842747293998e-09,276.5,BID
507,1712304840.3819702,10225344.48309405,269.2,0.0,276.5,BID
508,1712304870.4113848,10225344.48309405,269.2,0.0,276.5,BID
509,1712304887.55257,10235748.02533647,268.2,-1.5495625577583217e-06,276.5,ASK
510,1712304900.452851,10235748.02533647,268.2,-0.0,276.5,ASK
511,1712304930.4082255,10235748.02533647,268.2,-0.0,276.5,ASK
512,1712304958.1726837,10236112.51841702,268.3,-5.4355698853808056e-08,276.5,ASK
513,1712304960.5605953,10236112.51841702,268.3,-0.0,276.5,ASK
514,1712304990.578093,10236112.51841702,268.3,-0.0,276.5,ASK
515,1712305020.4118588,10236112.51841702,268.3,-0.0,276.5,ASK
516,1712305050.3902965,10236112.51841702,268.3,-0.0,276.5,ASK
517,1712305080.6078594,10236112.51841702,268.3,-0.0,276.5,ASK
518,1712305110.567888,10236112.51841702,268.3,-0.0,276.5,ASK
519,1712305119.1901414,10237611.61087504,268.3,-2.235516508593157e-07,276.5,ASK
520,1712305119.192718,10261760.99398132,268.3,-3.601268508661748e-06,276.5,ASK
521,1712305124.3479714,10269493.39688162,268.3,1.1530919418761551e-06,276.5,BID
522,1712305126.1180131,10278835.90348162,268.3,1.3931981062404432e-06,276.5,BID
523,1712305126.177791,10284935.22622262,268.3,9.095594208207972e-07,276.5,BID
524,1712305126.2579334,10307102.24788762,268.3,3.3056495357114107e-06,276.5,BID
525,1712305135.5479944,10319898.52804242,268.2,-1.908240908129479e-06,276.5,ASK
526,1712305140.4078736,10319898.52804242,268.2,-0.0,276.5,ASK
527,1712305164.0780313,10320858.16358358,268.2,-1.4262722169900865e-07,276.5,ASK
528,1712305165.2278495,10320876.95810788,268.2,-2.793363385310629e-09,276.5,ASK
529,1712305170.390275,10320876.95810788,268.2,-0.0,276.5,ASK
530,1712305170.7129753,10390970.37007496,268.2,-1.041732854274529e-05,276.5,ASK
531,1712305190.8779986,10391972.20769607,268.2,-1.488937598087198e-07,276.5,ASK
532,1712305191.0813966,10393581.47708776,268.2,-2.3917066521011035e-07,276.5,ASK
533,1712305200.5178404,10393581.47708776,268.2,-0.0,276.5,ASK
534,1712305230.371187,10393581.47708776,268.2,-0.0,276.5,ASK
535,1712305231.8700707,10393639.77885941,268.2,-8.643596850997599e-09,276.5,ASK
536,1712305243.2289648,10395216.07138189,268.2,-2.336950781756907e-07,276.5,ASK
537,1712305260.5529032,10395216.07138189,268.2,-0.0,276.5,ASK
538,1712305266.172299,10396023.45844514,268.8,1.1969232710003777e-07,276.5,BID
539,1712305267.3115375,10396866.07138189,268.8,1.2491444046458432e-07,276.5,BID
540,1712305267.3140032,10399403.08318721,268.8,3.761031860440304e-07,276.5,BID
541,1712305269.8580587,10401825.15890973,268.8,3.59064311080394e-07,276.5,BID
542,1712305269.86294,10402978.9146947,268.8,1.7104028673966078e-07,276.5,BID
543,1712305274.8011894,10404269.10782482,268.8,1.9126664914693013e-07,276.5,BID
544,1712305274.8098435,10405695.73830009,268.8,2.1149301155475177e-07,276.5,BID
545,1712305288.06792,10407427.10877729,268.8,2.566696581118789e-07,276.5,BID
546,1712305290.581463,10407427.10877729,268.8,0.0,276.5,BID
547,1712305298.4680746,10407798.86262187,269.0,5.50844121907139e-08,276.5,BID
548,1712305305.3981886,10409881.88032684,269.0,-3.0864995085878254e-07,276.5,ASK
549,1712305312.677961,10414209.08902684,269.2,6.411816613103541e-07,276.5,BID
550,1712305312.7031014,10414255.9593682,269.2,6.944985883983393e-09,276.5,BID
551,1712305320.4038858,10414255.9593682,269.2,0.0,276.5,BID
552,1712305344.7283328,10414883.66196235,269.2,-9.298414954204848e-08,276.5,ASK
553,1712305350.4182365,10414883.66196235,269.2,-0.0,276.5,ASK
554,1712305357.328495,10423613.69602684,269.2,-1.2931832395253663e-06,276.5,ASK
555,1712305367.8383298,10423831.53454485,269.2,3.2268501856145684e-08,276.5,BID
556,1712305367.842288,10424356.44308904,269.3,7.775490068150561e-08,276.5,BID
557,1712305380.502931,10424356.44308904,269.3,0.0,276.5,BID
558,1712305410.381305,10424356.44308904,269.3,0.0,276.5,BID
559,1712305413.3684614,10426385.89688904,269.5,3.005102389953815e-07,276.5,BID
560,1712305413.3887105,10427194.70456472,269.5,1.1976374525988698e-07,276.5,BID
561,1712305440.2093625,10427263.9635586,269.6,1.0255486871957147e-08,276.5,BID
562,1712305440.578569,10427263.9635586,269.6,0.0,276.5,BID
563,1712305464.1905322,10427301.01948452,270.0,5.486398973566601e-09,276.5,BID
564,1712305464.1936574,10427797.3027949,270.0,7.347834865872509e-08,276.5,BID
565,1712305464.1960447,10427837.3027949,270.0,5.922290524135341e-09,276.5,BID
566,1712305470.5787911,10427837.3027949,270.0,0.0,276.5,BID
567,1712305471.389064,10427968.8961331,270.3,1.9482902958251465e-08,276.5,BID
568,1712305471.394292,10429658.8961331,270.3,2.502110399327128e-07,276.5,BID
569,1712305471.3994255,10431428.8961331,270.4,2.620553495153264e-07,276.5,BID
570,1712305471.868845,10432055.5568968,270.0,-9.277955110668356e-08,276.5,ASK
571,1712305471.8714752,10432167.6672623,270.4,-1.6598373455124313e-08,276.5,ASK
572,1712305471.8804495,10432168.54110351,269.6,-1.293755726179284e-10,276.5,ASK
573,1712305500.2391047,10432903.68745264,269.6,-1.0884126184532789e-07,276.5,ASK
574,1712305500.388306,10432903.68745264,269.6,-0.0,276.5,ASK
575,1712305530.4189224,10432903.68745264,269.6,-0.0,276.5,ASK
576,1712305531.4091249,10434949.14255264,269.6,-3.030465468083623e-07,276.5,ASK
577,1712305531.413762,10435301.86336842,269.6,-5.225772260141705e-08,276.5,ASK
578,1712305538.5590785,10435335.65686842,269.5,5.006711454949079e-09,276.5,BID
579,1712305538.5632684,10436301.86336842,269.6,1.4314933792906156e-07,276.5,BID
580,1712305560.5820596,10436301.86336842,269.6,0.0,276.5,BID
581,1712305590.5790367,10436301.86336842,269.6,0.0,276.5,BID
582,1712305591.2294507,10436861.52768592,269.6,8.290640117706293e-08,276.5,BID
583,1712305598.549322,10437281.20591292,269.6,6.216942971881524e-08,276.5,BID
584,1712305607.619341,10437910.6180049,269.6,9.323855348948972e-08,276.5,BID
585,1712305617.2193415,10438539.40227745,269.6,9.314555086647144e-08,276.5,BID
586,1712305618.979257,10439242.95681246,269.6,1.0422171416987976e-07,276.5,BID
587,1712305618.9892182,10455944.07354884,269.6,2.4740356691610816e-06,276.5,BID
588,1712305620.448364,10455944.07354884,269.6,0.0,276.5,BID
589,1712305625.6498249,10457794.99947476,270.0,2.739737352234048e-07,276.5,BID
590,1712305650.422011,10457794.99947476,270.0,0.0,276.5,BID
591,1712305673.2394855,10458120.30334216,269.3,-4.814786051637653e-08,276.5,ASK
592,1712305673.2447376,10458140.30334216,269.3,-2.960177565747687e-09,276.5,ASK
593,1712305680.5826588,10458140.30334216,269.3,-0.0,276.5,ASK
594,1712305694.8299532,10459233.37798011,269.4,-1.617825243705581e-07,276.5,ASK
595,1712305710.571295,10459233.37798011,269.4,-0.0,276.5,ASK
596,1712305739.5595665,10461573.81966981,269.5,-3.4638628455730505e-07,276.5,ASK
597,1712305740.3854277,10461573.81966981,269.5,-0.0,276.5,ASK
598,1712305748.6196556,10462158.93009223,269.5,-8.65884880078527e-08,276.5,ASK
599,1712305748.6851149,10467934.85735063,269.5,-8.547596983123887e-07,276.5,ASK
600,1712305753.4195366,10497871.00803576,269.5,-4.430148439117082e-06,276.5,ASK
601,1712305753.89966,10498320.55513022,269.3,-6.652693526877418e-08,276.5,ASK
602,1712305770.4124684,10498320.55513022,269.3,-0.0,276.5,ASK
603,1712305800.4622867,10498320.55513022,269.3,-0.0,276.5,ASK
604,1712305803.3097866,10498340.55513022,269.3,2.956863976715707e-09,276.5,BID
605,1712305825.95962,10498440.55513022,269.3,1.4784319883578535e-08,276.5,BID
606,1712305830.4014049,10498440.55513022,269.3,0.0,276.5,BID
607,1712305860.6070557,10498440.55513022,269.3,0.0,276.5,BID
608,1712305865.3300824,10498480.55513022,269.0,-5.913699699543549e-09,276.5,ASK
609,1712305865.3326273,10499186.01647734,269.0,-1.0429716391283632e-07,276.5,ASK
610,1712305865.3914056,10499977.5972893,269.0,-1.1702928024612394e-07,276.5,ASK
611,1712305865.4907086,10501135.54295625,269.0,-1.7119357356827825e-07,276.5,ASK
612,1712305874.5801046,10502135.54295625,269.2,1.4784249248858874e-07,276.5,BID
613,1712305890.583009,10502135.54295625,269.2,0.0,276.5,BID
614,1712305900.8761008,10502878.48500677,269.2,1.0982226308131601e-07,276.5,BID
615,1712305920.3620176,10502878.48500677,269.2,0.0,276.5,BID
616,1712305932.1903903,10504867.06970785,269.0,-2.9394542373553093e-07,276.5,ASK
617,1712305932.1958542,10517345.13303634,269.0,-1.8444623507864128e-06,276.5,ASK
618,1712305940.640304,10517809.00747913,269.2,6.856824834861575e-08,276.5,BID
619,1712305949.4802115,10517828.50747913,269.2,2.8824197227959156e-09,276.5,BID
620,1712305950.4200802,10517828.50747913,269.2,0.0,276.5,BID
621,1712305964.02042,10520620.84766723,269.2,4.1250844079513094e-07,276.5,BID
622,1712305964.026107,10522501.66869755,269.2,2.77851013260637e-07,276.5,BID
623,1712305964.160521,10523060.21556722,269.2,8.251333390538774e-08,276.5,BID
624,1712305974.3402584,10523060.21556723,269.2,1.3758295811128125e-18,276.5,BID
625,1712305980.4500444,10523060.21556723,269.2,0.0,276.5,BID
626,1712305994.4606044,10523931.32646143,269.3,1.2866120337182148e-07,276.5,BID
627,1712306010.3857973,10523931.32646143,269.3,0.0,276.5,BID
628,1712306015.200216,10525230.99226166,269.3,-1.919511894014772e-07,276.5,ASK
629,1712306038.5703025,10525601.63718382,269.8,5.474156020878045e-08,276.5,BID
630,1712306040.592811,10525601.63718382,269.8,0.0,276.5,BID
631,1712306070.5822735,10525601.63718382,269.8,0.0,276.5,BID
632,1712306092.9305725,10527077.84576702,269.8,2.180107855084327e-07,276.5,BID
633,1712306092.936144,10529308.08640546,269.8,3.293684368138244e-07,276.5,BID
634,1712306100.4045365,10529308.08640546,269.8,0.0,276.5,BID
635,1712306130.3730688,10529308.08640546,269.8,0.0,276.5,BID
636,1712306143.970156,10533014.5356271,269.8,5.485044190400381e-07,276.5,BID
637,1712306160.5600224,10533014.5356271,269.8,0.0,276.5,BID
638,1712306190.582884,10533014.5356271,269.8,0.0,276.5,BID
639,1712306194.140175,10533414.5356271,269.8,5.9185838198291934e-08,276.5,BID
640,1712306220.4028635,10533414.5356271,269.8,0.0,276.5,BID
641,1712306250.4018607,10533414.5356271,269.8,0.0,276.5,BID
642,1712306265.3056834,10533488.66461153,269.7,1.0968290050162316e-08,276.5,BID
643,1712306267.2497773,10534488.66461153,269.7,1.4796223278461594e-07,276.5,BID
644,1712306267.78992,10534562.79359596,269.7,1.0968290050437918e-08,276.5,BID
645,1712306269.62002,10534636.92258039,269.6,-1.0968290050162316e-08,276.5,ASK
646,1712306269.880049,10535008.25566616,269.3,-5.4943272477299054e-08,276.5,ASK
647,1712306270.1625955,10535108.25566615,269.2,-1.4796223277083589e-08,276.5,ASK
648,1712306270.1682775,10535479.58875192,269.2,-5.4943272477299054e-08,276.5,ASK
649,1712306270.740049,10535850.92183769,269.1,-5.4943272477299054e-08,276.5,ASK
650,1712306277.8981323,10535925.05082212,269.1,-1.0968290050437918e-08,276.5,ASK
651,1712306280.5718155,10535925.05082212,269.1,-0.0,276.5,ASK
652,1712306310.593089,10535925.05082212,269.1,-0.0,276.5,ASK
653,1712306340.3758612,10535925.05082212,269.1,-0.0,276.5,ASK
654,1712306370.3776708,10535925.05082212,269.1,-0.0,276.5,ASK
655,1712306400.4647863,10535925.05082212,269.1,-0.0,276.5,ASK
656,1712306430.376576,10535925.05082212,269.1,-0.0,276.5,ASK
657,1712306435.6000354,10537779.65022864,269.6,2.750101323984596e-07,276.5,BID
658,1712306445.3601456,10537816.81113536,269.1,-5.510422272822706e-09,276.5,ASK
659,1712306445.3643596,10538325.67420436,269.1,-7.545699598891277e-08,276.5,ASK
660,1712306445.3686967,10538472.17100426,269.1,-2.1723345858201728e-08,276.5,ASK
661,1712306460.2824318,10540008.31964443,269.1,-2.2778851294349426e-07,276.5,ASK
662,1712306460.58311,10540008.31964443,269.1,-0.0,276.5,ASK
663,1712306460.7107773,10543249.6447471,269.2,-4.805630271728287e-07,276.5,ASK
664,1712306468.8002744,10543286.80565382,269.0,-5.509523808852048e-09,276.5,ASK
665,1712306468.806264,10546855.72204926,269.0,-5.291321334311319e-07,276.5,ASK
666,1712306468.812087,10546929.85103369,269.0,-1.0990458540883212e-08,276.5,ASK
667,1712306469.3401432,10546967.01194041,268.9,-5.5095238091282075e-09,276.5,ASK
668,1712306469.3460023,10558198.57466545,268.9,-1.6652059303091957e-06,276.5,ASK
669,1712306469.38018,10558235.73557217,268.8,-5.5095238091282075e-09,276.5,ASK
670,1712306469.385833,10567441.29909321,268.8,-1.3648286834473615e-06,276.5,ASK
671,1712306469.3900611,10575512.62638317,268.8,-1.196665361512555e-06,276.5,ASK
672,1712306469.9002612,10575549.78728989,268.6,-5.509523808852048e-09,276.5,ASK
673,1712306469.9104495,10594914.83617576,268.7,-2.871087045936154e-06,276.5,ASK
674,1712306469.9130423,10596684.83617576,268.6,-2.624224757322886e-07,276.5,ASK
675,1712306469.9155917,10596704.33617576,268.5,-2.891095071626908e-09,276.5,ASK
676,1712306469.9186342,10596741.49708248,268.5,-5.509523808852048e-09,276.5,ASK
677,1712306470.4505682,10596778.6579892,268.3,-5.5095238091282075e-09,276.5,ASK
678,1712306470.4552226,10596815.81889592,268.4,-5.509523808852048e-09,276.5,ASK
679,1712306470.4598064,10603164.41811248,268.3,-9.412514823964505e-07,276.5,ASK
680,1712306470.5629573,10603201.70372023,268.2,-5.528012144249068e-09,276.5,ASK
681,1712306470.5656717,10609587.87423488,268.2,-9.468218513574444e-07,276.5,ASK
682,1712306470.5682971,10609965.69879767,268.3,-5.6016755457507247e-08,276.5,ASK
683,1712306470.570928,10609985.69879767,268.2,-2.9652257144891367e-09,276.5,ASK
684,1712306490.6000204,10609985.69879767,268.2,-0.0,276.5,ASK
685,1712306496.5701816,10610372.80229729,268.6,5.723290687435264e-08,276.5,BID
686,1712306517.0200236,10612978.90803072,268.6,3.85310406369589e-07,276.5,BID
687,1712306520.4252715,10612978.90803072,268.6,0.0,276.5,BID
688,1712306529.4504514,10628937.05120746,268.1,-2.3591168023278023e-06,276.5,ASK
689,1712306529.4566054,10629048.90803072,268.1,-1.6535965888075236e-08,276.5,ASK
690,1712306547.8005075,10629249.69505048,268.1,-2.968265334867916e-08,276.5,ASK
691,1712306547.8100238,10638851.76565405,268.0,-1.4194888369617486e-06,276.5,ASK
692,1712306547.8127282,10638870.42610181,268.0,-2.758602636971483e-09,276.5,ASK
693,1712306550.2541387,10638953.10021726,268.5,1.2221841395836505e-08,276.5,BID
694,1712306550.3631773,10638953.10021726,268.5,0.0,276.5,BID
695,1712306556.2700028,10639087.9325026,268.0,-1.991196804210876e-08,276.5,ASK
696,1712306566.3503852,10639952.14487061,268.0,-1.2762647321576293e-07,276.5,ASK
697,1712306566.3564053,10640026.71608612,267.9,-1.1012641789265417e-08,276.5,ASK
698,1712306566.3622055,10640115.50169387,268.0,-1.3111816503748934e-08,276.5,ASK
699,1712306566.3667543,10640152.78730162,267.9,-5.506320893945022e-09,276.5,ASK
700,1712306566.3693793,10640687.9325026,267.9,-7.902998983506687e-08,276.5,ASK
701,1712306566.4500558,10640852.78730162,267.9,-2.4345678643965905e-08,276.5,ASK
702,1712306567.0353496,10640933.95002344,267.9,1.1986072319626338e-08,276.5,BID
703,1712306567.1100886,10641593.89008107,268.1,-9.745963516223378e-08,276.5,ASK
704,1712306578.4001122,10641668.48911128,268.0,1.1016749451165485e-08,276.5,BID
705,1712306580.471904,10641668.48911128,268.0,0.0,276.5,BID
706,1712306580.6299198,10641743.08814149,268.0,1.10155656465871e-08,276.5,BID
707,1712306596.049977,10641817.71500716,268.0,1.1019675932474917e-08,276.5,BID
708,1712306610.3974247,10641817.71500716,268.0,0.0,276.5,BID
709,1712306617.902036,10642190.84933551,268.0,5.5098054283859546e-08,276.5,BID
710,1712306629.2300382,10643605.31314148,268.0,2.088636655555526e-07,276.5,BID
711,1712306640.561914,10643605.31314148,268.0,0.0,276.5,BID
712,1712306670.5814905,10643605.31314148,268.0,0.0,276.5,BID
713,1712306696.149999,10643625.00717133,268.0,2.907869597150594e-09,276.5,BID
714,1712306700.4649394,10643625.00717133,268.0,0.0,276.5,BID
715,1712306708.7603605,10645286.47014029,268.0,2.45867500688632e-07,276.5,BID
716,1712306708.7655995,10645472.30226229,267.9,2.7499908356294925e-08,276.5,BID
717,1712306708.7704291,10647648.18975561,268.0,3.219933454772916e-07,276.5,BID
718,1712306708.7741945,10649648.18975561,268.0,2.959650684751331e-07,276.5,BID
719,1712306708.9001467,10649994.4023491,268.1,5.12334169696488e-08,276.5,BID
720,1712306708.906096,10652190.4910469,268.1,3.2498277091098254e-07,276.5,BID
721,1712306708.9999568,10652553.67694565,268.1,5.374516969624862e-08,276.5,BID
722,1712306709.579855,10652583.3709755,268.2,-4.394197789059953e-09,276.5,ASK
723,1712306730.3898077,10652583.3709755,268.2,-0.0,276.5,ASK
724,1712306732.9802976,10652618.3709755,268.1,-5.1775489922719306e-09,276.5,ASK
725,1712306735.8700085,10653364.0831306,268.2,-1.103131776332205e-07,276.5,ASK
726,1712306735.8748703,10653368.3709755,268.1,-6.343007726065672e-10,276.5,ASK
727,1712306760.6049175,10653368.3709755,268.1,-0.0,276.5,ASK
728,1712306782.9900546,10654843.58375326,268.1,-2.182213874194758e-07,276.5,ASK
729,1712306782.9957516,10655868.3709755,268.1,-1.515920230751892e-07,276.5,ASK
730,1712306786.8600955,10661568.29674178,268.1,-8.431635948777577e-07,276.5,ASK
731,1712306790.5848682,10661568.29674178,268.1,-0.0,276.5,ASK
732,1712306820.4040356,10661568.29674178,268.1,-0.0,276.5,ASK
733,1712306823.609923,10662732.17645401,268.6,1.721113598486996e-07,276.5,BID
734,1712306823.6898215,10663952.23095401,268.6,-1.8041833436752706e-07,276.5,ASK
735,1712306823.709819,10664783.67545401,268.6,-1.2295174667102536e-07,276.5,ASK
736,1712306825.7800567,10665268.9606238,268.3,-7.176264833004824e-08,276.5,ASK
737,1712306825.7863076,10665343.55965401,268.3,-1.1031501277903378e-08,276.5,ASK
738,1712306850.4261272,10665343.55965401,268.3,-0.0,276.5,ASK
739,1712306880.589671,10665343.55965401,268.3,-0.0,276.5,ASK
740,1712306894.6699443,10665362.36747649,268.5,-2.7808326053933593e-09,276.5,ASK
741,1712306910.5518558,10665362.36747649,268.5,-0.0,276.5,ASK
742,1712306940.4116542,10665362.36747649,268.5,-0.0,276.5,ASK
743,1712306957.580096,10665563.15449625,268.7,2.96873641283984e-08,276.5,BID
744,1712306970.419627,10665563.15449625,268.7,0.0,276.5,BID
745,1712307000.441546,10665563.15449625,268.7,0.0,276.5,BID
746,1712307030.3904064,10665563.15449625,268.7,0.0,276.5,BID
747,1712307052.449706,10665600.37072252,268.8,-5.506710353750786e-09,276.5,ASK
748,1712307060.5717056,10665600.37072252,268.8,-0.0,276.5,ASK
749,1712307066.1002188,10665637.58694879,268.7,-5.50670220298518e-09,276.5,ASK
750,1712307066.1068857,10665657.58694879,268.7,-2.959301764220861e-09,276.5,ASK
751,1712307066.112982,10665694.80317506,268.6,-5.50670220298518e-09,276.5,ASK
752,1712307066.1158557,10665866.17841804,268.7,-2.53575529447538e-08,276.5,ASK
753,1712307066.118722,10665903.42236589,268.5,-5.5108040290326805e-09,276.5,ASK
754,1712307066.1215994,10665940.66631374,268.6,-5.510804028757074e-09,276.5,ASK
755,1712307066.1246054,10666033.61813907,268.5,-1.3753625034335933e-08,276.5,ASK
756,1712307066.199993,10666070.83436534,268.4,-5.50670220298518e-09,276.5,ASK
757,1712307066.2049904,10666145.4333948,268.2,-1.1038051974643509e-08,276.5,ASK
758,1712307066.2099478,10666220.03242501,268.3,-1.10380520854373e-08,276.5,ASK
759,1712307066.214989,10672403.83478307,268.3,-9.149868613898876e-07,276.5,ASK
760,1712307066.2306128,10672403.83478382,268.2,-1.110694008861675e-16,276.5,ASK
761,1712307074.099914,10672478.43381403,268.1,-1.10380520854373e-08,276.5,ASK
762,1712307074.106445,10698991.35553682,268.0,-3.922986801445136e-06,276.5,ASK
763,1712307074.189725,10700924.84881361,268.0,-2.860895032556592e-07,276.5,ASK
764,1712307080.5296426,10703768.68406461,268.0,-4.207883337718561e-07,276.5,ASK
765,1712307090.579884,10703768.68406461,268.0,-0.0,276.5,ASK
766,1712307120.4097178,10703768.68406461,268.0,-0.0,276.5,ASK
767,1712307150.414243,10703768.68406461,268.0,-0.0,276.5,ASK
768,1712307180.5841196,10703768.68406461,268.0,-0.0,276.5,ASK
769,1712307210.5949535,10703768.68406461,268.0,-0.0,276.5,ASK
770,1712307226.6897612,10708727.77158252,268.3,7.326626630007798e-07,276.5,BID
771,1712307227.3297043,10710467.77158252,268.7,2.570700817473593e-07,276.5,BID
772,1712307227.8898263,10712117.77158252,268.9,2.437733533811165e-07,276.5,BID
773,1712307227.8964148,10712157.77158252,269.0,5.909657051663431e-09,276.5,BID
774,1712307229.503301,10713837.77158252,268.7,-2.482055961698641e-07,276.5,ASK
775,1712307229.507283,10714766.70118252,268.7,-1.3724138402852862e-07,276.5,ASK
776,1712307233.669773,10716732.13624621,268.7,-2.903761795930465e-07,276.5,ASK
777,1712307240.3895285,10716732.13624621,268.7,-0.0,276.5,ASK
778,1712307248.2097044,10718796.85910044,268.7,-3.048882702941417e-07,276.5,ASK
779,1712307257.0496762,10718901.20588499,268.6,1.5408416963401813e-08,276.5,BID
780,1712307268.9604049,10719274.20103605,268.1,-5.50785042177695e-08,276.5,ASK
781,1712307268.967003,10719337.20103605,268.0,-9.30292459793062e-09,276.5,ASK
782,1712307268.9734216,10720676.60933346,267.8,-1.9778435550210658e-07,276.5,ASK
783,1712307268.9762497,10720695.6391842,268.0,-2.810051849904146e-09,276.5,ASK
784,1712307268.979109,10720732.95261703,268.0,-5.5099055892014705e-09,276.5,ASK
785,1712307268.98197,10720779.27001098,267.8,-6.839479737818577e-09,276.5,ASK
786,1712307270.4228384,10720779.27001098,267.8,-0.0,276.5,ASK
787,1712307287.1698177,10721248.78604248,267.8,-6.932018988702198e-08,276.5,ASK
788,1712307300.4144294,10721248.78604248,267.8,-0.0,276.5,ASK
789,1712307330.3916943,10721248.78604248,267.8,-0.0,276.5,ASK
790,1712307360.5830796,10721248.78604248,267.8,-0.0,276.5,ASK
791,1712307386.710237,10721323.46864143,267.9,-1.1059571301364453e-08,276.5,ASK
792,1712307386.7169356,10721696.8816362,267.9,-5.5297856509580616e-08,276.5,ASK
793,1712307386.7898164,10722657.33413698,267.9,1.422311631254848e-07,276.5,BID
794,1712307390.5824249,10722657.33413698,267.9,0.0,276.5,BID
795,1712307420.3922856,10722657.33413698,267.9,0.0,276.5,BID
796,1712307450.3866706,10722657.33413698,267.9,0.0,276.5,BID
797,1712307452.5701594,10722853.98252691,268.0,-2.9119572627615764e-08,276.5,ASK
798,1712307456.000459,10723814.43502768,267.9,-1.4222321556516394e-07,276.5,ASK
799,1712307456.0072813,10725825.28315482,267.8,-2.977651538475461e-07,276.5,ASK
800,1712307456.0139155,10725862.61051577,267.9,-5.527412650467893e-09,276.5,ASK
801,1712307456.0169685,10738478.17524591,267.8,-1.8681050657403373e-06,276.5,ASK
802,1712307469.72999,10739174.61566412,267.8,-1.0312846876650474e-07,276.5,ASK
803,1712307480.5801272,10739174.61566412,267.8,-0.0,276.5,ASK
804,1712307510.5721982,10739174.61566412,267.8,-0.0,276.5,ASK
1005,1712307516.2004206,10739249.29826307,268.2,-1.105171417580284e-08,276.5,ASK
805,1712307516.2004206,10739249.29826307,268.2,-1.1051714175802841e-08,276.5,ASK
806,1712307516.207031,10739323.98086202,268.1,-1.1051714176078478e-08,276.5,ASK
807,1712307540.4024491,10739323.98086202,268.1,-0.0,276.5,ASK
808,1712307570.4224336,10739323.98086202,268.1,-0.0,276.5,ASK
809,1712307595.9804387,10739398.66346097,268.0,-1.1051648672577584e-08,276.5,ASK
810,1712307596.3280566,10739438.66346097,268.0,5.9192630293576965e-09,276.5,BID
811,1712307600.4871109,10739438.66346097,268.0,0.0,276.5,BID
812,1712307630.4041746,10739438.66346097,268.0,0.0,276.5,BID
813,1712307652.160482,10739513.34605992,267.9,-1.1054617390747293e-08,276.5,ASK
814,1712307652.1704235,10743109.33097473,267.9,-5.32282458495453e-07,276.5,ASK
815,1712307660.570574,10743109.33097473,267.9,-0.0,276.5,ASK
816,1712307663.7506716,10751595.04290215,267.8,-1.2558835325249371e-06,276.5,ASK
817,1712307663.8305948,10754875.67770215,267.8,-4.855332418527307e-07,276.5,ASK
818,1712307663.850523,10755992.42579266,267.8,-1.6527847620183888e-07,276.5,ASK
819,1712307676.818005,10756029.75315361,267.8,-5.5244413584696334e-09,276.5,ASK
820,1712307676.8212397,10760885.18662766,267.8,-7.186031054892439e-07,276.5,ASK
821,1712307676.8278987,10760885.18662789,267.8,-3.4183213894515135e-17,276.5,ASK
822,1712307676.8310246,10762144.47177739,267.7,-1.863739301471789e-07,276.5,ASK
823,1712307676.841704,10762247.11104071,267.6,-1.5190588803293894e-08,276.5,ASK
824,1712307676.8448892,10762284.43840166,267.5,-5.524441358745304e-09,276.5,ASK
825,1712307676.8479853,10762784.43840166,267.5,-7.399989201064279e-08,276.5,ASK
826,1712307676.851079,10762784.43840167,267.7,-1.3783553989723845e-18,276.5,ASK
827,1712307676.8541825,10762803.93840167,267.5,-2.885995788415068e-09,276.5,ASK
828,1712307676.8572614,10762841.26576262,267.6,-5.524441358745304e-09,276.5,ASK
829,1712307676.860355,10762888.20530449,267.3,-6.9470420589258565e-09,276.5,ASK
830,1712307676.8634634,10763545.73803924,267.3,-9.73147027299014e-08,276.5,ASK
831,1712307687.250529,10763583.14918776,267.3,5.536841900975846e-09,276.5,BID
832,1712307690.5833528,10763583.14918776,267.3,0.0,276.5,BID
833,1712307694.880453,10763620.56033628,267.3,5.532353149273212e-09,276.5,BID
834,1712307704.1607685,10764316.19222255,267.3,1.028699039983641e-07,276.5,BID
835,1712307710.2707117,10775330.84576371,267.3,1.6288447593022426e-06,276.5,BID
836,1712307710.3507495,10776954.62216545,267.3,2.4012372902805853e-07,276.5,BID
837,1712307714.8508208,10783344.96814745,267.3,9.45003083756644e-07,276.5,BID
838,1712307714.93064,10783457.20159283,267.3,1.659705942110122e-08,276.5,BID
839,1712307714.9373958,10784037.58866364,267.3,8.58275237731056e-08,276.5,BID
840,1712307720.3960164,10784037.58866364,267.3,0.0,276.5,BID
841,1712307750.3736274,10784037.58866364,267.3,0.0,276.5,BID
842,1712307757.1206574,10784592.46772501,267.3,-8.198911390200948e-08,276.5,ASK
843,1712307757.1263494,10784611.17704038,267.3,-2.7644946360373683e-09,276.5,ASK
844,1712307757.2007372,10786077.10581738,267.3,2.1660612165233826e-07,276.5,BID
845,1712307757.2078269,10786077.10581781,267.3,6.357698983445838e-17,276.5,BID
846,1712307758.4879396,10786632.32731781,267.9,8.203971274724202e-08,276.5,BID
847,1712307775.450781,10787899.03737583,267.9,1.8716949774826973e-07,276.5,BID
848,1712307775.4578755,10789761.41227141,267.9,2.751851314494691e-07,276.5,BID
849,1712307780.5505507,10789761.41227141,267.9,0.0,276.5,BID
850,1712307786.85068,10789861.41227141,267.9,1.4772688635262264e-08,276.5,BID
851,1712307791.9707625,10791711.45402917,267.9,2.7330090849630186e-07,276.5,BID
852,1712307810.583003,10791711.45402917,267.9,0.0,276.5,BID
853,1712307816.1598358,10792084.72763872,267.8,5.513829280309738e-08,276.5,BID
854,1712307838.9508116,10792458.14063349,267.8,5.5158882158895175e-08,276.5,BID
855,1712307840.3926404,10792458.14063349,267.8,0.0,276.5,BID
856,1712307870.412553,10792458.14063349,267.8,0.0,276.5,BID
857,1712307894.240874,10792532.82323244,267.8,1.1031450588836357e-08,276.5,BID
858,1712307898.2908573,10792607.50583139,267.8,1.1031450588836357e-08,276.5,BID
859,1712307900.5729878,10792607.50583139,267.8,0.0,276.5,BID
860,1712307903.8808408,10792980.91882616,267.8,5.527556061441861e-08,276.5,BID
861,1712307915.0608304,10793980.91882616,267.2,-1.4802795132689864e-07,276.5,ASK
862,1712307915.070855,10795132.09057057,267.2,-1.704055949506926e-07,276.5,ASK
863,1712307915.0740452,10795627.49648668,267.2,-7.333392283694151e-08,276.5,ASK
864,1712307915.2207656,10811651.56856478,267.2,2.3720105616356245e-06,276.5,BID
865,1712307915.3309298,10811769.77300021,267.4,1.749756041452472e-08,276.5,BID
866,1712307915.3363628,10815218.28270021,267.3,5.104758260219802e-07,276.5,BID
867,1712307915.7708385,10816870.07826478,267.4,2.445119134340859e-07,276.5,BID
868,1712307930.5644884,10816870.07826478,267.4,0.0,276.5,BID
869,1712307936.5909216,10817239.90074998,267.4,5.4691572097107073e-08,276.5,BID
870,1712307948.6212995,10817258.62407457,267.1,-2.7689177855984784e-09,276.5,ASK
871,1712307948.628472,10817333.30667352,267.1,-1.1044511646148313e-08,276.5,ASK
872,1712307948.6346853,10818370.74113045,267.0,-1.5342204346154582e-07,276.5,ASK
873,1712307948.6378312,10824123.7051576,267.1,-8.507829011355044e-07,276.5,ASK
874,1712307948.641029,10824215.3051576,267.0,-1.3546358603307273e-08,276.5,ASK
875,1712307948.644185,10847055.36840595,267.0,-3.377725843729452e-06,276.5,ASK
876,1712307948.6475074,10851022.84981557,267.0,-5.867349992018865e-07,276.5,ASK
877,1712307957.400965,10852018.3826525,267.6,1.4722538002715762e-07,276.5,BID
878,1712307960.4029863,10852018.3826525,267.6,0.0,276.5,BID
879,1712307988.8917696,10855760.89762255,267.2,-5.526984382657015e-07,276.5,ASK
880,1712307989.0307786,10856096.97245808,267.2,4.9631875416423606e-08,276.5,BID
881,1712307989.1310685,10856120.77447278,267.2,3.51510587349357e-09,276.5,BID
1081,1712307989.1310685,10856120.77447278,267.2,3.5151058734935703e-09,276.5,BID
882,1712307990.374452,10856120.77447278,267.2,0.0,276.5,BID
883,1712308020.5909622,10856120.77447278,267.2,0.0,276.5,BID
884,1712308050.6083214,10856120.77447278,267.2,0.0,276.5,BID
885,1712308077.5365736,10856195.65277278,267.1,-1.105631410531894e-08,276.5,ASK
886,1712308080.3609252,10856195.65277278,267.1,-0.0,276.5,ASK
887,1712308110.4847753,10856195.65277278,267.1,-0.0,276.5,ASK
888,1712308140.598057,10856195.65277278,267.1,-0.0,276.5,ASK
889,1712308150.9711163,10856195.6527955,267.1,-3.3545653714799784e-15,276.5,ASK
890,1712308150.9769585,10859939.56887278,267.1,-5.528142317955541e-07,276.5,ASK
891,1712308157.4110763,10860014.50330515,266.9,-1.1064569774243876e-08,276.5,ASK
892,1712308157.431441,10865472.62924218,266.8,-8.059287747481411e-07,276.5,ASK
893,1712308157.4371023,10865472.62930117,267.1,-8.710263615214473e-15,276.5,ASK
894,1712308157.440901,10865578.43462804,266.9,-1.5622863676966982e-08,276.5,ASK
895,1712308157.4442108,10865961.69243733,267.0,-5.6590577098770673e-08,276.5,ASK
896,1712308157.4475272,10867323.48404152,266.8,-2.010776320825911e-07,276.5,ASK
897,1712308157.4508662,10867698.15620337,266.9,-5.532284887094435e-08,276.5,ASK
898,1712308157.454238,10869801.67326344,266.7,-3.1059835306879734e-07,276.5,ASK
899,1712308157.4575636,10869943.07113161,266.6,-2.0878340287588887e-08,276.5,ASK
900,1712308157.4608998,10871815.02604279,266.7,-2.764066541073509e-07,276.5,ASK
901,1712308157.464656,10872815.02604279,266.6,-1.476566836394257e-07,276.5,ASK
1102,1712308157.467992,10873077.15733012,266.7,-3.870543656539365e-08,276.5,ASK
902,1712308157.467992,10873077.15733012,266.7,-3.8705436565393653e-08,276.5,ASK
903,1712308157.4713955,11052754.87828622,266.6,-2.6530616400267883e-05,276.5,ASK
904,1712308157.9611194,11052945.87828622,266.6,-2.8202426575130306e-08,276.5,ASK
905,1712308158.221594,11053693.54183762,267.5,1.1039752047772313e-07,276.5,BID
906,1712308170.5610273,11053693.54183762,267.5,0.0,276.5,BID
907,1712308179.6512475,11053728.17133456,266.6,-5.073826430242432e-09,276.5,ASK
908,1712308183.491023,11054853.03072713,266.7,-1.6481155721967724e-07,276.5,ASK
909,1712308194.781134,11062098.41129889,266.6,-1.0615748622166903e-06,276.5,ASK
910,1712308196.2911558,11062173.01119889,266.6,-1.0930188936151912e-08,276.5,ASK
911,1712308198.8068073,11063823.01119889,266.9,2.417538327088863e-07,276.5,BID
912,1712308198.811819,11069666.45443605,266.9,8.561665447276104e-07,276.5,BID
913,1712308200.4847295,11069666.45443605,266.9,0.0,276.5,BID
914,1712308207.6012762,11069891.25773316,266.9,3.2977331992366875e-08,276.5,BID
915,1712308208.5611362,11070264.67072793,266.9,5.4777507523493553e-08,276.5,BID
916,1712308216.2411177,11070287.15105764,266.9,3.297733199236687e-09,276.5,BID
917,1712308219.691998,11074372.82909889,266.9,5.993451293302839e-07,276.5,BID
918,1712308219.771175,11075481.88640018,267.1,1.6269223491561862e-07,276.5,BID
919,1712308219.891244,11076466.51167118,267.1,-1.4443878211433014e-07,276.5,ASK
920,1712308219.8958046,11076466.5116714,267.1,-3.2242222666047087e-17,276.5,ASK
921,1712308222.6810603,11076841.18383325,267.1,5.496221998746028e-08,276.5,BID
922,1712308222.8011577,11080684.4154714,267.1,5.637796566338981e-07,276.5,BID
923,1712308222.808396,11084153.9455714,267.1,5.089598214803224e-07,276.5,BID
924,1712308230.4797022,11084153.9455714,267.1,0.0,276.5,BID
925,1712308234.0945451,11084190.36217737,267.1,5.339073627501375e-09,276.5,BID
926,1712308246.501892,11094190.5918178,267.1,1.466143286014097e-06,276.5,BID
927,1712308246.5212438,11097178.7576178,267.1,-4.380978620185026e-07,276.5,ASK
928,1712308260.5865946,11097178.7576178,267.1,-0.0,276.5,ASK
929,1712308261.8731682,11099053.52327209,266.7,-2.74721074588772e-07,276.5,ASK
930,1712308261.8806798,11152220.24634832,266.7,-7.79085069242764e-06,276.5,ASK
931,1712308262.371524,11198276.49875407,266.6,-6.7489091895223255e-06,276.5,ASK
932,1712308262.4515018,11201089.51955752,266.6,-4.122094386550979e-07,276.5,ASK
933,1712308262.4590025,11223564.34899752,266.6,-3.293376577935031e-06,276.5,ASK
934,1712308262.4713118,11230773.06504709,266.6,-1.0563380095061857e-06,276.5,ASK
935,1712308262.476438,11234458.34235421,266.6,-5.400266106073806e-07,276.5,ASK
936,1712308263.3515906,11254419.08748795,266.5,-2.924972163953118e-06,276.5,ASK
937,1712308263.35929,11267219.34235421,266.6,-1.87570097831798e-06,276.5,ASK
938,1712308263.6512852,11269981.08335421,266.5,-4.046950900342109e-07,276.5,ASK
939,1712308263.711383,11275434.13313121,266.5,-7.990693082600604e-07,276.5,ASK
940,1712308263.731355,11275664.04837345,266.5,-3.369091079086472e-08,276.5,ASK
941,1712308264.0390768,11284782.04937806,266.5,-1.3361174119847723e-06,276.5,ASK
942,1712308264.0428853,11284820.31485648,266.5,-5.607278609684123e-09,276.5,ASK
943,1712308264.046393,11301644.82137345,266.5,-2.465399608314072e-06,276.5,ASK
944,1712308264.4021244,11301644.82142308,266.5,-7.272619034160237e-15,276.5,ASK
945,1712308264.409706,11302344.82142308,266.4,-1.0257535483012633e-07,276.5,ASK
946,1712308264.4156096,11302444.82142308,266.3,-1.4653622118589477e-08,276.5,ASK
947,1712308264.418991,11302544.82142308,266.4,-1.4653622118589477e-08,276.5,ASK
948,1712308264.422387,11303314.35971136,266.4,-1.1276523282246685e-07,276.5,ASK
949,1712308264.425829,11304815.67439386,266.3,-2.1999698038451539e-07,276.5,ASK
950,1712308264.429246,11304885.67439386,266.4,-1.0257535483012633e-08,276.5,ASK
951,1712308264.4327,11333672.93890322,266.3,-4.218376959480343e-06,276.5,ASK
952,1712308266.331389,11344837.45137813,266.2,-1.6360054694560086e-06,276.5,ASK
953,1712308270.7459612,11348592.1480343,266.2,-5.501990596946471e-07,276.5,ASK
954,1712308270.7508564,11371856.68694652,266.2,-3.409097619828914e-06,276.5,ASK
955,1712308273.9038126,11371906.68694652,266.2,-7.326811059294737e-09,276.5,ASK
956,1712308276.5514438,11371948.3198798,266.2,-6.100732719662324e-09,276.5,ASK
957,1712308277.39141,11372056.81837829,266.4,1.5898959973079863e-08,276.5,BID
958,1712308279.541354,11373558.31987979,266.4,2.20024356134846e-07,276.5,BID
959,1712308290.5751216,11373558.31987979,266.4,0.0,276.5,BID
960,1712308291.1314323,11373688.3198798,266.4,1.8846290699271145e-08,276.5,BID
961,1712308295.4914553,11374968.43132445,266.5,1.8557963393548922e-07,276.5,BID
962,1712308306.831472,11375880.70092445,266.5,1.3225306212677293e-07,276.5,BID
963,1712308306.841407,11376280.5894798,266.5,5.7972430468412776e-08,276.5,BID
964,1712308320.4050903,11376280.5894798,266.5,0.0,276.5,BID
965,1712308332.3316474,11376655.82400137,266.7,5.4392578410821263e-08,276.5,BID
966,1712308332.3916602,11381171.84010137,266.7,6.546246299414547e-07,276.5,BID
967,1712308332.398551,11406730.6388798,266.7,3.704906896163504e-06,276.5,BID
968,1712308332.9514947,11407960.6388798,267.0,1.7829615240474542e-07,276.5,BID
969,1712308342.691582,11410582.36172625,267.0,3.800350375558561e-07,276.5,BID
970,1712308350.4047322,11410582.36172625,267.0,0.0,276.5,BID
971,1712308380.5742412,11410582.36172625,267.0,0.0,276.5,BID
972,1712308401.0356846,11410604.80841536,267.3,3.249477559812229e-09,276.5,BID
973,1712308410.5542638,11410604.80841536,267.3,0.0,276.5,BID
974,1712308425.1517017,11414127.3635968,267.3,5.099395290257134e-07,276.5,BID
975,1712308437.7014248,11414501.47508202,267.3,5.4157912296355394e-08,276.5,BID
976,1712308437.821638,11415541.44924416,267.3,1.5055092315806772e-07,276.5,BID
977,1712308437.829769,11418962.69195139,267.3,4.952731199215517e-07,276.5,BID
978,1712308440.3983004,11418962.69195139,267.3,0.0,276.5,BID
979,1712308470.4453344,11418962.69195139,267.3,0.0,276.5,BID
980,1712308500.435357,11418962.69195139,267.3,0.0,276.5,BID
981,1712308521.5716324,11419148.24750694,267.3,-2.6876027130218525e-08,276.5,ASK
982,1712308521.5797036,11424630.82935699,267.3,-7.941018963756106e-07,276.5,ASK
983,1712308521.7116144,11430041.99567699,267.3,7.837580092445877e-07,276.5,BID
984,1712308521.8115387,11435241.46660532,267.3,7.530958656456759e-07,276.5,BID
985,1712308530.4236884,11435241.46660532,267.3,0.0,276.5,BID
986,1712308536.1712365,11457343.18179314,267.3,3.1992152404599978e-06,276.5,BID
987,1712308560.3935697,11457343.18179314,267.3,0.0,276.5,BID
988,1712308588.521042,11461084.29664537,267.3,-5.410623255594168e-07,276.5,ASK
989,1712308589.9131598,11464865.47708044,267.3,-5.468568489256994e-07,276.5,ASK
990,1712308589.9205496,11468816.69954567,267.3,-5.71449340713558e-07,276.5,ASK
991,1712308590.4050744,11468816.69954567,267.3,-0.0,276.5,ASK
992,1712308599.511239,11471019.62426376,267.3,-3.184588491594171e-07,276.5,ASK
993,1712308605.3311837,11471056.95162471,267.3,-5.3961119564429115e-09,276.5,ASK
994,1712308619.9412763,11473188.34070199,267.3,-3.08117525346095e-07,276.5,ASK
995,1712308620.5756285,11473188.34070199,267.3,-0.0,276.5,ASK
996,1712308634.2922072,11510259.34402512,267.3,-5.358147294610212e-06,276.5,ASK
997,1712308635.2116494,11510383.11554458,267.2,-1.7889616484413967e-08,276.5,ASK
998,1712308639.3915696,11512930.77886793,267.4,-3.682326918589082e-07,276.5,ASK
999,1712308639.4111526,11514490.73477953,267.4,-2.2547200771959374e-07,276.5,ASK
1000,1712308639.791647,11514757.31727953,267.4,-3.853114761212234e-08,276.5,ASK
1201,1712308640.791214,11515023.89977953,267.4,-3.853114761185312e-08,276.5,ASK
1202,1712308640.8712678,11515290.48227953,267.4,-3.853114761185312e-08,276.5,ASK
1203,1712308641.1111162,11517402.08297953,267.4,-3.05205323939645e-07,276.5,ASK
1204,1712308642.2412195,11519513.68367953,267.4,-3.05205323939645e-07,276.5,ASK
1205,1712308642.44109,11530383.11554458,267.4,-1.5710396730839629e-06,276.5,ASK
1206,1712308643.5115263,11530406.77414458,266.8,-3.419553079879303e-09,276.5,ASK
1207,1712308643.5142288,11531120.60475936,266.6,-1.0317523763923441e-07,276.5,ASK
1208,1712308643.5168028,11532120.60475936,266.8,-1.4453742316887917e-07,276.5,ASK
1209,1712308643.5192163,11532494.71624458,266.7,-5.407311005165212e-08,276.5,ASK
1210,1712308650.5779994,11532494.71624458,266.7,-0.0,276.5,ASK
1211,1712308671.881221,11532618.67341758,266.7,1.7875490438443252e-08,276.5,BID
1212,1712308671.8834088,11534432.20817785,266.7,2.615243836451136e-07,276.5,BID
1213,1712308671.9012957,11539817.35012169,266.7,7.765750944274169e-07,276.5,BID
1214,1712308679.2949991,11541584.20555342,266.6,-2.547928983199242e-07,276.5,ASK
1215,1712308679.3005338,11541593.93097132,266.6,-1.4024732130454503e-09,276.5,ASK
1216,1712308680.3863444,11541593.93097132,266.6,-0.0,276.5,ASK
1217,1712308682.091341,11541749.63222258,266.6,-2.2445354012769856e-08,276.5,ASK
1218,1712308682.094179,11544032.04049871,266.6,-3.2902408519608655e-07,276.5,ASK
1219,1712308686.3340971,11573656.05097383,266.6,-4.270494919053224e-06,276.5,ASK
1220,1712308689.2412815,11573919.76709676,266.6,-3.801640442932372e-08,276.5,ASK
1221,1712308696.9513028,11576175.02751838,266.6,-3.2511054435932084e-07,276.5,ASK
1222,1712308696.95406,11581495.52467252,266.6,-7.669844730398381e-07,276.5,ASK
1223,1712308710.4038458,11581495.52467252,266.6,-0.0,276.5,ASK
1224,1712308725.3213034,11584113.47987295,266.6,-3.768175186343957e-07,276.5,ASK
1225,1712308740.585193,11584113.47987295,266.6,-0.0,276.5,ASK
1226,1712308764.371268,11584132.22752949,266.7,2.6981881878978307e-09,276.5,BID
1227,1712308766.2212255,11584307.30772861,266.7,2.5197780008672487e-08,276.5,BID
1228,1712308770.5718255,11584307.30772861,266.7,0.0,276.5,BID
1229,1712308773.6115632,11585167.48930524,266.8,-1.237975795628135e-07,276.5,ASK
1230,1712308786.4413493,11585957.30772861,266.8,-1.1367089433648476e-07,276.5,ASK
1231,1712308800.4512026,11585957.30772861,266.8,-0.0,276.5,ASK
1232,1712308805.8163226,11589531.75883807,266.7,-5.173129121358624e-07,276.5,ASK
1233,1712308805.818534,11630945.0778844,266.7,-5.993548105990463e-06,276.5,ASK
1234,1712308810.231602,11638719.74641807,266.7,-1.1251899373858556e-06,276.5,ASK
1235,1712308813.5913408,11642473.30379643,266.5,-5.432340907190527e-07,276.5,ASK
1236,1712308813.5941856,11642727.44196769,266.6,-3.6780180630253016e-08,276.5,ASK
1237,1712308827.301613,11645029.16271028,266.5,-3.331168405466182e-07,276.5,ASK
1238,1712308830.3789785,11645029.16271028,266.5,-0.0,276.5,ASK
1239,1712308836.4512827,11649729.48020471,266.5,-6.787066992173309e-07,276.5,ASK
1240,1712308853.87124,11650103.59168993,266.8,5.4020174503709575e-08,276.5,BID
1241,1712308860.583557,11650103.59168993,266.8,0.0,276.5,BID
1242,1712308863.9112728,11650178.55420867,266.7,1.0822168903715757e-08,276.5,BID
1243,1712308888.614698,11650253.54483484,266.7,1.0826226709514809e-08,276.5,BID
1244,1712308890.961432,11650253.54483484,266.7,0.0,276.5,BID
1245,1712308920.477149,11650253.54483484,266.7,0.0,276.5,BID
1246,1712308926.4112396,11650328.50735358,266.6,-1.0822106420908735e-08,276.5,ASK
1247,1712308926.4128778,11669192.93877423,266.5,-2.7233994779588906e-06,276.5,ASK
1248,1712308929.1411936,11670086.3615114,266.5,-1.289806706467663e-07,276.5,ASK
1249,1712308933.0315874,11670974.96696394,266.5,-1.282852141998879e-07,276.5,ASK
1250,1712308941.9813564,11670993.70759362,266.8,2.7055266045549234e-09,276.5,BID
1251,1712308949.781419,11671218.59514984,266.8,3.24663192624573e-08,276.5,BID
1252,1712308950.4062448,11671218.59514984,266.8,0.0,276.5,BID
1253,1712308974.661306,11673908.40571206,266.5,-3.880066390323609e-07,276.5,ASK
1254,1712308974.6774218,11674021.01832467,266.4,-1.6244430721142422e-08,276.5,ASK
1255,1712308974.6798315,11674095.98084341,266.5,-1.0813384168534325e-08,276.5,ASK
1256,1712308974.682128,11674170.94336215,266.3,-1.0813384168534325e-08,276.5,ASK
1257,1712308974.6844318,11674245.90588089,266.4,-1.0813384168534325e-08,276.5,ASK
1258,1712308974.6864138,11682462.97296093,266.2,-1.1853164030245354e-06,276.5,ASK
1259,1712308980.579623,11682462.97296093,266.2,-0.0,276.5,ASK
1260,1712308988.561318,11693147.57755631,266.2,-1.5405946440826649e-06,276.5,ASK
1261,1712308989.5238357,11693384.89658123,266.2,3.4218619460141746e-08,276.5,BID
1262,1712308993.141122,11693454.69958123,266.2,1.0064773757415252e-08,276.5,BID
1263,1712309000.811305,11693473.48245125,266.2,2.708269519578714e-09,276.5,BID
1264,1712309002.9213166,11693654.15588229,266.1,-2.60509893184872e-08,276.5,ASK
1265,1712309002.9243958,11693939.55254819,266.1,-4.115085130208445e-08,276.5,ASK
1266,1712309005.0584989,11694315.0222138,266.2,5.4138321234959056e-08,276.5,BID
1267,1712309010.595878,11694315.0222138,266.2,0.0,276.5,BID
1268,1712309016.411444,11694821.41810708,266.1,-7.298314667318204e-08,276.5,ASK
1269,1712309016.4145114,11697527.66824339,266.1,-3.900320939681262e-07,276.5,ASK
1270,1712309016.423307,11701787.66824339,266.1,-6.139627294650582e-07,276.5,ASK
1271,1712309016.9264348,11718536.95261604,266.2,2.4139521948400688e-06,276.5,BID
1272,1712309023.071294,11720230.89769201,266.2,2.4413594892171937e-07,276.5,BID
1273,1712309023.0737925,11720982.21249292,266.2,1.0828152250107993e-07,276.5,BID
1274,1712309025.321329,11733529.19729009,266.2,-1.808305406720028e-06,276.5,ASK
1275,1712309025.3238635,11734608.95079771,266.1,-1.5561699781400845e-07,276.5,ASK
1276,1712309038.212255,11739568.03831562,266.7,7.147171145896581e-07,276.5,BID
1277,1712309039.3715005,11745878.67281123,266.7,-9.095057229064072e-07,276.5,ASK
1278,1712309039.3816774,11749596.90332717,266.1,-5.358814451518462e-07,276.5,ASK
1279,1712309039.384761,11751276.90332717,266.2,-2.421261468312906e-07,276.5,ASK
1280,1712309039.3878474,11752956.90332717,266.4,-2.421261468312906e-07,276.5,ASK
1281,1712309039.3909304,11753144.73202739,266.2,-2.7070380623927737e-08,276.5,ASK
1282,1712309040.386888,11753144.73202739,266.2,-0.0,276.5,ASK
1283,1712309043.2316797,11753819.39469605,266.8,9.70151773356493e-08,276.5,BID
1284,1712309070.420314,11753819.39469605,266.8,0.0,276.5,BID
1285,1712309100.5752852,11753819.39469605,266.8,0.0,276.5,BID
1286,1712309106.6414068,11754410.42906563,266.8,8.508138060515396e-08,276.5,BID
1287,1712309106.64475,11756422.35662582,266.8,2.89623722931738e-07,276.5,BID
1288,1712309114.7975614,11759630.29193483,266.8,-4.617930513521685e-07,276.5,ASK
1289,1712309116.1343784,11761315.64657011,266.8,-2.426124546375084e-07,276.5,ASK
1290,1712309116.1359186,11764630.29193483,266.8,-4.771543219168731e-07,276.5,ASK
1291,1712309127.071206,11765695.98647347,266.8,-1.5341030457395205e-07,276.5,ASK
1292,1712309127.8823173,11766274.73408802,266.8,-8.331266099256236e-08,276.5,ASK
1293,1712309130.584666,11766274.73408802,266.8,-0.0,276.5,ASK
1294,1712309135.6911983,11766349.72471419,266.3,1.07899906550603e-08,276.5,BID
1295,1712309137.4022052,11766424.71534036,266.3,1.07899906550603e-08,276.5,BID
1296,1712309147.6330144,11766499.70596653,266.3,1.0789990655328306e-08,276.5,BID
1297,1712309154.8180978,11774010.03266574,266.3,1.0806197926378991e-06,276.5,BID
1298,1712309160.3814588,11774010.03266574,266.3,0.0,276.5,BID
1299,1712309164.22904,11775780.03266574,266.4,-2.546001492118649e-07,276.5,ASK
1300,1712309164.2813568,11790171.83509373,266.4,2.0701440935556787e-06,276.5,BID
1301,1712309165.8812785,11790246.8257199,266.3,-1.078679356648964e-08,276.5,ASK
1302,1712309165.8911796,11793932.10302702,266.3,-5.300972611749454e-07,276.5,ASK
1303,1712309165.9711883,11810147.66063566,266.3,2.3324764896685253e-06,276.5,BID
1304,1712309176.442517,11811797.66060949,266.5,-2.373391183822878e-07,276.5,ASK
1305,1712309176.4460728,11811872.65123566,266.5,-1.078679356648964e-08,276.5,ASK
1306,1712309176.4561064,11811872.65126183,266.5,-3.7643659590777175e-15,276.5,ASK
1307,1712309176.6031103,11813597.64186183,266.5,-2.481259119485095e-07,276.5,ASK
1308,1712309176.6082878,11815322.63243566,266.5,-2.481259081844114e-07,276.5,ASK
1309,1712309177.0222,11815651.13118363,266.5,-4.7251881496514114e-08,276.5,ASK
1310,1712309177.025407,11816874.63243566,266.3,-1.759907352135505e-07,276.5,ASK
1311,1712309177.22555,11817170.28043566,266.3,-4.252656774813605e-08,276.5,ASK
1312,1712309179.911852,11818366.89185444,266.3,-1.721228507175107e-07,276.5,ASK
1313,1712309190.3820138,11818366.89185444,266.3,-0.0,276.5,ASK
1314,1712309210.1827643,11818404.3310158,267.1,5.3761830725075564e-09,276.5,BID
1315,1712309214.862196,11818591.52682261,267.1,2.6880915365212496e-08,276.5,BID
1316,1712309216.5619595,11818965.91843623,267.1,5.376183073015752e-08,276.5,BID
1317,1712309220.6108944,11818965.91843623,267.1,0.0,276.5,BID
1318,1712309250.5957696,11818965.91843623,267.1,0.0,276.5,BID
1319,1712309252.4140017,11822718.26365198,266.5,-5.38816325343906e-07,276.5,ASK
1320,1712309252.4919171,11824618.45916727,266.5,2.728577212687501e-07,276.5,BID
1321,1712309259.0819392,11825965.50003978,266.5,1.934277288687395e-07,276.5,BID
1322,1712309259.588025,11827370.915961,266.5,2.0181006776034228e-07,276.5,BID
1323,1712309259.8020778,11828857.15233663,266.5,2.134154445992529e-07,276.5,BID
1324,1712309261.8318827,11830051.21469336,266.5,1.714608476279274e-07,276.5,BID
1325,1712309262.2619543,11830126.26159767,266.5,1.0776326506241552e-08,276.5,BID
1326,1712309263.8218148,11831124.7498024,266.5,1.4337746514177168e-07,276.5,BID
1327,1712309275.4519222,11831499.79680047,266.5,-5.385470518101067e-08,276.5,ASK
1328,1712309278.4236536,11831875.03132204,266.5,5.388163253361496e-08,276.5,BID
1329,1712309280.349241,11831875.03132204,266.5,0.0,276.5,BID
1330,1712309297.5019808,11831950.07822635,266.4,-1.0771005572859165e-08,276.5,ASK
1331,1712309309.612243,11831990.07822635,266.5,5.7409459706868144e-09,276.5,BID
1332,1712309310.369374,11831990.07822635,266.5,0.0,276.5,BID
1333,1712309318.0721643,11832065.15330142,266.5,1.0775001339884944e-08,276.5,BID
1334,1712309320.2881072,11832140.22837649,266.4,-1.0775001339884944e-08,276.5,ASK
1335,1712309329.059396,11832704.00605105,266.4,8.091507325403278e-08,276.5,BID
1336,1712309329.0626245,11832871.92630015,266.5,2.410042091014892e-08,276.5,BID
1337,1712309329.0642116,11834611.92630015,266.7,2.49730051072982e-07,276.5,BID
1338,1712309329.065999,11836262.89971836,267.1,2.3695268738485325e-07,276.5,BID
1339,1712309329.0675888,11837697.70671987,267.0,2.059278309006454e-07,276.5,BID
1340,1712309329.0691755,11839437.70671987,266.9,2.49730051072982e-07,276.5,BID
1341,1712309329.0707707,11869506.88674864,267.8,4.315619462245661e-06,276.5,BID
1342,1712309340.5854845,11869506.88674864,267.8,0.0,276.5,BID
1343,1712309370.6019592,11869506.88674864,267.8,0.0,276.5,BID
1344,1712309378.0619748,11869880.29974341,267.5,5.351624449751765e-08,276.5,BID
1345,1712309400.5149171,11869880.29974341,267.5,0.0,276.5,BID
1346,1712309418.622016,11872279.21764341,266.7,-3.460729536458773e-07,276.5,ASK
1347,1712309418.6257453,11874019.21764341,266.7,-2.510160682630634e-07,276.5,ASK
1348,1712309418.642176,11876088.93034341,266.7,-2.9858111746444685e-07,276.5,ASK
1349,1712309429.9123957,11877171.57198902,266.7,-1.561841662177923e-07,276.5,ASK
1350,1712309430.4228096,11877171.57198902,266.7,-0.0,276.5,ASK
1351,1712309458.9357038,11877735.94298902,266.8,-8.139451669864974e-08,276.5,ASK
1352,1712309460.5726595,11877735.94298902,266.8,-0.0,276.5,ASK
1353,1712309460.8945415,11877921.47825073,266.8,-2.6757620463288123e-08,276.5,ASK
1354,1712309462.745299,11878039.80698902,266.7,-1.7065195261726663e-08,276.5,ASK
1355,1712309463.6723125,11878327.70198902,266.8,-4.1519790212499897e-08,276.5,ASK
1356,1712309465.7821145,11878399.16898902,266.8,-1.0306864819217984e-08,276.5,ASK
1357,1712309468.8720765,11878452.08198902,266.8,-7.631034438055617e-09,276.5,ASK
1358,1712309471.5665653,11878564.23152173,267.5,1.6174039391187915e-08,276.5,BID
1359,1712309472.383612,11878564.2503748,266.8,-2.718961844298268e-12,276.5,ASK
1360,1712309473.338319,11878852.31452173,266.7,-4.1544184332168064e-08,276.5,ASK
1361,1712309474.8455198,11879146.46252173,266.7,-4.242158860503738e-08,276.5,ASK
1362,1712309476.7720392,11879690.51252173,266.7,-7.846208466689792e-08,276.5,ASK
1363,1712309478.7519364,11879975.59052173,266.7,-4.111352664758646e-08,276.5,ASK
1364,1712309479.9019685,11880263.72552173,266.7,-4.155440265682959e-08,276.5,ASK
1365,1712309482.2978885,11880338.41952173,266.8,-1.0772257976494384e-08,276.5,ASK
1366,1712309485.4623756,11880338.49187687,266.8,-1.043495105376918e-11,276.5,ASK
1367,1712309486.481891,11880643.33052173,266.7,-4.39633775622452e-08,276.5,ASK
1368,1712309489.0719194,11880940.14252173,266.7,-4.280578673658655e-08,276.5,ASK
1369,1712309490.5694811,11880940.14252173,266.7,-0.0,276.5,ASK
1370,1712309491.249182,11881236.95452173,266.7,-4.2800510888301785e-08,276.5,ASK
1371,1712309494.6821024,11881544.68452173,266.7,-4.4374894598462425e-08,276.5,ASK
1372,1712309495.7220464,11881852.70052173,266.7,-4.441613601123257e-08,276.5,ASK
1373,1712309498.2365851,11882139.33552173,266.7,-4.1332979928115137e-08,276.5,ASK
1374,1712309500.582173,11882445.21552173,266.7,-4.41081232245036e-08,276.5,ASK
1375,1712309505.1225262,11882679.56122851,266.7,-3.379282500240719e-08,276.5,ASK
1376,1712309505.1257396,11891951.41799575,266.7,-1.337008633478207e-06,276.5,ASK
1377,1712309505.128924,11893194.68898874,266.7,-1.792806007586325e-07,276.5,ASK
1378,1712309505.5820992,11893488.64498874,266.6,-4.238867356662075e-08,276.5,ASK
1379,1712309508.0322635,11893714.23699397,266.6,-3.253053473630997e-08,276.5,ASK
1380,1712309508.0362115,11893793.69398874,266.6,-1.1457757670847025e-08,276.5,ASK
1381,1712309509.68214,11894053.45998874,266.6,-3.7458450168226323e-08,276.5,ASK
1382,1712309519.224133,11894439.87298874,266.6,-5.57210416487927e-08,276.5,ASK
1383,1712309520.4429734,11894439.87298874,266.6,-0.0,276.5,ASK
1384,1712309520.845679,11894693.38330384,266.6,-3.6537407026122594e-08,276.5,ASK
1385,1712309520.851809,11894732.46198874,266.6,-5.632251357005225e-09,276.5,ASK
1386,1712309527.0319376,11894807.48074342,266.7,1.0812146926830506e-08,276.5,BID
1387,1712309536.6125872,11894882.4994981,266.6,-1.0812146926830506e-08,276.5,ASK
1388,1712309536.616188,11895123.72774342,266.6,-3.4767242437640113e-08,276.5,ASK
1389,1712309542.8820188,11895205.9864546,266.6,-1.1855612307669838e-08,276.5,ASK
1390,1712309544.642101,11895212.91873533,266.6,9.991213279364115e-10,276.5,BID
1391,1712309550.404519,11895212.91873533,266.6,0.0,276.5,BID
1392,1712309568.367534,11895287.93749001,266.7,1.0811825766220052e-08,276.5,BID
1393,1712309575.8166423,11899037.4687986,266.7,5.40388591979939e-07,276.5,BID
1394,1712309575.8197763,11902424.16232755,266.7,4.880958170383794e-07,276.5,BID
1395,1712309580.4299042,11902424.16232755,266.7,0.0,276.5,BID
1396,1712309591.8420105,11902773.78532755,266.7,-5.037427650358189e-08,276.5,ASK
1397,1712309594.1320755,11902811.26658692,266.8,5.400363600849594e-09,276.5,BID
1398,1712309597.046554,11902961.1916244,266.8,2.1601454403130004e-08,276.5,BID
1399,1712309602.2087283,11903186.21971777,266.8,-3.242243043673455e-08,276.5,ASK
1400,1712309610.4118145,11903186.21971777,266.8,-0.0,276.5,ASK
1401,1712309612.8988764,11903336.42614597,266.8,2.164136379838996e-08,276.5,BID
1402,1712309616.7240472,11903711.22968362,266.8,-5.4000749557851364e-08,276.5,ASK
1403,1712309616.7319584,11904123.24214597,266.8,-5.93617176976314e-08,276.5,ASK
1404,1712309640.5994203,11904123.24214597,266.8,-0.0,276.5,ASK
1405,1712309661.392108,11904123.25120202,266.8,-1.3047259240589905e-12,276.5,ASK
1406,1712309661.3956778,11904157.19800336,266.8,-4.890793461729835e-09,276.5,ASK
1407,1712309670.5934834,11904157.19800336,266.8,-0.0,276.5,ASK
1408,1712309684.6321225,11904532.01059706,267.2,5.400003881815106e-08,276.5,BID
1409,1712309700.4124763,11904532.01059706,267.2,0.0,276.5,BID
1410,1712309714.7022543,11904675.09476306,266.8,-2.065835349610932e-08,276.5,ASK
1411,1712309730.409321,11904675.09476306,266.8,-0.0,276.5,ASK
1412,1712309760.5765364,11904675.09476306,266.8,-0.0,276.5,ASK
1413,1712309790.5889482,11904675.09476306,266.8,-0.0,276.5,ASK
1414,1712309798.862628,11904712.57602243,267.2,-5.411478149853831e-09,276.5,ASK
1415,1712309798.8669252,11904750.0572818,267.0,-5.411478149853831e-09,276.5,ASK
1416,1712309798.8701262,11904787.53854117,267.3,-5.411478149853831e-09,276.5,ASK
1417,1712309798.8733902,11904825.01980054,267.1,-5.411478149853831e-09,276.5,ASK
1418,1712309798.8765748,11904862.50105991,266.9,-5.411478149853831e-09,276.5,ASK
1419,1712309798.8795197,11905278.37246862,266.8,-6.004278082428565e-08,276.5,ASK
1420,1712309820.40263,11905278.37246862,266.8,-0.0,276.5,ASK
1421,1712309839.7921562,11905576.42127112,266.9,-4.303076034407179e-08,276.5,ASK
1422,1712309839.8024118,11905647.64868723,266.8,-1.0283449713305684e-08,276.5,ASK
1423,1712309843.3321736,11906021.62026539,267.4,5.3992102032951134e-08,276.5,BID
1424,1712309846.6422043,11906107.11566063,266.8,-1.2343387499722805e-08,276.5,ASK
1425,1712309846.646447,11907343.99721984,266.8,-1.7857462771919748e-07,276.5,ASK
1426,1712309850.411997,11907343.99721984,266.8,-0.0,276.5,ASK
1427,1712309858.9421308,11909601.99978561,266.8,3.25972902956067e-07,276.5,BID
1428,1712309880.5919828,11909601.99978561,266.8,0.0,276.5,BID
1429,1712309898.5753496,11909676.96230435,267.2,1.0820902170469694e-08,276.5,BID
1430,1712309910.582057,11909676.96230435,267.2,0.0,276.5,BID
1431,1712309930.8830807,11909751.92482309,267.1,-1.082087088359812e-08,276.5,ASK
1432,1712309930.8874133,11915676.96230435,266.8,-8.552816346417249e-07,276.5,ASK
1433,1712309940.4120169,11915676.96230435,266.8,-0.0,276.5,ASK
1434,1712309943.7426796,11920561.08731346,267.2,7.048626053906468e-07,276.5,BID
1435,1712309943.92337,11921560.24582018,267.2,-1.4419562704288088e-07,276.5,ASK
1436,1712309970.161986,11921597.62899775,267.5,5.395030612714769e-09,276.5,BID
1437,1712309970.4047637,11921597.62899775,267.5,0.0,276.5,BID
1438,1712310000.4578354,11921597.62899775,267.5,0.0,276.5,BID
1439,1712310002.5921135,11921971.46077345,267.4,-5.3976660493095464e-08,276.5,ASK
1440,1712310002.692432,11922158.3766613,267.3,-2.6988330246816675e-08,276.5,ASK
1441,1712310003.092138,11922195.801811,267.2,-5.403726303004457e-09,276.5,ASK
1442,1712310003.0950315,11922381.57504937,266.8,-2.6823345868516577e-08,276.5,ASK
1443,1712310003.0969477,11922494.8246613,266.7,-1.6351835909729165e-08,276.5,ASK
1444,1712310003.358087,11922868.6563613,266.7,-5.3976649563260034e-08,276.5,ASK
1445,1712310003.642064,11923242.4880613,266.7,-5.3976649562991094e-08,276.5,ASK
1446,1712310030.4049022,11923242.4880613,266.7,-0.0,276.5,ASK
1447,1712310042.512089,11926442.4880613,266.7,-4.620109223940833e-07,276.5,ASK
1448,1712310056.570626,11928320.53664724,266.7,-2.71149674840973e-07,276.5,ASK
1449,1712310056.5727365,11928357.96179694,266.8,-5.403383729213311e-09,276.5,ASK
1450,1712310060.572001,11928357.96179694,266.8,-0.0,276.5,ASK
1451,1712310090.5566592,11928357.96179694,266.8,-0.0,276.5,ASK
1452,1712310100.6120586,11928395.44305631,266.9,-5.410419034128191e-09,276.5,ASK
1453,1712310100.6222458,11929248.93600048,266.8,-1.2320168927672037e-07,276.5,ASK
1454,1712310120.3977206,11929248.93600048,266.8,-0.0,276.5,ASK
1455,1712310136.2959204,11929361.37977859,267.3,1.623070015805669e-08,276.5,BID
1456,1712310150.376311,11929361.37977859,267.3,0.0,276.5,BID
1457,1712310153.9056065,11930988.93600048,267.3,2.349286271384963e-07,276.5,BID
1458,1712310153.9091818,11932592.69299557,267.5,2.314933420138147e-07,276.5,BID
1459,1712310153.9125297,11935904.13852699,267.4,4.779886200410259e-07,276.5,BID
1460,1712310153.915862,11937892.72322807,267.3,2.870410665331326e-07,276.5,BID
1461,1712310155.0822384,11937921.34757585,267.7,4.131764320166131e-09,276.5,BID
1462,1712310155.0866566,11938266.53360238,267.5,4.9825670062316247e-08,276.5,BID
1463,1712310156.6720097,11938640.0860865,267.7,5.392020937801404e-08,276.5,BID
1464,1712310180.5535371,11938640.0860865,267.7,0.0,276.5,BID
1465,1712310210.565006,11938640.0860865,267.7,0.0,276.5,BID
1466,1712310240.6228237,11938640.0860865,267.7,0.0,276.5,BID
1467,1712310270.397293,11938640.0860865,267.7,0.0,276.5,BID
1468,1712310295.272138,11938696.13989815,267.1,8.088157226743715e-09,276.5,BID
1469,1712310300.4395676,11938696.13989815,267.1,0.0,276.5,BID
1470,1712310322.9321787,11939209.64773966,266.8,-7.431972682985773e-08,276.5,ASK
1471,1712310322.9419746,11939518.07383596,266.8,-4.463835090960888e-08,276.5,ASK
1472,1712310329.3421235,11940340.00777377,266.8,-1.189580777394666e-07,276.5,ASK
1473,1712310329.4819698,11940889.08800088,266.8,-7.946809997385606e-08,276.5,ASK
1474,1712310330.3896208,11940889.08800088,266.8,-0.0,276.5,ASK
1475,1712310342.4121735,11944536.73789293,266.8,-5.278778004721786e-07,276.5,ASK
1476,1712310360.5619404,11944536.73789293,266.8,-0.0,276.5,ASK
1477,1712310368.172093,11944574.19107645,267.0,5.4193578474459396e-09,276.5,BID
1478,1712310374.972051,11944948.72291165,267.0,5.419357847365085e-08,276.5,BID
1479,1712310390.5619495,11944948.72291165,267.0,0.0,276.5,BID
1480,1712310408.1021976,11945018.72291165,267.0,1.0128618603162452e-08,276.5,BID
1481,1712310420.3948011,11945018.72291165,267.0,0.0,276.5,BID
1482,1712310427.2722511,11945108.96291165,266.9,-1.3057201013897252e-08,276.5,ASK
1483,1712310433.6549838,11945218.72291165,266.9,-1.5881631020377817e-08,276.5,ASK
1484,1712310433.662247,11946088.21812958,266.9,-1.2581088033148436e-07,276.5,ASK
1485,1712310435.9897149,11948211.29659074,266.9,-3.0719705491534044e-07,276.5,ASK
1486,1712310436.8318453,11950550.59023042,266.9,-3.384821285877912e-07,276.5,ASK
1487,1712310438.8432302,11951306.68785642,266.9,-1.0940291100173365e-07,276.5,ASK
1488,1712310441.0723777,11952263.11361795,266.9,-1.3838922233060738e-07,276.5,ASK
1489,1712310450.395472,11952263.11361795,266.9,-0.0,276.5,ASK
1490,1712310452.192124,11957273.62219132,267.0,7.247885558213317e-07,276.5,BID
1491,1712310452.197174,11967037.89924974,267.0,1.4124387103986345e-06,276.5,BID
1492,1712310465.6422195,11968037.05775646,267.0,-1.4453196527207388e-07,276.5,ASK
1493,1712310477.482129,11969698.90630866,266.9,-2.403925259294301e-07,276.5,ASK
1494,1712310480.5521634,11969698.90630866,266.9,-0.0,276.5,ASK
1495,1712310481.3686368,11970529.83058476,266.9,-1.2011537841239306e-07,276.5,ASK
1496,1712310481.482193,11970904.36241996,267.0,5.414095412336288e-08,276.5,BID
1497,1712310493.124585,11976347.23977536,266.9,-7.868024704541449e-07,276.5,ASK
1498,1712310493.126802,11979001.1335159,266.9,-3.8363718581829377e-07,276.5,ASK
1499,1712310493.1320944,11979071.1335159,266.9,-1.0118944325861588e-08,276.5,ASK
1500,1712310503.9320931,11998699.35453222,266.9,-2.837383938283472e-06,276.5,ASK
1501,1712310504.472612,11999622.86767104,266.9,-1.3349968622764158e-07,276.5,ASK
1502,1712310504.9799092,12000038.32980909,266.9,-6.00576892060619e-08,276.5,ASK
1503,1712310509.0221343,12000246.06087812,266.9,-3.0028844603838724e-08,276.5,ASK
1504,1712310510.5753868,12000246.06087812,266.9,-0.0,276.5,ASK
1505,1712310515.5987737,12000620.59271331,266.9,-5.407721987576447e-08,276.5,ASK
1506,1712310515.6119366,12000620.59271332,266.9,-1.6136412740663537e-18,276.5,ASK
1507,1712310526.1075077,12009686.96434336,266.8,-1.3090587396008318e-06,276.5,ASK
1508,1712310526.1861112,12010953.3361689,266.8,-1.8284658664502899e-07,276.5,ASK
1509,1712310526.2019875,12016760.98375353,266.8,-8.385440325424909e-07,276.5,ASK
1510,1712310527.301963,12031753.22842758,266.8,-2.164672894256125e-06,276.5,ASK
1511,1712310527.3830884,12034082.79814889,266.8,-3.363576662890989e-07,276.5,ASK
1512,1712310527.4820771,12038846.46632938,266.8,-6.878078374341116e-07,276.5,ASK
1513,1712310527.486761,12038953.94758875,266.8,-1.5518808147383352e-08,276.5,ASK
1514,1712310539.5120234,12042153.94758875,266.7,-4.620357666393841e-07,276.5,ASK
1515,1712310539.5921514,12043466.92961103,266.7,-1.895764547649407e-07,276.5,ASK
1516,1712310539.5970826,12044910.99743035,266.7,-2.085034318685893e-07,276.5,ASK
1517,1712310539.6920516,12044948.42258005,266.7,-5.403674291588173e-09,276.5,ASK
