,time,acc_trade_volume,trade_price,dev,high,ask_bid
0,1712300395.5126276,145667.14265763,21790.0,0.0,22000.0,BID
1,1712300397.1823475,145676.32939467,21790.0,-1.1765850592772672e-09,22000.0,ASK
2,1712300397.2822392,145685.38207202,21790.0,-1.159415456227206e-09,22000.0,ASK
3,1712300397.5422437,145694.43474937,21790.0,-1.159415456227206e-09,22000.0,ASK
4,1712300397.6250887,145703.48742672,21790.0,-1.159415456227206e-09,22000.0,ASK
5,1712300400.1221511,145703.48742672,21790.0,-0.0,22000.0,ASK
6,1712300404.8822894,145711.66026616,21800.0,1.048213956884295e-09,22000.0,BID
7,1712300430.092495,145711.66026616,21800.0,0.0,22000.0,BID
8,1712300430.325251,145724.16897442,21800.0,1.6042775665889e-09,22000.0,BID
9,1712300441.8823965,145731.94683188,21800.0,9.975324373902943e-10,22000.0,BID
10,1712300449.4125164,145732.18088419,21790.0,-3.001787734877635e-11,22000.0,ASK
11,1712300449.414075,145734.48512472,21790.0,-2.9552543024279056e-10,22000.0,ASK
12,1712300449.4724505,145737.18088419,21790.0,-3.457388527047589e-10,22000.0,ASK
13,1712300460.1424575,145737.18088419,21790.0,-0.0,22000.0,ASK
14,1712300463.0723906,145794.47896926,21790.0,-7.348118823335211e-09,22000.0,ASK
15,1712300472.0427003,145795.16704265,21800.0,8.824108209960794e-11,22000.0,BID
16,1712300475.1742208,145806.17071237,21800.0,1.411151393567185e-09,22000.0,BID
17,1712300479.0525806,145806.53234615,21790.0,-4.637725646085896e-11,22000.0,ASK
18,1712300479.2757602,145849.6726273,21790.0,-5.532469568135831e-09,22000.0,ASK
19,1712300479.276898,145945.30308158,21790.0,-1.2264003942197904e-08,22000.0,ASK
20,1712300490.1325784,145945.30308158,21790.0,-0.0,22000.0,ASK
21,1712300520.092916,145945.30308158,21790.0,-0.0,22000.0,ASK
22,1712300550.0928574,145945.30308158,21790.0,-0.0,22000.0,ASK
23,1712300555.5528305,145968.24938722,21790.0,-2.941008808415774e-09,22000.0,ASK
24,1712300555.554155,146123.6115258,21790.0,-1.9912635403115543e-08,22000.0,ASK
25,1712300561.1327417,146124.30023103,21780.0,-8.827077350286589e-11,22000.0,ASK
26,1712300562.4128072,146170.01523806,21770.0,-5.859254228600852e-09,22000.0,ASK
27,1712300565.4642906,146189.47605495,21770.0,-2.494276629552841e-09,22000.0,ASK
28,1712300565.4728172,146212.44344126,21770.0,-2.943710700261005e-09,22000.0,ASK
29,1712300580.1329162,146212.44344126,21770.0,-0.0,22000.0,ASK
30,1712300583.072881,146235.39742132,21770.0,-2.939799799210976e-09,22000.0,ASK
31,1712300610.1432464,146235.39742132,21770.0,-0.0,22000.0,ASK
32,1712300610.6928866,146261.49769705,21760.0,3.3425434200747683e-09,22000.0,BID
33,1712300613.5931642,146285.21786105,21740.0,-3.037733352759548e-09,22000.0,ASK
34,1712300613.6133783,146289.00810944,21740.0,-4.853998458667968e-10,22000.0,ASK
35,1712300613.6150565,146328.97699787,21740.0,-5.118633473887135e-09,22000.0,ASK
36,1712300640.0930717,146328.97699787,21740.0,-0.0,22000.0,ASK
37,1712300662.7953131,146420.92731985,21740.0,1.1772590876530561e-08,22000.0,BID
38,1712300670.103295,146420.92731985,21740.0,0.0,22000.0,BID
39,1712300675.9631228,146444.45950217,21720.0,3.012103316897577e-09,22000.0,BID
40,1712300677.0935495,146444.92033166,21700.0,-5.898586099745191e-11,22000.0,ASK
41,1712300687.793307,146447.22541232,21680.0,-2.9504875524520877e-10,22000.0,ASK
42,1712300690.2831008,146488.67933973,21700.0,5.306074487782991e-09,22000.0,BID
43,1712300700.1332772,146488.67933973,21700.0,0.0,22000.0,BID
44,1712300716.384357,146490.17499708,21680.0,-1.9185315319471846e-10,22000.0,ASK
45,1712300716.3852394,146490.63582657,21680.0,-5.911219621514372e-11,22000.0,ASK
46,1712300717.0933514,146491.09729403,21670.0,-5.919403083758823e-11,22000.0,ASK
47,1712300721.4687765,146491.33253388,21680.0,3.0175031049487955e-11,22000.0,BID
48,1712300728.658384,146491.56777373,21680.0,3.017503105322121e-11,22000.0,BID
49,1712300730.1347773,146491.56777373,21680.0,0.0,22000.0,BID
50,1712300735.1635437,146514.66246195,21650.0,-2.962411924783005e-09,22000.0,ASK
51,1712300735.1651678,146515.81724254,21650.0,-1.4812651973251832e-10,22000.0,ASK
52,1712300735.1666656,146622.50802274,21630.0,-1.3685486312605742e-08,22000.0,ASK
53,1712300735.1682413,146668.7401078,21630.0,-5.9303021883057006e-09,22000.0,ASK
54,1712300758.1861274,146757.75934703,21630.0,-1.1418714698282101e-08,22000.0,ASK
55,1712300758.6488533,146766.54025977,21680.0,1.1263490705603222e-09,22000.0,BID
56,1712300758.650411,146767.76035122,21680.0,1.5650410286429295e-10,22000.0,BID
57,1712300760.0933552,146767.76035122,21680.0,0.0,22000.0,BID
58,1712300767.8857803,146771.57163706,21620.0,-4.885085119143481e-10,22000.0,ASK
59,1712300767.8897886,146789.2752274,21620.0,-2.269143521532291e-09,22000.0,ASK
60,1712300768.1435685,146818.96220242,21620.0,-3.805104261153448e-09,22000.0,ASK
61,1712300768.1452188,146820.57951674,21630.0,-2.0729796843604517e-10,22000.0,ASK
62,1712300780.9862812,146837.80567169,21620.0,-2.2079486225677155e-09,22000.0,ASK
63,1712300781.6969562,146843.19067169,21620.0,6.90218064742314e-10,22000.0,BID
64,1712300790.0935972,146843.19067169,21620.0,0.0,22000.0,BID
65,1712300807.1436331,146867.08097479,21600.0,-3.061480539331744e-09,22000.0,ASK
66,1712300807.1452415,146868.00690071,21600.0,-1.1865501132601538e-10,22000.0,ASK
67,1712300817.3236568,146874.29709067,21600.0,-8.06071570991449e-10,22000.0,ASK
68,1712300820.1237447,146874.29709067,21600.0,-0.0,22000.0,ASK
69,1712300835.5536752,146888.78710603,21610.0,-1.856698117933575e-09,22000.0,ASK
70,1712300850.1337037,146888.78710603,21610.0,-0.0,22000.0,ASK
71,1712300880.0836155,146888.78710603,21610.0,-0.0,22000.0,ASK
72,1712300886.7837512,146898.327152,21610.0,-1.2223779122025235e-09,22000.0,ASK
73,1712300910.093969,146898.327152,21610.0,-0.0,22000.0,ASK
74,1712300923.133676,146901.576883,21610.0,-4.163810611592137e-10,22000.0,ASK
75,1712300923.1345637,146901.827152,21620.0,-3.20664300522726e-11,22000.0,ASK
76,1712300940.133932,146901.827152,21620.0,-0.0,22000.0,ASK
77,1712300959.7539663,146904.68465211,21620.0,3.66121810518429e-10,22000.0,BID
78,1712300966.8839335,146919.50941001,21610.0,-1.899446017117832e-09,22000.0,ASK
79,1712300970.1339147,146919.50941001,21610.0,-0.0,22000.0,ASK
80,1712300977.03393,146919.74093778,21600.0,-2.966341656957727e-11,22000.0,ASK
81,1712300977.0439425,147017.24213164,21600.0,-1.2491886090148316e-08,22000.0,ASK
82,1712300979.4839742,147046.02713164,21600.0,3.6879439817044875e-09,22000.0,BID
83,1712300983.3640666,147047.87984122,21590.0,-2.3736978097759243e-10,22000.0,ASK
84,1712300983.3658938,147172.90278595,21590.0,-1.6017982164038306e-08,22000.0,ASK
85,1712300983.3676646,147219.30947423,21590.0,-5.945640672330285e-09,22000.0,ASK
86,1712300983.5646927,147224.79835423,21590.0,7.03237170830837e-10,22000.0,BID
87,1712300985.5139503,147268.92082511,21590.0,5.652985962819324e-09,22000.0,BID
88,1712300986.113989,147274.54478891,21590.0,7.205441531881291e-10,22000.0,BID
89,1712300988.7074752,147300.93930282,21590.0,3.381674091522693e-09,22000.0,BID
90,1712300991.9754884,147317.05258682,21590.0,2.064439421686916e-09,22000.0,BID
91,1712300992.314147,147317.97937087,21580.0,-1.1873988742291448e-10,22000.0,ASK
92,1712300992.3160975,147327.81002491,21580.0,-1.259506736253685e-09,22000.0,ASK
93,1712300992.6138818,147337.1100249,21590.0,1.191519159040796e-09,22000.0,BID
94,1712300994.6860058,147346.45477042,21590.0,1.1972519715500323e-09,22000.0,BID
95,1712300994.904026,147355.50103209,21590.0,1.159010119253947e-09,22000.0,BID
96,1712300995.368453,147363.90103208,21590.0,1.0762108532040004e-09,22000.0,BID
97,1712300995.4494138,147374.24506359,21590.0,1.325280832164913e-09,22000.0,BID
98,1712300999.424226,147395.84849944,21590.0,2.767839542371046e-09,22000.0,BID
99,1712300999.4261403,147408.91113888,21590.0,1.6735898039925871e-09,22000.0,BID
100,1712300999.4439344,147411.0023944,21590.0,2.6793236787239803e-10,22000.0,BID
101,1712301000.0075972,147423.11837208,21590.0,-1.552303177605743e-09,22000.0,ASK
102,1712301000.0095272,147455.03206897,21590.0,-4.088793690442818e-09,22000.0,ASK
103,1712301000.1041749,147455.03206897,21590.0,-0.0,22000.0,ASK
104,1712301000.167137,147466.32189841,21590.0,1.448178039512935e-09,22000.0,BID
105,1712301005.5440817,147496.12962657,21620.0,3.823520767825882e-09,22000.0,BID
106,1712301006.6741223,147497.06376163,21620.0,1.1982412019779973e-10,22000.0,BID
107,1712301008.2939527,147507.40671054,21580.0,-1.326719022182883e-09,22000.0,ASK
108,1712301008.3040864,147521.87999066,21580.0,-1.8565281735106835e-09,22000.0,ASK
109,1712301025.2888207,147588.67176066,21610.0,8.567567388701898e-09,22000.0,BID
110,1712301026.2241037,147619.32463592,21610.0,3.931930153181243e-09,22000.0,BID
111,1712301027.3940885,147654.25281234,21610.0,4.480335005987766e-09,22000.0,BID
112,1712301028.554041,147690.47055447,21610.0,4.645751211043374e-09,22000.0,BID
113,1712301028.994036,147707.03726047,21610.0,2.1250577737930143e-09,22000.0,BID
114,1712301029.3640842,147712.84626047,21610.0,7.451366981408607e-10,22000.0,BID
115,1712301030.0940857,147712.84626047,21610.0,0.0,22000.0,BID
116,1712301030.1288557,147738.49625947,21610.0,3.287847808887965e-09,22000.0,BID
117,1712301030.9041696,147744.02844747,21610.0,7.09122530339623e-10,22000.0,BID
118,1712301035.1650603,147744.27109262,21610.0,3.1102547989757053e-11,22000.0,BID
119,1712301043.274057,147744.3196157,21610.0,6.219746916952019e-12,22000.0,BID
120,1712301047.2142062,147744.78129621,21660.0,5.91787646184681e-11,22000.0,BID
121,1712301060.1643012,147744.78129621,21660.0,0.0,22000.0,BID
122,1712301090.1442847,147744.78129621,21660.0,0.0,22000.0,BID
123,1712301120.0841858,147744.78129621,21660.0,0.0,22000.0,BID
124,1712301127.9843743,147747.63879632,21660.0,3.662454114749047e-10,22000.0,BID
125,1712301128.0442548,147774.78129621,21660.0,-3.478850623976106e-09,22000.0,ASK
126,1712301150.0945232,147774.78129621,21660.0,-0.0,22000.0,ASK
127,1712301170.394063,147778.72670474,21650.0,5.056403777477158e-10,22000.0,BID
128,1712301170.694187,147782.68631093,21650.0,5.074599384155508e-10,22000.0,BID
129,1712301180.1339777,147782.68631093,21650.0,0.0,22000.0,BID
130,1712301182.5138838,147783.14756554,21680.0,5.911272255532887e-11,22000.0,BID
131,1712301186.2536795,147783.60882015,21680.0,5.911272255159903e-11,22000.0,BID
132,1712301198.1533296,147784.07007476,21680.0,5.911272255532887e-11,22000.0,BID
133,1712301199.2834954,147786.48704894,21680.0,3.0975066920721596e-10,22000.0,BID
134,1712301210.1329603,147786.48704894,21680.0,0.0,22000.0,BID
135,1712301223.4527218,147791.14572053,21680.0,-5.97032196800848e-10,22000.0,ASK
136,1712301227.842768,147802.75078054,21680.0,-1.487246812295571e-09,22000.0,ASK
137,1712301227.845267,147841.14572053,21670.0,-4.9205046815184764e-09,22000.0,ASK
138,1712301240.082221,147841.14572053,21670.0,-0.0,22000.0,ASK
139,1712301258.3817222,147841.60612568,21720.0,5.899427956502844e-11,22000.0,BID
140,1712301270.0817752,147841.60612568,21720.0,0.0,22000.0,BID
141,1712301285.631066,148097.26661191,21680.0,-3.275916195250722e-08,22000.0,ASK
142,1712301300.120798,148097.26661191,21680.0,-0.0,22000.0,ASK
143,1712301311.3907511,148103.65854683,21680.0,8.223758093206443e-10,22000.0,BID
144,1712301312.6903164,148110.04954683,21690.0,8.222555240531991e-10,22000.0,BID
145,1712301330.0904124,148110.04954683,21690.0,0.0,22000.0,BID
146,1712301334.299896,148119.92227843,21690.0,1.270164072947977e-09,22000.0,BID
147,1712301341.7898035,148125.25027087,21700.0,-6.854662774619637e-10,22000.0,ASK
148,1712301351.2695725,148139.5519095,21690.0,-1.839959629020615e-09,22000.0,ASK
149,1712301351.4744885,148207.58593023,21690.0,-8.752832789414821e-09,22000.0,ASK
150,1712301355.5595577,148238.52023713,21680.0,-3.979814993245393e-09,22000.0,ASK
151,1712301360.1092513,148238.52023713,21680.0,-0.0,22000.0,ASK
152,1712301390.0886075,148238.52023713,21680.0,-0.0,22000.0,ASK
153,1712301415.915109,148371.41967934,21680.0,-1.7091886526258717e-08,22000.0,ASK
154,1712301415.9169064,148425.83509228,21680.0,-6.998239027822747e-09,22000.0,ASK
155,1712301420.1382213,148425.83509228,21680.0,-0.0,22000.0,ASK
156,1712301437.6701856,148429.62534067,21740.0,4.87200531206059e-10,22000.0,BID
157,1712301450.133157,148429.62534067,21740.0,0.0,22000.0,BID
158,1712301470.1474335,148445.86642112,21750.0,-2.0876149530229997e-09,22000.0,ASK
159,1712301480.0870872,148445.86642112,21750.0,-0.0,22000.0,ASK
160,1712301482.017166,148468.55597875,21710.0,-2.916364419122912e-09,22000.0,ASK
161,1712301482.217219,148490.05684038,21710.0,2.763577362804114e-09,22000.0,BID
162,1712301482.2203865,148513.81616404,21710.0,3.053865010257151e-09,22000.0,BID
163,1712301510.0870929,148513.81616404,21710.0,0.0,22000.0,BID
164,1712301531.5260327,148518.42003437,21710.0,5.916386074503577e-10,22000.0,BID
165,1712301540.1261473,148518.42003437,21710.0,0.0,22000.0,BID
166,1712301550.9557686,148546.09531112,21680.0,-3.556475468219561e-09,22000.0,ASK
167,1712301550.9576232,148549.89604913,21680.0,-4.88422631354663e-10,22000.0,ASK
168,1712301551.0560443,148572.9388259,21670.0,-2.961165340546041e-09,22000.0,ASK
169,1712301551.0583549,148597.96514369,21670.0,-3.21606486843964e-09,22000.0,ASK
170,1712301551.0758832,148624.95863548,21670.0,-3.4688611145579353e-09,22000.0,ASK
171,1712301555.055921,148629.06376821,21670.0,-5.275395790959792e-10,22000.0,ASK
172,1712301570.1256,148629.06376821,21670.0,-0.0,22000.0,ASK
173,1712301592.125259,148629.29422903,21700.0,2.960677736146091e-11,22000.0,BID
174,1712301600.1053443,148629.29422903,21700.0,0.0,22000.0,BID
175,1712301613.424801,148629.75505852,21700.0,5.935329846210089e-11,22000.0,BID
176,1712301616.5949469,148631.13754699,21700.0,1.7805989538255418e-10,22000.0,BID
177,1712301625.2549238,148663.82277858,21700.0,4.209748611840262e-09,22000.0,BID
178,1712301625.2573788,148678.26725402,21700.0,1.8604001707869038e-09,22000.0,BID
179,1712301630.0847812,148678.26725402,21700.0,0.0,22000.0,BID
180,1712301632.9047155,148682.59263156,21670.0,-5.57017932675885e-10,22000.0,ASK
181,1712301637.6747663,148683.05346105,21700.0,5.934517564489845e-11,22000.0,BID
182,1712301642.394618,148687.18672401,21700.0,5.32277603030371e-10,22000.0,BID
183,1712301642.4044683,148729.05346105,21720.0,5.391557869405466e-09,22000.0,BID
184,1712301645.6147296,148729.51365433,21730.0,5.926324513374708e-11,22000.0,BID
185,1712301652.6244202,148729.97384761,21730.0,5.926324513749505e-11,22000.0,BID
186,1712301660.1243782,148729.97384761,21730.0,0.0,22000.0,BID
187,1712301674.964095,148872.46330237,21730.0,-1.8347001280788483e-08,22000.0,ASK
188,1712301690.1298614,148872.46330237,21730.0,-0.0,22000.0,ASK
189,1712301691.053809,148872.92413186,21700.0,-5.931294931849437e-11,22000.0,ASK
190,1712301693.4638674,148873.6604411,21720.0,9.476970024928248e-11,22000.0,BID
191,1712301699.063874,148874.12148305,21690.0,-5.934029485401629e-11,22000.0,ASK
192,1712301701.479901,148874.35179166,21710.0,2.9642814120067686e-11,22000.0,BID
193,1712301702.0537295,148874.81304627,21680.0,-5.936766612780849e-11,22000.0,ASK
194,1712301720.0835636,148874.81304627,21680.0,-0.0,22000.0,ASK
195,1712301734.0134895,148966.49839189,21700.0,1.1800660948396722e-08,22000.0,BID
196,1712301742.6433225,148989.84340369,21710.0,3.00469575835964e-09,22000.0,BID
197,1712301743.723514,148999.06031718,21710.0,-1.1862928622968611e-09,22000.0,ASK
198,1712301743.803452,149012.58134119,21710.0,-1.740267421561781e-09,22000.0,ASK
199,1712301750.0733607,149012.58134119,21710.0,-0.0,22000.0,ASK
200,1712301780.1228614,149012.58134119,21710.0,-0.0,22000.0,ASK
201,1712301810.122569,149012.58134119,21710.0,-0.0,22000.0,ASK
202,1712301827.0623996,149025.80805698,21710.0,-1.701732625760669e-09,22000.0,ASK
203,1712301831.6624107,149035.80805698,21710.0,-1.2865874286407207e-09,22000.0,ASK
204,1712301831.6823685,149041.85805698,21680.0,-7.783853943298826e-10,22000.0,ASK
205,1712301840.0824175,149041.85805698,21680.0,-0.0,22000.0,ASK
206,1712301850.83224,149055.13234389,21680.0,-1.7077134575666683e-09,22000.0,ASK
207,1712301870.0820117,149055.13234389,21680.0,-0.0,22000.0,ASK
208,1712301900.1315134,149055.13234389,21680.0,-0.0,22000.0,ASK
209,1712301930.1215105,149055.13234389,21680.0,-0.0,22000.0,ASK
210,1712301960.0711434,149055.13234389,21680.0,-0.0,22000.0,ASK
211,1712301976.061123,149098.32631409,21690.0,-5.567391917060328e-09,22000.0,ASK
212,1712301976.0639596,149100.62824925,21710.0,-2.9670287644526755e-10,22000.0,ASK
213,1712301990.081079,149100.62824925,21710.0,-0.0,22000.0,ASK
214,1712302006.9308715,149102.36613892,21740.0,2.2397298294056247e-10,22000.0,BID
215,1712302020.1433928,149102.36613892,21740.0,0.0,22000.0,BID
216,1712302038.570938,149102.82612052,21740.0,5.928048896914622e-11,22000.0,BID
217,1712302050.1204238,149102.82612052,21740.0,0.0,22000.0,BID
218,1712302062.800529,149165.81260394,21710.0,-8.11742192200395e-09,22000.0,ASK
219,1712302062.8103304,149274.81260394,21700.0,-1.4047442267870997e-08,22000.0,ASK
220,1712302062.8130424,149385.3655033,21690.0,-1.4247573131243885e-08,22000.0,ASK
221,1712302062.8151636,149502.82612052,21700.0,-1.5137809533453633e-08,22000.0,ASK
222,1712302080.0801582,149502.82612052,21700.0,-0.0,22000.0,ASK
223,1712302104.7603705,149512.82612052,21700.0,-1.287316206418351e-09,22000.0,ASK
224,1712302110.079877,149512.82612052,21700.0,-0.0,22000.0,ASK
225,1712302111.1500144,149655.31557528,21730.0,1.8342386045441293e-08,22000.0,BID
226,1712302118.3898878,149656.76900398,21730.0,-1.8709700552980968e-10,22000.0,ASK
227,1712302118.4366508,149658.3613811,21740.0,2.0498356116219e-10,22000.0,BID
228,1712302118.4453335,149666.9079524,21730.0,1.1001832410253859e-09,22000.0,BID
229,1712302118.4514456,149686.9079524,21740.0,2.574560493102898e-09,22000.0,BID
230,1712302125.8798258,149696.9079524,21740.0,-1.287280246551449e-09,22000.0,ASK
231,1712302125.9425094,149797.11650742,21740.0,-1.2899649341269009e-08,22000.0,ASK
232,1712302129.7798743,149905.00036906,21710.0,-1.3887676401086496e-08,22000.0,ASK
233,1712302138.5100317,149925.82017192,21710.0,-2.6800920958775687e-09,22000.0,ASK
234,1712302140.1197996,149925.82017192,21710.0,-0.0,22000.0,ASK
235,1712302143.289642,149930.01124536,21710.0,-5.38886143097711e-10,22000.0,ASK
236,1712302145.5196967,149940.01124536,21710.0,-1.2857950375106881e-09,22000.0,ASK
237,1712302160.2296708,149950.01124536,21710.0,-1.2857950375106881e-09,22000.0,ASK
238,1712302170.1196184,149950.01124536,21710.0,-0.0,22000.0,ASK
239,1712302180.0694249,149960.01124536,21710.0,-1.285708215642267e-09,22000.0,ASK
240,1712302196.9593344,149969.2600751,21710.0,-1.189129638181035e-09,22000.0,ASK
241,1712302197.1393528,149978.46292829,21730.0,1.1832183953750831e-09,22000.0,BID
242,1712302197.2193267,149987.54136866,21710.0,-1.167222536890164e-09,22000.0,ASK
243,1712302198.8925133,149997.54136866,21710.0,-1.285708215642267e-09,22000.0,ASK
244,1712302200.1793578,149997.54136866,21710.0,-0.0,22000.0,ASK
245,1712302209.9319942,149998.12301613,21710.0,-7.498622914771429e-11,22000.0,ASK
246,1712302212.2691183,150008.12301613,21710.0,-1.2892040800288827e-09,22000.0,ASK
247,1712302215.1697426,150054.52671843,21710.0,-5.982384233358465e-09,22000.0,ASK
248,1712302215.1734245,150111.18263772,21710.0,-7.304104230645792e-09,22000.0,ASK
249,1712302215.2725103,150181.66170857,21710.0,-9.086190569647463e-09,22000.0,ASK
250,1712302215.2739005,150370.44101767,21710.0,-2.4337505551676106e-08,22000.0,ASK
251,1712302230.1293125,150370.44101767,21710.0,-0.0,22000.0,ASK
252,1712302250.4991128,150379.34477208,21690.0,-1.1466788686590463e-09,22000.0,ASK
253,1712302257.5189486,150412.00681101,21690.0,4.2064131740174785e-09,22000.0,BID
254,1712302260.079033,150412.00681101,21690.0,0.0,22000.0,BID
255,1712302263.5382178,150435.64423608,21680.0,-3.0438158877602927e-09,22000.0,ASK
256,1712302264.2090318,150436.47246723,21680.0,-1.0665218929825912e-10,22000.0,ASK
257,1712302264.2120647,150537.86401631,21680.0,-1.305629555928963e-08,22000.0,ASK
258,1712302270.2969096,150539.86401631,21670.0,-2.5754208664842595e-10,22000.0,ASK
259,1712302270.300793,150540.32548377,21670.0,-5.942364628457876e-11,22000.0,ASK
260,1712302270.302146,150546.78695123,21670.0,-8.32049906229856e-10,22000.0,ASK
261,1712302270.3490262,150556.78695123,21690.0,1.2877104332421292e-09,22000.0,BID
262,1712302270.3587832,150563.57485946,21690.0,8.740860247668841e-10,22000.0,BID
263,1712302282.5669656,150564.03653997,21660.0,-5.945108095438718e-11,22000.0,ASK
264,1712302289.7292824,150564.26753304,21650.0,-2.974521862448385e-11,22000.0,ASK
265,1712302289.7321534,150564.61256569,21650.0,-4.443021432360026e-11,22000.0,ASK
266,1712302290.068726,150564.61256569,21650.0,-0.0,22000.0,ASK
267,1712302302.1790493,150611.01626799,21650.0,-5.9729084328263265e-09,22000.0,ASK
268,1712302302.1820672,150634.31749861,21650.0,-2.999245964594987e-09,22000.0,ASK
269,1712302302.2386353,150753.39187461,21650.0,1.532680172685719e-08,22000.0,BID
270,1712302302.2586908,150753.39187479,21650.0,2.3166096314227178e-17,22000.0,BID
271,1712302302.2617228,150763.39187479,21680.0,1.2871620445742804e-09,22000.0,BID
272,1712302307.358714,150809.79557709,21680.0,5.972908432830073e-09,22000.0,BID
273,1712302307.361856,150856.19928936,21680.0,5.972909716128415e-09,22000.0,BID
274,1712302307.418618,150900.47947441,21680.0,-5.699577352309953e-09,22000.0,ASK
275,1712302312.938763,150910.47947441,21680.0,1.2871620445742804e-09,22000.0,BID
276,1712302313.0186763,150915.08731808,21680.0,-5.93104147936166e-10,22000.0,ASK
277,1712302320.118575,150915.08731808,21680.0,-0.0,22000.0,ASK
278,1712302333.3584468,150915.31799151,21680.0,2.966241946084259e-11,22000.0,BID
279,1712302350.118367,150915.31799151,21680.0,0.0,22000.0,BID
280,1712302360.1428385,150925.08731808,21680.0,1.256242109138689e-09,22000.0,BID
281,1712302360.1453269,150953.56029621,21680.0,3.6613530976928925e-09,22000.0,BID
282,1712302360.1583097,150990.3088429,21680.0,4.725512190714529e-09,22000.0,BID
283,1712302360.8784685,150990.769867,21680.0,5.928329691765105e-11,22000.0,BID
284,1712302374.2381947,151017.69480803,21680.0,3.4622903089164e-09,22000.0,BID
285,1712302380.0682492,151017.69480803,21680.0,0.0,22000.0,BID
286,1712302383.1884556,151060.52367145,21680.0,5.5058114457481495e-09,22000.0,BID
287,1712302383.2481723,151150.81742689,21680.0,1.1607601801286508e-08,22000.0,BID
288,1712302409.7681348,151160.81742689,21680.0,1.285537603871387e-09,22000.0,BID
289,1712302410.07537,151160.81742689,21680.0,0.0,22000.0,BID
290,1712302440.12794,151160.81742689,21680.0,0.0,22000.0,BID
291,1712302442.957883,151161.27889435,21670.0,5.929972325710643e-11,22000.0,BID
292,1712302443.1779742,151270.27889435,21680.0,1.4006772731066208e-08,22000.0,BID
293,1712302443.180549,151280.27889435,21680.0,1.285025021198734e-09,22000.0,BID
294,1712302443.1830509,151289.04677623,21670.0,1.126694759874013e-09,22000.0,BID
295,1712302443.1844566,151309.02696127,21680.0,2.5675037704557167e-09,22000.0,BID
296,1712302443.2377925,151349.60857637,21680.0,-5.214839080416094e-09,22000.0,ASK
297,1712302470.1277587,151349.60857637,21680.0,-0.0,22000.0,ASK
298,1712302500.07778,151349.60857637,21680.0,-0.0,22000.0,ASK
299,1712302505.7775617,151354.97404174,21690.0,6.910711484247787e-10,22000.0,BID
300,1712302516.557473,151359.58446128,21690.0,5.93821356864233e-10,22000.0,BID
301,1712302519.5074356,151359.76776875,21660.0,-2.3609975103719154e-11,22000.0,ASK
302,1712302519.5173554,151360.01830075,21660.0,-3.2268484655361977e-11,22000.0,ASK
303,1712302530.1027694,151360.01830075,21660.0,-0.0,22000.0,ASK
304,1712302537.7774146,151360.29667379,21660.0,-3.5853363897487546e-11,22000.0,ASK
305,1712302537.83736,151382.79523519,21660.0,2.8977271256318667e-09,22000.0,BID
306,1712302537.8623548,151477.59523519,21690.0,-1.2209870961353463e-08,22000.0,ASK
307,1712302542.0595963,151485.08037397,21700.0,9.640567366204248e-10,22000.0,BID
308,1712302560.1172233,151485.08037397,21700.0,0.0,22000.0,BID
309,1712302561.0474076,151498.2621329,21690.0,-1.697166426888201e-09,22000.0,ASK
310,1712302561.0506928,151509.3039708,21690.0,-1.4216491649208155e-09,22000.0,ASK
311,1712302561.4474642,151526.17676321,21690.0,-2.172391177699054e-09,22000.0,ASK
312,1712302561.6474435,151540.03093421,21690.0,-1.783740244256909e-09,22000.0,ASK
313,1712302561.6548576,151540.03093464,21690.0,-5.536415915075056e-17,22000.0,ASK
314,1712302588.2572165,151678.34352108,21680.0,1.780790252412634e-08,22000.0,BID
315,1712302590.1171503,151678.34352108,21680.0,0.0,22000.0,BID
316,1712302594.8499167,151765.28795892,21680.0,1.1188158718293541e-08,22000.0,BID
317,1712302594.9071383,151793.94545008,21680.0,3.687694894942817e-09,22000.0,BID
318,1712302620.1045115,151793.94545008,21680.0,0.0,22000.0,BID
319,1712302650.0788708,151793.94545008,21680.0,0.0,22000.0,BID
320,1712302656.07698,151821.69753148,21690.0,3.570033854756753e-09,22000.0,BID
321,1712302666.396885,151858.09537348,21710.0,4.682226399788799e-09,22000.0,BID
322,1712302666.4768078,151930.59753148,21710.0,9.32669355038001e-09,22000.0,BID
323,1712302680.1067755,151930.59753148,21710.0,0.0,22000.0,BID
324,1712302680.686819,152040.91210762,21690.0,-1.4185478615670878e-08,22000.0,ASK
325,1712302701.2666109,152124.01210762,21730.0,1.0685924872390809e-08,22000.0,BID
326,1712302701.8466475,152125.13577008,21730.0,-1.444930521014591e-10,22000.0,ASK
327,1712302710.1166368,152125.13577008,21730.0,-0.0,22000.0,ASK
328,1712302728.8967028,152155.13577008,21700.0,-3.855640889962434e-09,22000.0,ASK
329,1712302740.0666044,152155.13577008,21700.0,-0.0,22000.0,ASK
330,1712302756.7964778,152155.82666887,21700.0,-8.878782553719449e-11,22000.0,ASK
331,1712302759.2064552,152178.87876661,21690.0,-2.9624391619212903e-09,22000.0,ASK
332,1712302770.0666127,152178.87876661,21690.0,-0.0,22000.0,ASK
333,1712302798.246319,152179.80085051,21690.0,-1.1848972335483618e-10,22000.0,ASK
334,1712302798.2499006,152180.30865591,21680.0,-6.5254063502506e-11,22000.0,ASK
335,1712302800.096136,152180.30865591,21680.0,-0.0,22000.0,ASK
336,1712302805.2362266,152183.68196925,21690.0,-4.346318630640689e-10,22000.0,ASK
337,1712302817.7662745,152204.25283098,21690.0,2.65043624987342e-09,22000.0,BID
338,1712302817.8461454,152220.38929923,21690.0,2.079090363647754e-09,22000.0,BID
339,1712302817.9461312,152365.84936839,21690.0,1.8741686433510184e-08,22000.0,BID
340,1712302830.0762222,152365.84936839,21690.0,0.0,22000.0,BID
341,1712302854.2061293,152368.88804242,21720.0,3.9131262588836414e-10,22000.0,BID
342,1712302860.1264286,152368.88804242,21720.0,0.0,22000.0,BID
343,1712302861.3160143,152409.54873842,21690.0,5.236135344987193e-09,22000.0,BID
344,1712302890.1359503,152409.54873842,21690.0,0.0,22000.0,BID
345,1712302920.075869,152409.54873842,21690.0,0.0,22000.0,BID
346,1712302943.795721,152414.13799954,21690.0,-5.90921108156225e-10,22000.0,ASK
347,1712302945.3457062,152444.32254884,21680.0,-3.88661417496855e-09,22000.0,ASK
348,1712302945.3488655,152462.45074615,21690.0,-2.334217679760531e-09,22000.0,ASK
349,1712302945.3504405,152513.13799954,21680.0,-6.5265774074620745e-09,22000.0,ASK
350,1712302950.0757055,152513.13799954,21680.0,-0.0,22000.0,ASK
351,1712302980.1157572,152513.13799954,21680.0,-0.0,22000.0,ASK
352,1712303010.115713,152513.13799954,21680.0,-0.0,22000.0,ASK
353,1712303019.3555603,152522.38441655,21650.0,-1.190240240442698e-09,22000.0,ASK
354,1712303019.3594198,152589.36461012,21650.0,-8.621990724998612e-09,22000.0,ASK
355,1712303033.2254307,152703.704526,21650.0,-1.4718346449441354e-08,22000.0,ASK
356,1712303040.095384,152703.704526,21650.0,-0.0,22000.0,ASK
357,1712303042.845261,152714.31122943,21650.0,1.3646176745912544e-09,22000.0,BID
358,1712303048.7653117,152718.91309007,21650.0,-5.920576932139014e-10,22000.0,ASK
359,1712303049.9869297,152820.81122943,21650.0,-1.3109822754656428e-08,22000.0,ASK
360,1712303049.988677,152833.25300595,21650.0,-1.600711121468818e-09,22000.0,ASK
361,1712303070.0652258,152833.25300595,21650.0,-0.0,22000.0,ASK
362,1712303100.0954418,152833.25300595,21650.0,-0.0,22000.0,ASK
363,1712303110.8550596,152879.42105765,21660.0,-5.959181917769532e-09,22000.0,ASK
364,1712303111.7549388,152882.96505765,21660.0,4.57444920001809e-10,22000.0,BID
365,1712303130.074812,152882.96505765,21660.0,0.0,22000.0,BID
366,1712303139.3910728,152894.22925525,21660.0,1.453734175798264e-09,22000.0,BID
367,1712303139.393993,152934.26505665,21660.0,5.1669381892549265e-09,22000.0,BID
368,1712303145.235317,152939.26505665,21650.0,-6.4528971677484e-10,22000.0,ASK
369,1712303145.3355234,152954.9384926,21650.0,2.022781409010545e-09,22000.0,BID
370,1712303155.165023,152955.86228012,21650.0,-1.1922211742884908e-10,22000.0,ASK
371,1712303160.0952656,152955.86228012,21650.0,-0.0,22000.0,ASK
372,1712303190.0747905,152955.86228012,21650.0,-0.0,22000.0,ASK
373,1712303220.127208,152955.86228012,21650.0,-0.0,22000.0,ASK
374,1712303249.0777452,152979.35690399,21660.0,-3.031550162271832e-09,22000.0,ASK
375,1712303249.0795972,153096.55045558,21660.0,-1.5121677721064316e-08,22000.0,ASK
376,1712303250.124974,153096.55045558,21660.0,-0.0,22000.0,ASK
377,1712303252.9151397,153096.82695327,21700.0,3.566293145706225e-11,22000.0,BID
378,1712303256.7453103,153136.86275467,21670.0,-5.163855224685335e-09,22000.0,ASK
379,1712303256.845389,153147.02498406,21670.0,1.3107338805514774e-09,22000.0,BID
380,1712303256.8492086,153157.54919267,21700.0,1.3574222999432006e-09,22000.0,BID
381,1712303256.8529012,153169.16216178,21700.0,1.497851650666646e-09,22000.0,BID
382,1712303280.075403,153169.16216178,21700.0,0.0,22000.0,BID
383,1712303285.6454823,153178.32620755,21680.0,-1.1817473346560835e-09,22000.0,ASK
384,1712303310.075977,153178.32620755,21680.0,-0.0,22000.0,ASK
385,1712303321.2557893,153198.32620755,21680.0,2.579029150200224e-09,22000.0,BID
386,1712303321.2758455,153212.16384592,21680.0,1.7843836363072131e-09,22000.0,BID
387,1712303330.529969,153226.86511827,21650.0,-1.8957504967852067e-09,22000.0,ASK
388,1712303340.1260118,153226.86511827,21650.0,-0.0,22000.0,ASK
389,1712303349.4759943,153236.85097569,21680.0,1.28751622779231e-09,22000.0,BID
390,1712303360.5469286,153279.85265984,21670.0,5.5443777972114455e-09,22000.0,BID
391,1712303360.573244,153336.85097569,21670.0,7.349019070392036e-09,22000.0,BID
392,1712303365.7061284,153426.05026939,21700.0,1.1500818939838764e-08,22000.0,BID
393,1712303365.7092917,153426.88274869,21700.0,1.0733485999048876e-10,22000.0,BID
394,1712303365.7259336,153468.39428846,21700.0,5.352247568399052e-09,22000.0,BID
395,1712303370.1162312,153468.39428846,21700.0,0.0,22000.0,BID
396,1712303391.0263357,153469.54682879,21670.0,-1.4850130785665124e-10,22000.0,ASK
397,1712303394.9568348,153542.22477399,21670.0,-9.364331671270117e-09,22000.0,ASK
398,1712303394.9608965,153918.94401545,21670.0,-4.853912578668368e-08,22000.0,ASK
399,1712303395.076258,153928.66278556,21670.0,1.2522338997971676e-09,22000.0,BID
400,1712303400.116555,153928.66278556,21670.0,0.0,22000.0,BID
401,1712303430.076724,153928.66278556,21670.0,0.0,22000.0,BID
402,1712303460.116994,153928.66278556,21670.0,0.0,22000.0,BID
403,1712303490.116887,153928.66278556,21670.0,0.0,22000.0,BID
404,1712303518.7772532,153942.95969372,21670.0,-1.8438738027693663e-09,22000.0,ASK
405,1712303518.78128,154006.19919532,21670.0,-8.156005410079865e-09,22000.0,ASK
406,1712303518.877251,154014.44800035,21670.0,1.0638492832702618e-09,22000.0,BID
407,1712303518.9170065,154060.51400035,21670.0,5.941137038005921e-09,22000.0,BID
408,1712303519.2575543,154063.8079182,21670.0,4.2481694392484364e-10,22000.0,BID
409,1712303520.0971787,154063.8079182,21670.0,0.0,22000.0,BID
410,1712303523.2870677,154066.77227906,21670.0,3.821695971018722e-10,22000.0,BID
411,1712303523.6503706,154080.15127906,21670.0,1.724839613358564e-09,22000.0,BID
412,1712303526.5671158,154085.72725054,21670.0,7.188621340653204e-10,22000.0,BID
413,1712303527.2471566,154095.75725054,21670.0,1.2930817940056918e-09,22000.0,BID
414,1712303530.8969266,154102.35312195,21670.0,8.50349076359997e-10,22000.0,BID
415,1712303531.6970198,154109.04212195,21670.0,8.623553459742709e-10,22000.0,BID
416,1712303533.7107637,154123.07612195,21670.0,1.8092831402850166e-09,22000.0,BID
417,1712303535.8060389,154143.27162422,21670.0,2.6036327324185032e-09,22000.0,BID
418,1712303535.8571248,154429.70320594,21670.0,3.692716486045917e-08,22000.0,BID
419,1712303550.0671463,154429.70320594,21670.0,0.0,22000.0,BID
420,1712303580.1274393,154429.70320594,21670.0,0.0,22000.0,BID
421,1712303610.1277738,154429.70320594,21670.0,0.0,22000.0,BID
422,1712303640.077629,154429.70320594,21670.0,0.0,22000.0,BID
423,1712303670.078011,154429.70320594,21670.0,0.0,22000.0,BID
424,1712303700.0978606,154429.70320594,21670.0,0.0,22000.0,BID
425,1712303705.977733,154434.96065331,21710.0,6.792387405709268e-10,22000.0,BID
426,1712303730.0847356,154434.96065331,21710.0,0.0,22000.0,BID
427,1712303760.124633,154434.96065331,21710.0,0.0,22000.0,BID
428,1712303780.8579695,154443.16581222,21700.0,1.0600542864905028e-09,22000.0,BID
429,1712303790.13815,154443.16581222,21700.0,0.0,22000.0,BID
430,1712303806.168166,154444.86581222,21700.0,2.1962412354461367e-10,22000.0,BID
431,1712303820.079183,154444.86581222,21700.0,0.0,22000.0,BID
432,1712303843.6581905,154455.59112327,21700.0,1.385603419419682e-09,22000.0,BID
433,1712303850.0784152,154455.59112327,21700.0,0.0,22000.0,BID
434,1712303861.9883244,154469.4125797,21680.0,-1.78554089411735e-09,22000.0,ASK
435,1712303861.9923618,154470.33508892,21680.0,-1.1917542451745009e-10,22000.0,ASK
436,1712303869.508441,154821.27979966,21670.0,-4.5337199865543984e-08,22000.0,ASK
437,1712303880.1408415,154821.27979966,21670.0,-0.0,22000.0,ASK
438,1712303891.0583696,155169.40539686,21670.0,-4.492701531667581e-08,22000.0,ASK
439,1712303891.0621085,155213.34036299,21670.0,-5.669984948353116e-09,22000.0,ASK
440,1712303906.358734,155293.79889694,21660.0,-1.0383498990598644e-08,22000.0,ASK
441,1712303906.5384605,155364.25580231,21670.0,9.092748399383241e-09,22000.0,BID
442,1712303907.9783697,155398.87841684,21670.0,-4.468188337204649e-09,22000.0,ASK
443,1712303910.1183188,155398.87841684,21670.0,-0.0,22000.0,ASK
444,1712303911.9385698,155451.02377003,21670.0,-6.7187164500327574e-09,22000.0,ASK
445,1712303921.5483406,155497.09577003,21670.0,5.9361896190025715e-09,22000.0,BID
446,1712303927.7983158,155521.21477003,21670.0,3.107634950095585e-09,22000.0,BID
447,1712303940.0786374,155521.21477003,21670.0,0.0,22000.0,BID
448,1712303946.0485198,155545.51940606,21670.0,3.1304841039434477e-09,22000.0,BID
449,1712303970.078413,155545.51940606,21670.0,0.0,22000.0,BID
450,1712303997.1283965,155554.72225926,21660.0,-1.1852648766773854e-09,22000.0,ASK
451,1712303997.2884152,155564.21412918,21660.0,-1.2224882637696615e-09,22000.0,ASK
452,1712303997.3684862,155573.29256955,21660.0,-1.1692413506662334e-09,22000.0,ASK
453,1712304000.1185627,155573.29256955,21660.0,-0.0,22000.0,ASK
454,1712304028.5884137,155659.44067845,21670.0,1.1130518739671338e-08,22000.0,BID
455,1712304028.62855,155705.51367845,21670.0,5.9527295078315635e-09,22000.0,BID
456,1712304029.4365718,155711.86871245,21670.0,8.21083897621467e-10,22000.0,BID
457,1712304030.068453,155711.86871245,21670.0,0.0,22000.0,BID
458,1712304030.2537484,155712.33017991,21670.0,5.959945267211321e-11,22000.0,BID
459,1712304031.838545,155812.33017991,21660.0,-1.2915201577140104e-08,22000.0,ASK
460,1712304060.1600077,155812.33017991,21660.0,-0.0,22000.0,ASK
461,1712304090.1183963,155812.33017991,21660.0,-0.0,22000.0,ASK
462,1712304102.0685215,155812.79164737,21670.0,5.9582707858543e-11,22000.0,BID
463,1712304108.3085918,155879.25985759,21660.0,-8.582091468386821e-09,22000.0,ASK
464,1712304108.3185546,155893.88753937,21660.0,-1.888663807719397e-09,22000.0,ASK
465,1712304112.7684944,155905.07886616,21660.0,-1.4449763254751915e-09,22000.0,ASK
466,1712304112.8085165,155908.68757217,21660.0,-4.659407099676501e-10,22000.0,ASK
467,1712304112.8115346,155909.62940042,21660.0,-1.2160484180875648e-10,22000.0,ASK
468,1712304120.0942006,155909.62940042,21660.0,-0.0,22000.0,ASK
469,1712304134.4798129,155914.17993468,21670.0,5.873857169917035e-10,22000.0,BID
470,1712304150.0785756,155914.17993468,21670.0,0.0,22000.0,BID
471,1712304165.1685114,155914.70126402,21670.0,6.729265025481648e-11,22000.0,BID
472,1712304166.159516,155920.13393468,21690.0,7.01243491632361e-10,22000.0,BID
473,1712304180.1186297,155920.13393468,21690.0,0.0,22000.0,BID
474,1712304199.288654,155922.43914445,21690.0,2.9754912552460555e-10,22000.0,BID
475,1712304207.328652,155922.9001864,21690.0,5.95098245857549e-11,22000.0,BID
476,1712304210.128625,155922.9001864,21690.0,0.0,22000.0,BID
477,1712304240.078652,155922.9001864,21690.0,0.0,22000.0,BID
478,1712304256.3085127,155925.20539617,21690.0,2.975468211409273e-10,22000.0,BID
479,1712304266.2685716,155926.20539617,21670.0,-1.2907581123919354e-10,22000.0,ASK
480,1712304270.068576,155926.20539617,21670.0,-0.0,22000.0,ASK
481,1712304300.1387384,155926.20539617,21670.0,-0.0,22000.0,ASK
482,1712304311.954975,155927.20539617,21670.0,-1.2934804323502738e-10,22000.0,ASK
483,1712304317.7686665,155932.20539617,21690.0,6.46740216175136e-10,22000.0,BID
484,1712304321.8684764,156070.54539617,21670.0,-1.7894008301133233e-08,22000.0,ASK
485,1712304322.904986,156107.05539617,21670.0,-4.722497058512054e-09,22000.0,ASK
486,1712304330.1185672,156107.05539617,21670.0,-0.0,22000.0,ASK
487,1712304360.0788474,156107.05539617,21670.0,-0.0,22000.0,ASK
488,1712304370.7287705,156231.54679717,21690.0,1.6094560296428982e-08,22000.0,BID
489,1712304390.078681,156231.54679717,21690.0,0.0,22000.0,BID
490,1712304415.3387136,156237.84701422,21680.0,-8.14223610405472e-10,22000.0,ASK
491,1712304415.3433487,156254.15891589,21670.0,-2.108107604065825e-09,22000.0,ASK
492,1712304415.3477905,156254.6201705,21680.0,-5.961134210131814e-11,22000.0,ASK
493,1712304420.1184034,156254.6201705,21680.0,-0.0,22000.0,ASK
494,1712304431.3786888,156301.02388277,21680.0,5.996707126208621e-09,22000.0,BID
495,1712304431.5785954,156392.99655426,21680.0,-1.1885539918259384e-08,22000.0,ASK
496,1712304448.158551,156500.82915767,21670.0,-1.3935103673257329e-08,22000.0,ASK
497,1712304450.118518,156500.82915767,21670.0,-0.0,22000.0,ASK
498,1712304453.8884768,156510.88018861,21670.0,-1.297989893002365e-09,22000.0,ASK
499,1712304455.4084585,156521.59877444,21670.0,-1.384197915386247e-09,22000.0,ASK
500,1712304455.4486475,156521.59877445,21670.0,-1.2891545112199653e-18,22000.0,ASK
501,1712304480.0787234,156521.59877445,21670.0,-0.0,22000.0,ASK
502,1712304510.069866,156521.59877445,21670.0,-0.0,22000.0,ASK
503,1712304512.8684697,156523.90611179,21670.0,-2.9795217052471157e-10,22000.0,ASK
504,1712304515.6185782,156553.38245314,21670.0,-3.806352773823067e-09,22000.0,ASK
505,1712304540.118398,156553.38245314,21670.0,-0.0,22000.0,ASK
506,1712304568.2383862,156560.50014164,21670.0,-9.190429588602036e-10,22000.0,ASK
507,1712304570.1202898,156560.50014164,21670.0,-0.0,22000.0,ASK
508,1712304571.0584328,156563.38245314,21670.0,-3.7215949172463403e-10,22000.0,ASK
509,1712304572.8884802,156572.50014164,21670.0,1.1772614853970643e-09,22000.0,BID
510,1712304588.6685584,156576.31207562,21670.0,4.921908726683344e-10,22000.0,BID
511,1712304600.1120818,156576.31207562,21670.0,0.0,22000.0,BID
512,1712304614.02854,156590.64356478,21690.0,1.853016237873189e-09,22000.0,BID
513,1712304630.0785513,156590.64356478,21690.0,0.0,22000.0,BID
514,1712304630.758374,156591.10460673,21690.0,5.960887070454593e-11,22000.0,BID
515,1712304633.4685411,156592.07017273,21670.0,-1.248396135169179e-10,22000.0,ASK
516,1712304633.4711907,156638.473885,21670.0,-5.999612150330977e-09,22000.0,ASK
517,1712304660.128609,156638.473885,21670.0,-0.0,22000.0,ASK
518,1712304680.9385014,156638.93492695,21690.0,5.960088360288125e-11,22000.0,BID
519,1712304690.1183567,156638.93492695,21690.0,0.0,22000.0,BID
520,1712304720.0685198,156638.93492695,21690.0,0.0,22000.0,BID
521,1712304743.468558,156714.20679814,21690.0,9.730707225164557e-09,22000.0,BID
522,1712304743.4733949,156842.08385841,21690.0,1.6531198369726925e-08,22000.0,BID
523,1712304743.6893058,156849.68903741,21690.0,-9.83153056696937e-10,22000.0,ASK
524,1712304750.0784645,156849.68903741,21690.0,-0.0,22000.0,ASK
525,1712304752.4047055,156871.38868941,21690.0,-2.803547341179466e-09,22000.0,ASK
526,1712304777.9383333,156917.49790324,21720.0,5.9572090758374195e-09,22000.0,BID
527,1712304780.1184146,156917.49790324,21720.0,0.0,22000.0,BID
528,1712304810.0185237,156965.8514326,21710.0,6.245981726419544e-09,22000.0,BID
529,1712304810.1184523,156965.8514326,21710.0,0.0,22000.0,BID
530,1712304839.798535,157074.8514326,21700.0,1.4077973447207873e-08,22000.0,BID
531,1712304839.9482584,157075.77266705,21710.0,1.1898269840295223e-10,22000.0,BID
532,1712304840.068439,157075.77266705,21710.0,0.0,22000.0,BID
533,1712304865.1685982,157076.69977722,21700.0,-1.1970470320185062e-10,22000.0,ASK
534,1712304867.929377,157098.74344373,21710.0,2.8461887729075222e-09,22000.0,BID
535,1712304870.0784898,157098.74344373,21710.0,0.0,22000.0,BID
536,1712304877.898215,157152.74344373,21690.0,-6.97181198004706e-09,22000.0,ASK
537,1712304900.0986283,157152.74344373,21690.0,-0.0,22000.0,ASK
538,1712304905.378301,157179.4838771,21690.0,-3.465935078060871e-09,22000.0,ASK
539,1712304923.7880266,157184.07103306,21690.0,-5.945597264761651e-10,22000.0,ASK
540,1712304929.0903406,157186.37518052,21700.0,2.9864981603516044e-10,22000.0,BID
541,1712304930.078207,157186.37518052,21700.0,0.0,22000.0,BID
542,1712304930.5034225,157456.04759119,21690.0,-3.495002073193464e-08,22000.0,ASK
543,1712304930.507307,157554.0144215,21690.0,-1.2696674242165968e-08,22000.0,ASK
544,1712304960.1282282,157554.0144215,21690.0,-0.0,22000.0,ASK
545,1712304963.0081794,157555.43555465,21690.0,1.8399121933783503e-10,22000.0,BID
546,1712304976.5636685,157559.38096318,21720.0,5.108040201748133e-10,22000.0,BID
547,1712304976.637958,157570.23034471,21720.0,-1.404647366622636e-09,22000.0,ASK
548,1712304990.1183724,157570.23034471,21720.0,-0.0,22000.0,ASK
549,1712304992.9553795,157580.67051212,21720.0,1.3516056209528351e-09,22000.0,BID
550,1712304992.960002,157616.22484285,21710.0,4.602937038903385e-09,22000.0,BID
551,1712305004.0482156,157634.54896808,21720.0,2.372279072475314e-09,22000.0,BID
552,1712305020.078204,157634.54896808,21720.0,0.0,22000.0,BID
553,1712305021.0481174,157661.57016675,21710.0,-3.497587742682739e-09,22000.0,ASK
554,1712305021.1506848,157765.89210075,21710.0,-1.3503291327207504e-08,22000.0,ASK
555,1712305028.0180273,157772.39203375,21710.0,-8.41342616463724e-10,22000.0,ASK
556,1712305028.3378549,157818.4325494,21720.0,5.959422643342101e-09,22000.0,BID
557,1712305030.3283863,157818.77465185,21710.0,-4.4281282650308e-11,22000.0,ASK
558,1712305050.0680797,157818.77465185,21710.0,-0.0,22000.0,ASK
559,1712305063.419843,157832.59316866,21710.0,1.7877246938898835e-09,22000.0,BID
560,1712305080.1484756,157832.59316866,21710.0,0.0,22000.0,BID
561,1712305110.12809,157832.59316866,21710.0,0.0,22000.0,BID
562,1712305124.6578531,157854.63683517,21670.0,-2.851715425103126e-09,22000.0,ASK
563,1712305130.817806,157864.63683517,21670.0,-1.293666561236364e-09,22000.0,ASK
564,1712305140.1151729,157864.63683517,21670.0,-0.0,22000.0,ASK
565,1712305170.078089,157864.63683517,21670.0,-0.0,22000.0,ASK
566,1712305187.610366,157873.8661845,21670.0,-1.193862815809186e-09,22000.0,ASK
567,1712305187.6128771,157882.26437232,21660.0,-1.086347888678033e-09,22000.0,ASK
568,1712305187.6150732,157883.26437232,21680.0,-1.293550361054252e-10,22000.0,ASK
569,1712305187.798745,157886.10456014,21660.0,-3.673925980016101e-10,22000.0,ASK
570,1712305187.8010094,157888.70637232,21660.0,-3.3655750848540877e-10,22000.0,ASK
571,1712305193.247853,157919.03922576,21700.0,3.923707351910683e-09,22000.0,BID
572,1712305200.178192,157919.03922576,21700.0,0.0,22000.0,BID
573,1712305230.068215,157919.03922576,21700.0,0.0,22000.0,BID
574,1712305255.417838,157919.43506967,21710.0,5.1408332587780837e-11,22000.0,BID
575,1712305255.4209585,157996.29849476,21710.0,9.98226932659218e-09,22000.0,BID
576,1712305255.5294502,158000.24390329,21710.0,5.12391042990593e-10,22000.0,BID
577,1712305256.463677,158109.14390329,21710.0,1.4142866108206429e-08,22000.0,BID
578,1712305256.59778,158155.54761555,21710.0,6.026459957911375e-09,22000.0,BID
579,1712305256.6976552,158193.90297021,21710.0,4.9812180485699e-09,22000.0,BID
580,1712305256.7000818,158203.11545293,21710.0,1.1964270857036734e-09,22000.0,BID
581,1712305258.050006,158205.61545293,21730.0,3.246755304913545e-10,22000.0,BID
582,1712305258.0525224,158214.80879404,21730.0,1.1939411607494599e-09,22000.0,BID
583,1712305260.117833,158214.80879404,21730.0,0.0,22000.0,BID
584,1712305261.1329834,158234.30341655,21740.0,2.529661157628137e-09,22000.0,BID
585,1712305265.2095158,158234.47119639,21740.0,2.1771447177410878e-11,22000.0,BID
586,1712305265.2130232,158334.47119639,21750.0,1.297619975112992e-08,22000.0,BID
587,1712305265.2167044,158338.26144478,21740.0,4.91830202149882e-10,22000.0,BID
588,1712305265.22029,158420.46144455,21760.0,1.066643616558406e-08,22000.0,BID
589,1712305265.3039083,158520.46144455,21770.0,1.297619975112992e-08,22000.0,BID
590,1712305265.3079636,158520.46144478,21760.0,2.984624199836391e-17,22000.0,BID
591,1712305265.3119626,158610.46144478,21770.0,1.1678579776016929e-08,22000.0,BID
592,1712305275.8282924,158610.92246351,21770.0,5.982271129663072e-11,22000.0,BID
593,1712305275.833588,158641.61401778,21790.0,3.982597388799857e-09,22000.0,BID
594,1712305276.5682428,158642.07273209,21800.0,5.95236851516443e-11,22000.0,BID
595,1712305276.5723748,158647.59043827,21800.0,7.159885755998962e-10,22000.0,BID
596,1712305276.5764086,158647.59043978,21790.0,1.959398422878799e-16,22000.0,BID
597,1712305276.5801096,158657.59043978,21800.0,1.297619975112992e-09,22000.0,BID
598,1712305276.5824487,158661.59043978,21800.0,5.190479900451968e-10,22000.0,BID
599,1712305287.9827209,158661.59044107,21800.0,1.6739274077381781e-16,22000.0,BID
600,1712305287.9878309,158663.88401906,21800.0,2.976192614303381e-10,22000.0,BID
601,1712305290.11788,158663.88401906,21800.0,0.0,22000.0,BID
602,1712305290.4514036,158664.11925891,21800.0,-3.0486526469345906e-11,22000.0,ASK
603,1712305290.533274,158674.47844531,21800.0,-1.342525980923463e-09,22000.0,ASK
604,1712305320.08394,158674.47844531,21800.0,-0.0,22000.0,ASK
605,1712305329.39248,158749.04676031,21800.0,9.663587468048538e-09,22000.0,BID
606,1712305330.7984014,158749.04676055,21800.0,3.110122782530672e-17,22000.0,BID
607,1712305330.8028867,158749.87287751,21810.0,1.0705959363311716e-10,22000.0,BID
608,1712305330.8069873,158793.62637231,21810.0,5.670179405725359e-09,22000.0,BID
609,1712305333.1281106,158793.62637284,21810.0,6.868219242042631e-17,22000.0,BID
610,1712305333.1485214,158798.59640784,21820.0,6.44085466351368e-10,22000.0,BID
611,1712305333.1537442,158808.59640784,21820.0,1.2959374860551787e-09,22000.0,BID
612,1712305333.2282567,158809.52019536,21830.0,1.1971708763246026e-10,22000.0,BID
613,1712305333.2316425,158809.52019619,21820.0,1.0756061303930352e-16,22000.0,BID
614,1712305333.234781,158839.52019619,21830.0,3.887812458165536e-09,22000.0,BID
615,1712305336.1198757,158849.52019619,21840.0,1.2959374860551787e-09,22000.0,BID
616,1712305336.1253054,158859.52019619,21840.0,1.2959374860551787e-09,22000.0,BID
617,1712305336.218068,158865.83702219,21850.0,8.18621160631892e-10,22000.0,BID
618,1712305336.2212305,158885.83702219,21850.0,2.591874972110357e-09,22000.0,BID
619,1712305348.5385363,158886.74100415,21850.0,1.1715041086819408e-10,22000.0,BID
620,1712305348.548139,158890.42417815,21850.0,4.773163254232868e-10,22000.0,BID
621,1712305348.6782625,158902.50655801,21850.0,1.5658008981355035e-09,22000.0,BID
622,1712305350.0783474,158902.50655801,21850.0,0.0,22000.0,BID
623,1712305357.8182857,158914.58893787,21850.0,1.5647919027833731e-09,22000.0,BID
624,1712305370.413581,158926.41783751,21850.0,1.531963618923911e-09,22000.0,BID
625,1712305371.6309566,158936.7770239,21850.0,1.341620704724524e-09,22000.0,BID
626,1712305380.1185358,158936.7770239,21850.0,0.0,22000.0,BID
627,1712305382.0129445,158957.13068522,21850.0,2.635751929790791e-09,22000.0,BID
628,1712305384.0691438,158958.52784728,21850.0,1.8092924599441088e-10,22000.0,BID
629,1712305384.2584023,158986.3816642,21850.0,3.607004683072394e-09,22000.0,BID
630,1712305384.958434,158998.46404406,21850.0,1.5646401662986255e-09,22000.0,BID
631,1712305385.3085136,159011.39629577,21850.0,1.6746965995599147e-09,22000.0,BID
632,1712305385.3886323,159022.83779577,21850.0,1.481647710971573e-09,22000.0,BID
633,1712305385.394257,159028.55849577,21850.0,7.408173806033401e-10,22000.0,BID
634,1712305385.4016392,159039.99999577,21850.0,1.481647710971573e-09,22000.0,BID
635,1712305385.408378,159051.44149577,21850.0,1.4816477109753416e-09,22000.0,BID
636,1712305385.4182868,159062.88299577,21850.0,1.481647710971573e-09,22000.0,BID
637,1712305385.4784615,159063.11187449,21850.0,2.963926334569495e-11,22000.0,BID
638,1712305385.48852,159073.11187449,21860.0,1.2949768045914887e-09,22000.0,BID
639,1712305385.491244,159099.74907491,21850.0,3.449455668318558e-09,22000.0,BID
640,1712305385.4937005,159106.19299577,21860.0,8.34472804429694e-10,22000.0,BID
641,1712305385.619053,159113.73218698,21860.0,9.76307774233285e-10,22000.0,BID
642,1712305386.4529855,159123.4070429,21860.0,1.252871400419118e-09,22000.0,BID
643,1712305387.4093668,159137.62450194,21860.0,1.841127967702368e-09,22000.0,BID
644,1712305388.298469,159147.56744979,21860.0,1.287588683498763e-09,22000.0,BID
645,1712305389.1985068,159155.45808561,21860.0,1.0218190360402512e-09,22000.0,BID
646,1712305389.8405645,159159.22752751,21860.0,4.881339826741068e-10,22000.0,BID
647,1712305389.8432736,159173.25400468,21860.0,1.816396258528489e-09,22000.0,BID
648,1712305389.8457808,159189.72898561,21860.0,2.1334718160452593e-09,22000.0,BID
649,1712305389.8586197,159195.13165041,21860.0,6.996325598982801e-10,22000.0,BID
650,1712305389.8617206,159229.72608561,21860.0,4.479899115191582e-09,22000.0,BID
651,1712305389.9185576,159239.72608561,21870.0,1.2949768045914887e-09,22000.0,BID
652,1712305389.9231644,159259.70621582,21860.0,2.587380517469884e-09,22000.0,BID
653,1712305389.9276087,159338.62608561,21870.0,1.0219940079942957e-08,22000.0,BID
654,1712305390.138385,159348.6760856,21870.0,1.3014516873164443e-09,22000.0,BID
655,1712305391.3484902,159355.59138503,21870.0,8.95515235868566e-10,22000.0,BID
656,1712305394.0985675,159364.24543166,21870.0,1.1206789651692887e-09,22000.0,BID
657,1712305394.9785693,159373.9861724,21870.0,1.2614033317842395e-09,22000.0,BID
658,1712305395.8985057,159390.70218542,21870.0,2.164684912613871e-09,22000.0,BID
659,1712305396.9686816,159402.40339453,21870.0,1.5152794383129963e-09,22000.0,BID
660,1712305397.1483068,159429.70621582,21870.0,3.5356520270469475e-09,22000.0,BID
661,1712305407.4088137,159439.70621582,21880.0,1.2949768045914887e-09,22000.0,BID
662,1712305407.4119573,159449.70621582,21880.0,1.2949768045914887e-09,22000.0,BID
663,1712305410.068696,159449.70621582,21880.0,0.0,22000.0,BID
664,1712305411.968797,159456.88369791,21890.0,9.281195628797023e-10,22000.0,BID
665,1712305412.9291737,159466.88369791,21890.0,1.293099099716777e-09,22000.0,BID
666,1712305412.9342716,159479.70621582,21890.0,1.6580786365538531e-09,22000.0,BID
667,1712305421.358426,159484.27451184,21890.0,-5.907259470672548e-10,22000.0,ASK
668,1712305433.1485891,159485.96002788,21900.0,2.1795392739022318e-10,22000.0,BID
669,1712305440.1446774,159485.96002788,21900.0,0.0,22000.0,BID
670,1712305441.1387696,159506.67298597,21870.0,-2.678115912255181e-09,22000.0,ASK
671,1712305441.598596,159510.61839449,21870.0,-5.101280701596472e-10,22000.0,ASK
672,1712305441.6030862,159557.02210676,21870.0,-5.9998441399802205e-09,22000.0,ASK
673,1712305441.6986597,159727.95959243,21870.0,-2.21016427679916e-08,22000.0,ASK
674,1712305448.748644,159733.87859243,21870.0,7.65306819805276e-10,22000.0,BID
675,1712305451.7190263,159737.82400096,21870.0,5.101280714541287e-10,22000.0,BID
676,1712305451.7627037,159758.83622612,21870.0,2.7168101392540643e-09,22000.0,BID
677,1712305451.821458,159805.23993839,21870.0,5.9998441399802205e-09,22000.0,BID
678,1712305470.1192615,159805.23993839,21870.0,0.0,22000.0,BID
679,1712305474.908825,159805.70140585,21890.0,5.961237260232953e-11,22000.0,BID
680,1712305474.9123268,159814.73993839,21890.0,1.1675977533731492e-09,22000.0,BID
681,1712305476.8296368,159978.12133175,21900.0,2.1105610560776706e-08,22000.0,BID
682,1712305476.8330846,159996.47361314,21890.0,2.370747953320849e-09,22000.0,BID
683,1712305476.838766,160048.61451919,21900.0,6.735562934959483e-09,22000.0,BID
684,1712305476.84331,160075.61451919,21900.0,3.487860358035571e-09,22000.0,BID
685,1712305488.4388857,160075.84878653,21900.0,-3.0262658085587186e-11,22000.0,ASK
686,1712305491.928858,160082.29278929,21900.0,-8.32436361986978e-10,22000.0,ASK
687,1712305500.079106,160082.29278929,21900.0,-0.0,22000.0,ASK
688,1712305510.882289,160087.37280285,21910.0,6.588337078195979e-10,22000.0,BID
689,1712305510.888285,160094.31679335,21910.0,9.00575353615415e-10,22000.0,BID
690,1712305511.4589722,160099.64985405,21910.0,6.916517275959882e-10,22000.0,BID
691,1712305511.7891855,160102.37280285,21910.0,3.5314284753839685e-10,22000.0,BID
692,1712305511.7951186,160106.46673869,21910.0,5.309479782253072e-10,22000.0,BID
693,1712305512.6889477,160122.37280285,21910.0,2.0628785934410936e-09,22000.0,BID
694,1712305515.559529,160130.54669539,21910.0,-1.060082983207824e-09,22000.0,ASK
695,1712305515.5692532,160137.43845185,21910.0,-8.93801051571687e-10,22000.0,ASK
696,1712305515.639697,160137.4384525,21910.0,-8.43000054761031e-17,22000.0,ASK
697,1712305530.071349,160137.4384525,21910.0,-0.0,22000.0,ASK
698,1712305530.838998,160414.6853375,21900.0,-3.5950883413784774e-08,22000.0,ASK
699,1712305531.023551,160434.35007282,21900.0,-2.5499460773096796e-09,22000.0,ASK
700,1712305531.1095662,160435.71993582,21900.0,-1.7763151786485758e-10,22000.0,ASK
701,1712305532.9114318,160496.05426875,21900.0,-7.823613848773498e-09,22000.0,ASK
702,1712305536.9591737,160517.77466886,21900.0,-2.816506205487025e-09,22000.0,ASK
703,1712305537.07912,160564.17837116,21900.0,-6.017214914265797e-09,22000.0,ASK
704,1712305538.390546,160688.66977216,21900.0,-1.6142925621580775e-08,22000.0,ASK
705,1712305538.4491506,160714.37920016,21900.0,-3.333767478264586e-09,22000.0,ASK
706,1712305538.468993,160740.08862816,21900.0,-3.333767478264586e-09,22000.0,ASK
707,1712305538.473735,160765.79805616,21900.0,-3.333767478264586e-09,22000.0,ASK
708,1712305538.4920654,160791.50748416,21900.0,-3.333767478264586e-09,22000.0,ASK
709,1712305538.7181537,160813.16117316,21900.0,-2.807855708522428e-09,22000.0,ASK
710,1712305539.6464884,160813.16117359,21900.0,-5.575593944989922e-17,22000.0,ASK
711,1712305539.6494503,160838.87060159,21900.0,-3.333767478264586e-09,22000.0,ASK
712,1712305540.9847198,160861.24109616,21900.0,2.9008046102837583e-09,22000.0,BID
713,1712305541.8590431,160876.90044236,21900.0,2.030563227328453e-09,22000.0,BID
714,1712305542.839208,160887.8619847,21900.0,1.421394259129163e-09,22000.0,BID
715,1712305543.8291707,160895.53506434,21900.0,9.949759816493052e-10,22000.0,BID
716,1712305548.829148,160913.43891684,21900.0,2.321610624717639e-09,22000.0,BID
717,1712305548.83414,160917.82878387,21900.0,5.69238488639586e-10,22000.0,BID
718,1712305548.949042,160959.26298661,21900.0,-5.372814890413601e-09,22000.0,ASK
719,1712305548.9690564,161074.80113906,21900.0,-1.4981948845246473e-08,22000.0,ASK
720,1712305549.3292272,161075.0411673,21870.0,-3.1124704149188447e-11,22000.0,ASK
721,1712305552.9597366,161081.88735625,21910.0,8.87752231266019e-10,22000.0,BID
722,1712305557.5792103,161097.2878583,21910.0,1.9969986451370296e-09,22000.0,BID
723,1712305560.129284,161097.2878583,21910.0,0.0,22000.0,BID
724,1712305578.1392565,161188.5247583,21910.0,-1.1798620190985538e-08,22000.0,ASK
725,1712305578.159245,161188.52475924,21910.0,-1.2156258553980958e-16,22000.0,ASK
726,1712305590.1192188,161188.52475924,21910.0,-0.0,22000.0,ASK
727,1712305599.6796863,161203.52475924,21920.0,1.93927636913912e-09,22000.0,BID
728,1712305599.6848135,161210.52493301,21910.0,9.050181047991303e-10,22000.0,BID
729,1712305599.6897333,161210.81595392,21920.0,3.7624664915502667e-11,22000.0,BID
730,1712305599.6947918,161256.45721362,21910.0,5.900734426259899e-09,22000.0,BID
731,1712305599.6985097,161335.05383836,21920.0,1.0161371803494534e-08,22000.0,BID
732,1712305600.1591911,161389.5209004,21920.0,7.041779087373669e-09,22000.0,BID
733,1712305602.7969716,161417.61426262,21920.0,3.6320528988583156e-09,22000.0,BID
734,1712305614.669347,161431.66271284,21920.0,1.8162551689817087e-09,22000.0,BID
735,1712305620.109499,161431.66271284,21920.0,0.0,22000.0,BID
736,1712305650.0794594,161431.66271284,21920.0,0.0,22000.0,BID
737,1712305666.1493778,161433.71982438,21900.0,-2.6577074575645715e-10,22000.0,ASK
738,1712305680.1195028,161433.71982438,21900.0,-0.0,22000.0,ASK
739,1712305701.3796058,161506.98436394,21900.0,-9.465436174229923e-09,22000.0,ASK
740,1712305710.1194816,161506.98436394,21900.0,-0.0,22000.0,ASK
741,1712305717.259678,161526.7443357,21900.0,-2.5523669327389142e-09,22000.0,ASK
742,1712305728.0875509,161538.14041685,21920.0,1.4720152965450475e-09,22000.0,BID
743,1712305739.619668,161543.05879399,21900.0,-6.352996516075042e-10,22000.0,ASK
744,1712305739.6247315,161543.51541499,21900.0,-5.898107321833319e-11,22000.0,ASK
745,1712305740.0694735,161543.51541499,21900.0,-0.0,22000.0,ASK
746,1712305746.2750478,161771.93021599,21890.0,-2.9500959559022704e-08,22000.0,ASK
747,1712305746.2783172,161771.93021626,21890.0,-3.4871418048619847e-17,22000.0,ASK
748,1712305758.154278,161794.89760257,21880.0,2.9663573977777e-09,22000.0,BID
749,1712305760.859697,161808.58681646,21880.0,-1.7680331729628067e-09,22000.0,ASK
750,1712305761.2864192,161816.54604846,21880.0,-1.027976209618262e-09,22000.0,ASK
751,1712305761.979767,161824.50528046,21880.0,-1.027976209618262e-09,22000.0,ASK
752,1712305762.0396066,161863.97098346,21880.0,-5.097200807802309e-09,22000.0,ASK
753,1712305762.1618,161871.53225446,21880.0,-9.765774766329395e-10,22000.0,ASK
754,1712305769.8179374,161873.29222622,21870.0,-2.2730950660332483e-10,22000.0,ASK
755,1712305769.823149,161882.62648746,21870.0,-1.2055683876397184e-09,22000.0,ASK
756,1712305770.079641,161882.62648746,21870.0,-0.0,22000.0,ASK
757,1712305770.2597673,161884.37243661,21870.0,-2.2528246232495838e-10,22000.0,ASK
758,1712305770.2629728,161889.21955746,21870.0,-6.254313421848954e-10,22000.0,ASK
759,1712305797.0110312,161893.78132317,21820.0,-5.88611536422673e-10,22000.0,ASK
760,1712305797.0197308,161897.55076507,21860.0,-4.86376795577363e-10,22000.0,ASK
761,1712305797.024824,161897.89776895,21870.0,-4.477443602862041e-11,22000.0,ASK
762,1712305797.0293672,161898.35438995,21860.0,-5.891849898767291e-11,22000.0,ASK
763,1712305800.1197865,161898.35438995,21860.0,-0.0,22000.0,ASK
764,1712305806.3597934,162035.78786799,21830.0,-1.7792245128561274e-08,22000.0,ASK
765,1712305817.179554,162038.19339907,21830.0,3.1142192754030846e-10,22000.0,BID
766,1712305817.3399322,162055.57926304,21830.0,2.250787493248861e-09,22000.0,BID
767,1712305817.3469503,162056.31444107,21830.0,9.517672046924016e-11,22000.0,BID
768,1712305817.4399238,162056.39003804,21830.0,9.786842628148004e-12,22000.0,BID
769,1712305817.4462967,162057.04962007,21830.0,8.539000342201824e-11,22000.0,BID
770,1712305817.4796946,162058.71997225,21830.0,2.1624509443631867e-10,22000.0,BID
771,1712305820.8396535,162068.24809102,21820.0,-1.2335176784278751e-09,22000.0,ASK
772,1712305821.0396953,162089.11653883,21820.0,2.7016455101288157e-09,22000.0,BID
773,1712305821.0595806,162107.80833129,21820.0,2.419854012887666e-09,22000.0,BID
774,1712305826.059877,162356.56491229,21820.0,3.2204220759124135e-08,22000.0,BID
775,1712305826.0996745,162544.78784429,21820.0,2.436748740351069e-08,22000.0,BID
776,1712305830.080633,162544.78784429,21820.0,0.0,22000.0,BID
777,1712305836.1700792,162545.24613943,21820.0,5.92230881983004e-11,22000.0,BID
778,1712305852.860094,162565.30161605,21820.0,2.591664534572602e-09,22000.0,BID
779,1712305860.1502235,162565.30161605,21820.0,0.0,22000.0,BID
780,1712305864.7201395,162569.88456747,21820.0,5.921966305000962e-10,22000.0,BID
781,1712305880.9401252,162583.02402668,21820.0,1.697845505590076e-09,22000.0,BID
782,1712305885.197996,162586.30725307,21820.0,4.242496651485793e-10,22000.0,BID
783,1712305886.1601198,162587.30725307,21800.0,-1.2921730479565158e-10,22000.0,ASK
784,1712305890.130277,162587.30725307,21800.0,-0.0,22000.0,ASK
785,1712305913.0501573,162593.40466036,21800.0,-7.878416563669173e-10,22000.0,ASK
786,1712305913.0600605,162596.18447687,21800.0,-3.5917811283602477e-10,22000.0,ASK
787,1712305916.250028,162617.10512323,21820.0,2.703141826776545e-09,22000.0,BID
788,1712305916.2534654,163155.141277,21820.0,6.951926850379355e-08,22000.0,BID
789,1712305916.970159,163166.31557905,21820.0,-1.443823615036318e-09,22000.0,ASK
790,1712305920.0703986,163166.31557905,21820.0,-0.0,22000.0,ASK
791,1712305929.600701,163281.81557905,21840.0,1.4899351063400903e-08,22000.0,BID
792,1712305929.6076674,163399.78892875,21850.0,1.5218409985332016e-08,22000.0,BID
793,1712305929.6116526,163419.89812257,21840.0,2.5940600720893876e-09,22000.0,BID
794,1712305929.6146514,163452.41709686,21850.0,4.194905750375471e-09,22000.0,BID
795,1712305929.7001705,163454.84670304,21850.0,-3.1341606425623806e-10,22000.0,ASK
796,1712305929.759997,163573.34670304,21850.0,-1.5286347194917812e-08,22000.0,ASK
797,1712305929.787861,163710.84670304,21850.0,-1.7737322694524892e-08,22000.0,ASK
798,1712305929.8401258,163718.80593504,21850.0,-1.0267306646143895e-09,22000.0,ASK
799,1712305929.8601606,163762.11593504,21850.0,-5.586934151998775e-09,22000.0,ASK
800,1712305929.9475212,163899.61593504,21850.0,-1.7737322694524892e-08,22000.0,ASK
801,1712305930.2400038,163916.01089104,21850.0,-2.114928182797113e-09,22000.0,ASK
802,1712305930.6279426,164158.41972404,21850.0,-3.1270426872175186e-08,22000.0,ASK
803,1712305930.640037,164409.6344688,21850.0,-3.2406378134044255e-08,22000.0,ASK
804,1712305930.9400802,164412.71137343,21800.0,-3.9691672961848975e-10,22000.0,ASK
805,1712305930.9503248,164421.28951246,21800.0,-1.106568873407578e-09,22000.0,ASK
806,1712305930.9558203,164516.4744688,21810.0,-1.2278736627395584e-08,22000.0,ASK
807,1712305950.0804293,164516.4744688,21810.0,-0.0,22000.0,ASK
808,1712305954.2101932,164616.4744688,21850.0,1.2850975068765112e-08,22000.0,BID
809,1712305964.092039,164725.9744688,21840.0,1.40718177002978e-08,22000.0,BID
810,1712305964.099477,164849.38386526,21830.0,1.5859310771586657e-08,22000.0,BID
811,1712305964.1055045,164862.78386526,21850.0,1.722030659213777e-09,22000.0,BID
812,1712305964.1084704,164965.38386526,21870.0,1.3185100420553757e-08,22000.0,BID
813,1712305964.111909,165074.38386526,21840.0,1.4007562824953974e-08,22000.0,BID
814,1712305964.1149378,165276.58386526,21850.0,2.5984671589044564e-08,22000.0,BID
815,1712305964.117958,165394.55721496,21860.0,1.5160725757731945e-08,22000.0,BID
816,1712305964.1210425,165569.50176103,21890.0,2.2482079999621044e-08,22000.0,BID
817,1712305964.1240835,165573.27120293,21860.0,4.844100387991767e-10,22000.0,BID
818,1712305964.1271052,165593.38039674,21920.0,2.584227483052738e-09,22000.0,BID
819,1712305964.1324174,165860.72116814,21880.0,3.435589588126096e-08,22000.0,BID
820,1712305964.135461,165907.03393142,21920.0,5.951641662769313e-09,22000.0,BID
821,1712305964.138539,166016.03393142,21870.0,1.4007562824953974e-08,22000.0,BID
822,1712305964.1416354,166133.03393142,21910.0,1.5035640830455183e-08,22000.0,BID
823,1712305964.1447067,166238.63393142,21870.0,1.3570629672612969e-08,22000.0,BID
824,1712305964.1478024,166347.63393142,21900.0,1.4007562824953974e-08,22000.0,BID
825,1712305964.1509354,166457.43393142,21890.0,1.4110370625506338e-08,22000.0,BID
826,1712305964.1540198,166467.97672155,21920.0,1.3548513311565367e-09,22000.0,BID
827,1712305966.4025753,166472.23672155,21840.0,-5.474515379305904e-10,22000.0,ASK
828,1712305976.4006774,166492.34591537,21840.0,-2.584227484339341e-09,22000.0,ASK
829,1712305976.440075,166538.74961767,21840.0,5.96332821355489e-09,22000.0,BID
830,1712305976.4803386,166576.91407933,21840.0,4.904505453054396e-09,22000.0,BID
1031,1712305976.4868276,166599.55628442,21840.0,2.909744131134573e-09,22000.0,BID
831,1712305976.4868276,166599.55628442,21840.0,2.9097441311345733e-09,22000.0,BID
832,1712305976.5603008,166607.3721543,21840.0,1.0044154896891694e-09,22000.0,BID
833,1712305976.7602184,166611.6321543,21830.0,-5.474515379268503e-10,22000.0,ASK
834,1712305980.100768,166611.6321543,21830.0,-0.0,22000.0,ASK
835,1712305984.230364,166614.65037287,21830.0,-3.8560008495957047e-10,22000.0,ASK
836,1712306010.0702393,166614.65037287,21830.0,-0.0,22000.0,ASK
837,1712306040.1304412,166614.65037287,21830.0,-0.0,22000.0,ASK
838,1712306070.1205308,166614.65037287,21830.0,-0.0,22000.0,ASK
839,1712306100.1038096,166614.65037287,21830.0,-0.0,22000.0,ASK
840,1712306118.120317,166646.67233078,21860.0,4.10831677560448e-09,22000.0,BID
841,1712306130.0704377,166646.67233078,21860.0,0.0,22000.0,BID
842,1712306130.502311,166681.16327896,21860.0,4.424683113152434e-09,22000.0,BID
843,1712306130.505558,166692.41283875,21870.0,1.443153634784759e-09,22000.0,BID
844,1712306136.6906562,166712.52203257,21880.0,2.57971482402192e-09,22000.0,BID
1044,1712306136.6906562,166712.52203257,21880.0,2.5797148240219204e-09,22000.0,BID
845,1712306136.6954226,166746.72365727,21870.0,4.38756715131875e-09,22000.0,BID
846,1712306136.6985714,167164.46545777,21890.0,5.35901501079119e-08,22000.0,BID
847,1712306136.7300472,167216.55391301,21890.0,-6.6821853399840615e-09,22000.0,ASK
1047,1712306136.7300472,167216.55391301,21890.0,-6.682185339984061e-09,22000.0,ASK
848,1712306136.7500978,167262.95762528,21890.0,-5.952916138956718e-09,22000.0,ASK
849,1712306136.7571745,167407.72302285,21890.0,-1.8571278662854097e-08,22000.0,ASK
850,1712306137.1301634,167422.60791411,21840.0,-1.909513378859786e-09,22000.0,ASK
851,1712306137.1368425,167468.72302285,21840.0,-5.915892536156984e-09,22000.0,ASK
852,1712306160.120529,167468.72302285,21840.0,-0.0,22000.0,ASK
853,1712306165.8136508,167476.71997785,21830.0,-1.023530023258775e-09,22000.0,ASK
854,1712306165.850042,167659.42284185,21830.0,-2.3384133915863138e-08,22000.0,ASK
855,1712306165.9332693,167705.53795059,21830.0,-5.902271342175653e-09,22000.0,ASK
856,1712306168.5001066,167868.7919926,21830.0,-2.0894879790542885e-08,22000.0,ASK
857,1712306168.507212,167919.70373917,21830.0,-6.5161928697736124e-09,22000.0,ASK
858,1712306169.7109315,167950.12614069,21830.0,-3.893762230161687e-09,22000.0,ASK
859,1712306172.023134,167963.07767418,21830.0,-1.657666371043329e-09,22000.0,ASK
860,1712306172.1999636,168027.24835618,21830.0,-8.213203605610967e-09,22000.0,ASK
861,1712306173.9401574,168035.93998467,21830.0,-1.112441261768765e-09,22000.0,ASK
862,1712306173.9457235,168074.49902257,21830.0,-4.9351700689301835e-09,22000.0,ASK
863,1712306190.1302128,168074.49902257,21830.0,-0.0,22000.0,ASK
864,1712306196.890222,168099.23199974,21840.0,3.160224143317838e-09,22000.0,BID
865,1712306196.897534,168163.40268174,21840.0,8.199325829464626e-09,22000.0,BID
866,1712306196.902614,168165.79096826,21830.0,3.0516021867422656e-10,22000.0,BID
867,1712306196.905831,168194.10086609,21840.0,3.617260550653487e-09,22000.0,BID
868,1712306196.988568,168303.18069821,21840.0,-1.3937534355254296e-08,22000.0,ASK
869,1712306202.4406583,168312.3336309,21830.0,1.16950412682847e-09,22000.0,BID
1069,1712306202.4406583,168312.3336309,21830.0,1.1695041268284701e-09,22000.0,BID
870,1712306202.4701412,168326.38208112,21810.0,-1.795022542428676e-09,22000.0,ASK
1070,1712306202.4701412,168326.38208112,21810.0,-1.7950225424286761e-09,22000.0,ASK
871,1712306220.0703604,168326.38208112,21810.0,-0.0,22000.0,ASK
872,1712306229.3301268,168372.1906015,21830.0,5.849013530590807e-09,22000.0,BID
873,1712306244.5001342,168380.14095394,21810.0,-1.0151325257537375e-09,22000.0,ASK
874,1712306244.6600344,168390.75638696,21810.0,-1.355420582287571e-09,22000.0,ASK
875,1712306245.5103154,168429.29130936,21850.0,4.920291697879002e-09,22000.0,BID
876,1712306245.516166,168495.43612586,21830.0,8.44563246045805e-09,22000.0,BID
877,1712306245.5215178,168543.87284711,21840.0,6.1845926395046725e-09,22000.0,BID
878,1712306245.524797,168549.87284711,21850.0,7.661037923169164e-10,22000.0,BID
1079,1712306245.528244,168599.90019034,21840.0,6.3876895613407415e-09,22000.0,BID
879,1712306245.528244,168599.90019034,21840.0,6.387689561340741e-09,22000.0,BID
880,1712306245.9303207,168654.90019034,21810.0,-7.0226180962383996e-09,22000.0,ASK
881,1712306250.070185,168654.90019034,21810.0,-0.0,22000.0,ASK
882,1712306263.6601577,168664.90019034,21860.0,1.275671465918316e-09,22000.0,BID
883,1712306263.6678612,168668.48722116,21860.0,4.5758728644379167e-10,22000.0,BID
884,1712306280.1302176,168668.48722116,21860.0,0.0,22000.0,BID
885,1712306308.4600873,168683.32842693,21840.0,-1.8931785413511507e-09,22000.0,ASK
886,1712306310.140369,168683.32842693,21840.0,-0.0,22000.0,ASK
887,1712306337.2103362,168695.71419125,21810.0,-1.5798914258216295e-09,22000.0,ASK
888,1712306337.21773,168696.61505499,21810.0,-1.1491151146261175e-10,22000.0,ASK
889,1712306340.080228,168696.61505499,21810.0,-0.0,22000.0,ASK
890,1712306370.0800724,168696.61505499,21810.0,-0.0,22000.0,ASK
891,1712306400.1004543,168696.61505499,21810.0,-0.0,22000.0,ASK
892,1712306409.267449,168700.3948715,21800.0,-4.85542456624122e-10,22000.0,ASK
893,1712306430.0803146,168700.3948715,21800.0,-0.0,22000.0,ASK
894,1712306460.120018,168700.3948715,21800.0,-0.0,22000.0,ASK
895,1712306467.420029,168861.47273847,21800.0,2.0691299484328297e-08,22000.0,BID
896,1712306482.8484063,168953.34228372,21770.0,-1.1801126436636086e-08,22000.0,ASK
897,1712306483.0749726,168957.28770222,21770.0,5.06809764184104e-10,22000.0,BID
898,1712306483.079883,168961.06751873,21770.0,4.855373172963183e-10,22000.0,BID
899,1712306490.1500392,168961.06751873,21770.0,0.0,22000.0,BID
900,1712306520.0855062,168961.06751873,21770.0,0.0,22000.0,BID
901,1712306526.5301044,168982.77738809,21760.0,-2.786713798002012e-09,22000.0,ASK
902,1712306526.6300752,168990.59325881,21760.0,-1.0032577542327682e-09,22000.0,ASK
903,1712306529.080365,168991.95875253,21760.0,-1.7527697322731628e-10,22000.0,ASK
904,1712306529.088421,169022.1756595,21760.0,-3.878690847465236e-09,22000.0,ASK
905,1712306550.0700448,169022.1756595,21760.0,-0.0,22000.0,ASK
906,1712306556.0221243,169022.4100345,21760.0,3.0079618382354474e-11,22000.0,BID
907,1712306574.740112,169026.20028289,21740.0,-4.864393606204451e-10,22000.0,ASK
908,1712306574.7502353,169033.83214121,21740.0,-9.794704461394495e-10,22000.0,ASK
909,1712306574.7562337,169195.38481155,21720.0,-2.0733622069236828e-08,22000.0,ASK
910,1712306574.7620556,169198.61084342,21740.0,-4.1402797883258575e-10,22000.0,ASK
911,1712306574.766997,169307.61084342,21720.0,-1.3989027855686988e-08,22000.0,ASK
912,1712306574.8501158,169354.01455569,21720.0,5.955438748185802e-09,22000.0,BID
913,1712306574.8565054,169375.72442505,21720.0,2.786238231379276e-09,22000.0,BID
914,1712306576.779909,169575.07985933,21720.0,2.5585217645188722e-08,22000.0,BID
915,1712306576.909982,169586.48881638,21720.0,1.464222183274207e-09,22000.0,BID
916,1712306577.0498755,169687.91375738,21720.0,1.30168470175273e-08,22000.0,BID
917,1712306577.2370396,169687.91375819,21720.0,1.0395371158909143e-16,22000.0,BID
918,1712306580.1100736,169687.91375819,21720.0,0.0,22000.0,BID
919,1712306581.250062,169702.75496396,21710.0,-1.901187729927049e-09,22000.0,ASK
920,1712306584.2400854,169724.95104461,21720.0,2.8433617078161062e-09,22000.0,BID
921,1712306585.320204,169737.16199272,21710.0,-1.564246536116242e-09,22000.0,ASK
922,1712306585.3299286,169843.36199272,21710.0,-1.3604429454532172e-08,22000.0,ASK
1123,1712306585.4400487,169868.41516672,21710.0,3.2093610008962672e-09,22000.0,BID
923,1712306585.4400487,169868.41516672,21710.0,3.209361000896267e-09,22000.0,BID
924,1712306585.4499753,170196.44647672,21710.0,4.2021457775647684e-08,22000.0,BID
925,1712306585.473042,170222.72268429,21710.0,3.3660340133576792e-09,22000.0,BID
1125,1712306585.473042,170222.72268429,21710.0,3.366034013357679e-09,22000.0,BID
926,1712306585.4765456,170487.84634229,21710.0,3.396286348388949e-08,22000.0,BID
927,1712306585.4864798,170514.43425448,21710.0,3.4059639899463874e-09,22000.0,BID
928,1712306610.0800433,170514.43425448,21710.0,0.0,22000.0,BID
929,1712306629.539917,170606.51528578,21720.0,-1.176870946219134e-08,22000.0,ASK
930,1712306640.1200414,170606.51528578,21720.0,-0.0,22000.0,ASK
931,1712306670.1200733,170606.51528578,21720.0,-0.0,22000.0,ASK
932,1712306687.7001717,170609.2613391,21730.0,-3.5087839984485115e-10,22000.0,ASK
933,1712306688.9999993,170635.67789881,21730.0,-3.375389739531653e-09,22000.0,ASK
934,1712306694.160139,170662.09445852,21730.0,-3.375389739527935e-09,22000.0,ASK
935,1712306700.0900507,170662.09445852,21730.0,-0.0,22000.0,ASK
936,1712306724.4499264,170841.13926612,21730.0,-2.30510693278742e-08,22000.0,ASK
937,1712306730.070011,170841.13926612,21730.0,-0.0,22000.0,ASK
938,1712306737.680062,170845.08467465,21740.0,-5.076961170037413e-10,22000.0,ASK
939,1712306745.4001184,170861.13926565,21740.0,-2.065908624888319e-09,22000.0,ASK
940,1712306745.4078567,170861.13926612,21740.0,-6.047942436052415e-17,22000.0,ASK
941,1712306745.660203,170924.98629654,21730.0,-8.215851205303751e-09,22000.0,ASK
942,1712306745.667957,170948.6505826,21730.0,-3.0451260124350183e-09,22000.0,ASK
943,1712306751.879828,170957.63218333,21730.0,1.155754538583173e-09,22000.0,BID
944,1712306755.309889,170962.12486625,21730.0,5.781195169237817e-10,22000.0,BID
945,1712306760.122278,170962.12486625,21730.0,0.0,22000.0,BID
946,1712306760.8003075,170982.23406007,21760.0,2.586780708265275e-09,22000.0,BID
947,1712306760.8040378,171056.92177213,21730.0,9.607582204961792e-09,22000.0,BID
948,1712306760.8076513,171077.03096595,21750.0,2.586780708261531e-09,22000.0,BID
949,1712306760.8112051,171151.54107131,21770.0,9.584735461860085e-09,22000.0,BID
950,1712306768.5899742,171181.86440298,21740.0,3.900693885410996e-09,22000.0,BID
951,1712306773.410081,171227.90193593,21750.0,5.9221171747155075e-09,22000.0,BID
952,1712306790.120149,171227.90193593,21750.0,0.0,22000.0,BID
953,1712306805.5011902,171231.52152399,21720.0,-4.65265963695213e-10,22000.0,ASK
954,1712306820.0801628,171231.52152399,21720.0,-0.0,22000.0,ASK
955,1712306830.5598354,171232.43895518,21730.0,-1.1792645631071408e-10,22000.0,ASK
956,1712306850.1281888,171232.43895518,21730.0,-0.0,22000.0,ASK
957,1712306856.4799778,171237.02611114,21720.0,-5.89630771886919e-10,22000.0,ASK
958,1712306880.1299584,171237.02611114,21720.0,-0.0,22000.0,ASK
959,1712306883.060228,171251.63747166,21730.0,1.87811304518597e-09,22000.0,BID
960,1712306893.8397791,171256.4594701,21730.0,-6.19809371044716e-10,22000.0,ASK
961,1712306907.509884,171261.05928611,21740.0,5.912505164715592e-10,22000.0,BID
962,1712306910.1197734,171261.05928611,21740.0,0.0,22000.0,BID
963,1712306916.631235,171277.32399535,21740.0,-2.0904906128924723e-09,22000.0,ASK
964,1712306927.2898984,171285.86537058,21760.0,1.0978164119658323e-09,22000.0,BID
965,1712306927.3097649,171305.73772744,21760.0,2.5541787964892527e-09,22000.0,BID
966,1712306927.3741798,171396.91931274,21760.0,1.17194992745123e-08,22000.0,BID
967,1712306927.4497726,171418.9535841,21770.0,2.832048010223008e-09,22000.0,BID
968,1712306928.269954,171515.40706418,21770.0,1.2397091870057577e-08,22000.0,BID
969,1712306940.0865362,171515.40706418,21770.0,0.0,22000.0,BID
970,1712306946.9898343,171569.87412622,21760.0,-6.995632560704237e-09,22000.0,ASK
971,1712306970.083428,171569.87412622,21760.0,-0.0,22000.0,ASK
972,1712306974.310043,171570.33284181,21800.0,5.890747877633854e-11,22000.0,BID
973,1712307000.1003344,171570.33284181,21800.0,0.0,22000.0,BID
974,1712307007.0499752,171588.70330144,21760.0,-2.362837974223084e-09,22000.0,ASK
975,1712307007.26992,171594.08783012,21760.0,-6.925667127919219e-10,22000.0,ASK
976,1712307007.277835,171635.10700374,21760.0,-5.2759518843193025e-09,22000.0,ASK
977,1712307007.350078,171861.669502,21760.0,-2.9140831814025465e-08,22000.0,ASK
978,1712307007.429848,172008.14761872,21760.0,-1.8840250246860343e-08,22000.0,ASK
979,1712307030.0704522,172008.14761872,21760.0,-0.0,22000.0,ASK
980,1712307033.4898982,172019.36665203,21730.0,-1.441244012960334e-09,22000.0,ASK
981,1712307034.821111,172041.75608303,21730.0,-2.876240090446654e-09,22000.0,ASK
982,1712307034.9196858,172052.97511674,21730.0,-1.4412440643464e-09,22000.0,ASK
983,1712307040.7662735,172053.43531002,21730.0,-5.911835639092263e-11,22000.0,ASK
984,1712307044.8597791,172054.55843386,21720.0,-1.4428119299342482e-10,22000.0,ASK
985,1712307045.1400378,172054.79324048,21720.0,3.0164241958956185e-11,22000.0,BID
986,1712307060.1197815,172054.79324048,21720.0,0.0,22000.0,BID
987,1712307090.1200073,172054.79324048,21720.0,0.0,22000.0,BID
988,1712307097.859752,172055.9329038,21680.0,-1.4638686273139678e-10,22000.0,ASK
989,1712307097.8648508,172102.3366061,21690.0,-5.960437858772808e-09,22000.0,ASK
990,1712307108.0400453,172114.17616315,21670.0,-1.520761072375545e-09,22000.0,ASK
991,1712307108.0471957,172117.29385884,21680.0,-4.004601034368816e-10,22000.0,ASK
992,1712307108.051784,172232.9108996,21670.0,-1.4850715626313856e-08,22000.0,ASK
993,1712307116.6514933,172319.41429816,21670.0,1.1111142131640732e-08,22000.0,BID
994,1712307120.0800817,172319.41429816,21670.0,0.0,22000.0,BID
995,1712307132.5383985,172347.10234616,21670.0,-3.553841470796866e-09,22000.0,ASK
996,1712307137.195441,172351.71702082,21720.0,5.923069109434116e-10,22000.0,BID
997,1712307147.0899007,172368.00790584,21660.0,-2.0909824621800113e-09,22000.0,ASK
998,1712307147.0944726,172547.57846107,21660.0,-2.304840291053062e-08,22000.0,ASK
999,1712307150.0697663,172547.57846107,21660.0,-0.0,22000.0,ASK
1000,1712307175.779832,172598.32095221,21680.0,-6.5088171185940575e-09,22000.0,ASK
1200,1712307175.779832,172598.32095221,21680.0,-6.508817118594057e-09,22000.0,ASK
1201,1712307180.132762,172598.32095221,21680.0,-0.0,22000.0,ASK
1202,1712307210.1429858,172598.32095221,21680.0,-0.0,22000.0,ASK
1203,1712307226.9797587,172598.55162564,21680.0,-2.9584659724876767e-11,22000.0,ASK
1204,1712307227.0596342,172600.79685244,21680.0,2.87958049114783e-10,22000.0,BID
1205,1712307240.079672,172600.79685244,21680.0,0.0,22000.0,BID
1206,1712307270.0924146,172600.79685244,21680.0,0.0,22000.0,BID
1207,1712307273.5148802,172709.79685244,21680.0,-1.3979528158868633e-08,22000.0,ASK
1208,1712307273.5173483,172753.63958065,21670.0,-5.6229417759022615e-09,22000.0,ASK
1209,1712307273.5185304,172796.65829269,21680.0,-5.5172595992802775e-09,22000.0,ASK
1210,1712307289.797501,172796.88917911,21660.0,-2.961177256808463e-11,22000.0,ASK
1211,1712307289.8002908,172909.68917911,21660.0,-1.4466887856148797e-08,22000.0,ASK
1212,1712307289.8017964,173371.35211207,21650.0,-5.920944927724908e-08,22000.0,ASK
1213,1712307289.8029733,173664.40883068,21660.0,-3.7585272017930856e-08,22000.0,ASK
1214,1712307289.8041444,173811.36551075,21650.0,-1.8847569240113587e-08,22000.0,ASK
1215,1712307300.0900834,173811.36551075,21650.0,-0.0,22000.0,ASK
1216,1712307304.9796786,173878.56258665,21660.0,-8.615976219881094e-09,22000.0,ASK
1217,1712307306.4112363,173878.80913361,21720.0,3.1612130676628186e-11,22000.0,BID
1218,1712307330.069764,173878.80913361,21720.0,0.0,22000.0,BID
1219,1712307360.1400807,173878.80913361,21720.0,0.0,22000.0,BID
1220,1712307390.1532087,173878.80913361,21720.0,0.0,22000.0,BID
1221,1712307420.0701594,173878.80913361,21720.0,0.0,22000.0,BID
1222,1712307450.080132,173878.80913361,21720.0,0.0,22000.0,BID
1223,1712307470.6202955,173881.11434338,21690.0,2.9551751672562606e-10,22000.0,BID
1224,1712307470.623256,173916.27911455,21690.0,4.507965386736601e-09,22000.0,BID
1225,1712307480.1204934,173916.27911455,21690.0,0.0,22000.0,BID
1226,1712307510.1201262,173916.27911455,21690.0,0.0,22000.0,BID
1227,1712307535.0204048,173922.78319439,21690.0,-8.337068986351133e-10,22000.0,ASK
1228,1712307535.0302818,173923.24402388,21700.0,-5.907011204393293e-11,22000.0,ASK
1229,1712307535.0325377,173923.87644665,21690.0,-8.106530657580738e-11,22000.0,ASK
1230,1712307540.080447,173923.87644665,21690.0,-0.0,22000.0,ASK
1231,1712307544.1201782,173927.9807839,21690.0,-5.26091635646911e-10,22000.0,ASK
1232,1712307546.0304418,173954.28848378,21690.0,-3.372106144535437e-09,22000.0,ASK
1233,1712307546.2505107,173971.21986428,21720.0,2.170254810568178e-09,22000.0,BID
1234,1712307546.253498,173977.28014098,21740.0,7.768028520515702e-10,22000.0,BID
1235,1712307546.2563138,174000.30039881,21720.0,2.950723675255004e-09,22000.0,BID
1236,1712307563.6807296,174006.4569047,21720.0,7.891374553915817e-10,22000.0,BID
1237,1712307570.08033,174006.4569047,21720.0,0.0,22000.0,BID
1238,1712307600.1204188,174006.4569047,21720.0,0.0,22000.0,BID
1239,1712307608.2203798,174006.91999531,21720.0,-5.975623116943524e-11,22000.0,ASK
1240,1712307608.2226508,174007.39357956,21720.0,-6.111030824632558e-11,22000.0,ASK
1241,1712307618.2652545,174007.64073296,21720.0,-3.1892151092514865e-11,22000.0,ASK
1242,1712307618.2668197,174009.97561524,21720.0,-3.0128826252758923e-10,22000.0,ASK
1243,1712307618.360486,174011.99763112,21720.0,2.6091664513799235e-10,22000.0,BID
1244,1712307618.380725,174012.25568079,21740.0,3.329818268983419e-11,22000.0,BID
1245,1712307630.0805025,174012.25568079,21740.0,0.0,22000.0,BID
1246,1712307651.1980252,174122.35568079,21690.0,-1.4206839830078264e-08,22000.0,ASK
1247,1712307651.1994326,174223.13478169,21700.0,-1.3004110306134493e-08,22000.0,ASK
1248,1712307651.2007422,174232.62395446,21690.0,-1.2244428488950383e-09,22000.0,ASK
1249,1712307651.2020605,174740.30515067,21690.0,-6.550904122886176e-08,22000.0,ASK
1250,1712307651.2305443,175204.67061767,21690.0,5.991976214612252e-08,22000.0,BID
1251,1712307651.2513433,175327.54359586,21690.0,1.5855011086196173e-08,22000.0,BID
1252,1712307651.2552743,175344.52990985,21690.0,2.191842344771065e-09,22000.0,BID
1253,1712307651.2713995,175380.43246896,21690.0,4.632714866172161e-09,22000.0,BID
1254,1712307651.2727146,175657.51347048,21690.0,3.5753364292024084e-08,22000.0,BID
1255,1712307651.274032,175726.15007801,21690.0,8.856578471014025e-09,22000.0,BID
1256,1712307651.2907329,175783.73751371,21690.0,7.430839920206887e-09,22000.0,BID
1257,1712307651.2967544,176018.30004597,21690.0,3.0266960272075906e-08,22000.0,BID
1258,1712307651.2997117,176550.695396,21690.0,6.869805144554065e-08,22000.0,BID
1259,1712307651.330874,176563.83178,21690.0,1.69506360975991e-09,22000.0,BID
1260,1712307651.3347087,176580.71605244,21690.0,2.17867533335416e-09,22000.0,BID
1261,1712307651.3504217,176660.01526784,21690.0,1.0232436438135786e-08,22000.0,BID
1262,1712307651.490529,176816.60511898,21690.0,2.02056942248998e-08,22000.0,BID
1263,1712307651.670346,176834.10364298,21690.0,2.2579357650381246e-09,22000.0,BID
1264,1712307652.0859728,176839.23364298,21690.0,6.619535724647031e-10,22000.0,BID
1265,1712307652.330485,176855.16499998,21690.0,2.0557151423715966e-09,22000.0,BID
1266,1712307655.3706036,176869.59239135,21690.0,1.8616497580294594e-09,22000.0,BID
1267,1712307655.430522,176907.22983535,21690.0,4.8565770982908415e-09,22000.0,BID
1268,1712307655.570371,176923.92299603,21690.0,2.154015077553104e-09,22000.0,BID
1269,1712307656.7105258,176928.5291683,21690.0,5.9436105058654e-10,22000.0,BID
1270,1712307657.0107129,176946.22916829,21690.0,2.283933377386944e-09,22000.0,BID
1271,1712307657.79063,177057.00310439,21680.0,-1.4293801703176329e-08,22000.0,ASK
1272,1712307657.8004124,177179.0038424,21680.0,-1.574246089064052e-08,22000.0,ASK
1273,1712307660.1206934,177179.0038424,21680.0,-0.0,22000.0,ASK
1274,1712307664.8036716,177187.82265635,21690.0,1.1279457246463543e-09,22000.0,BID
1275,1712307668.130617,177225.20304077,21690.0,4.781033484913301e-09,22000.0,BID
1276,1712307690.1335402,177225.20304077,21690.0,0.0,22000.0,BID
1277,1712307720.0808144,177225.20304077,21690.0,0.0,22000.0,BID
1278,1712307750.0807931,177225.20304077,21690.0,0.0,22000.0,BID
1279,1712307777.4307108,177226.20304077,21680.0,-1.2788581157814538e-10,22000.0,ASK
1280,1712307780.1205828,177226.20304077,21680.0,-0.0,22000.0,ASK
1281,1712307805.0006812,177236.32759077,21680.0,-1.294782703746076e-09,22000.0,ASK
1282,1712307805.0807288,177236.32759104,21680.0,-3.452859192208847e-17,22000.0,ASK
1283,1712307810.1206996,177236.32759104,21680.0,-0.0,22000.0,ASK
1284,1712307817.960748,177236.78884565,21680.0,5.898610080568652e-11,22000.0,BID
1285,1712307840.1010473,177236.78884565,21680.0,0.0,22000.0,BID
1286,1712307856.5806987,177240.78884565,21670.0,5.115268148486895e-10,22000.0,BID
1287,1712307866.320566,177241.06709365,21670.0,-3.5582828292944094e-11,22000.0,ASK
1288,1712307867.5607283,177242.75259695,21660.0,-2.1554503361871959e-10,22000.0,ASK
1289,1712307870.080901,177242.75259695,21660.0,-0.0,22000.0,ASK
1290,1712307874.3113658,177243.59712603,21660.0,-1.0799803296378735e-10,22000.0,ASK
1291,1712307874.313937,177679.81926286,21660.0,-5.5783908249607615e-08,22000.0,ASK
1292,1712307874.410773,177746.57166574,21660.0,-8.536269948973021e-09,22000.0,ASK
1293,1712307885.4707592,177746.80255216,21660.0,-2.952566085499566e-11,22000.0,ASK
1294,1712307900.1208189,177746.80255216,21660.0,-0.0,22000.0,ASK
1295,1712307907.5254686,177747.03779201,21680.0,3.0156050366991736e-11,22000.0,BID
1296,1712307910.8609138,177747.96157953,21650.0,-1.1842289042751164e-10,22000.0,ASK
1297,1712307910.864207,178024.5181823,21650.0,-3.545255976899772e-08,22000.0,ASK
1298,1712307911.5208511,178054.0025393,21640.0,-3.779681693814428e-09,22000.0,ASK
1299,1712307911.6876287,178054.00253997,21640.0,-8.588907050114415e-17,22000.0,ASK
1300,1712307915.2307737,178054.28495805,21670.0,3.620395882998885e-11,22000.0,BID
1301,1712307930.1208618,178054.28495805,21670.0,0.0,22000.0,BID
1302,1712307937.4807992,178054.6412196,21640.0,-4.563121948652604e-11,22000.0,ASK
1303,1712307958.9308844,178054.99714145,21640.0,-4.5587709532201457e-11,22000.0,ASK
1304,1712307958.940723,178055.6412196,21630.0,-8.249577151895666e-11,22000.0,ASK
1305,1712307960.0708563,178055.6412196,21630.0,-0.0,22000.0,ASK
1306,1712307984.2009428,178055.84888392,21630.0,-2.659826903142836e-11,22000.0,ASK
1307,1712307984.2036033,178059.83229304,21630.0,-5.10206988998752e-10,22000.0,ASK
1308,1712307987.6011248,178083.83229304,21630.0,-3.07399199205568e-09,22000.0,ASK
1309,1712307987.6050928,178102.23600531,21630.0,-2.3572026725859715e-09,22000.0,ASK
1310,1712307987.6807976,178125.71270747,21630.0,-3.006966434987953e-09,22000.0,ASK
1311,1712307990.0708635,178125.71270747,21630.0,-0.0,22000.0,ASK
1312,1712308000.9709747,178129.52399332,21620.0,-4.880661766995539e-10,22000.0,ASK
1313,1712308020.1409988,178129.52399332,21620.0,-0.0,22000.0,ASK
1314,1712308048.28141,178134.15148059,21610.0,-5.9258115944036e-10,22000.0,ASK
1315,1712308048.2840955,178141.55454867,21610.0,-9.48013124688069e-10,22000.0,ASK
1316,1712308050.135569,178141.55454867,21610.0,-0.0,22000.0,ASK
1317,1712308052.765185,178158.15147967,21610.0,-2.1252789304571516e-09,22000.0,ASK
1318,1712308053.0437198,178158.15148059,21610.0,-1.1780847516689397e-16,22000.0,ASK
1319,1712308064.371872,178158.42925836,21600.0,-3.557014498361259e-11,22000.0,ASK
1320,1712308064.3821018,178311.16076297,21600.0,-1.9557654892042525e-08,22000.0,ASK
1321,1712308064.484855,178358.10751179,21600.0,-6.011649751437628e-09,22000.0,ASK
1322,1712308064.5422292,178378.93159286,21590.0,-2.666576172681987e-09,22000.0,ASK
1323,1712308065.0903006,178403.62584034,21590.0,-3.162160755674766e-09,22000.0,ASK
1324,1712308068.3304331,178450.23507988,21590.0,-5.968430835741284e-09,22000.0,ASK
1325,1712308068.4324503,178505.23507988,21590.0,-7.042888903695315e-09,22000.0,ASK
1326,1712308071.5747983,178551.38182653,21590.0,-5.909207453146381e-09,22000.0,ASK
1327,1712308073.3760743,178557.26830213,21590.0,-7.53778066999763e-10,22000.0,ASK
1328,1712308073.3777404,178684.31374033,21590.0,-1.6268489217525582e-08,22000.0,ASK
1329,1712308073.6235683,178702.42726473,21590.0,-2.319482545521828e-09,22000.0,ASK
1330,1712308073.6268325,178710.90165133,21590.0,-1.0851666063764699e-09,22000.0,ASK
1331,1712308073.638188,178726.7271111,21590.0,-2.026490091089185e-09,22000.0,ASK
1332,1712308073.639804,178758.80215743,21580.0,-4.1072906887857826e-09,22000.0,ASK
1333,1712308078.6012309,178759.03848736,21580.0,3.0262644391652897e-11,22000.0,BID
1334,1712308078.7209752,178768.33848735,21580.0,1.1908884860723274e-09,22000.0,BID
1335,1712308080.0711672,178768.33848735,21580.0,0.0,22000.0,BID
1336,1712308080.3072934,178792.33848735,21570.0,-3.067943602386596e-09,22000.0,ASK
1337,1712308080.3131,178818.05422635,21570.0,-3.287268206071402e-09,22000.0,ASK
1338,1712308080.4049754,178818.0542268,21570.0,-5.75243805604278e-17,22000.0,ASK
1339,1712308107.311018,178836.60710241,21560.0,-2.37163233472983e-09,22000.0,ASK
1340,1712308107.3358607,178840.4289948,21560.0,-4.885562627877514e-10,22000.0,ASK
1341,1712308107.641178,178840.42899488,21560.0,-1.0227300618329845e-17,22000.0,ASK
1342,1712308109.2686083,178885.17408188,21550.0,-5.7198084749935875e-09,22000.0,ASK
1343,1712308109.2717783,178907.90903688,21550.0,-2.906231655952658e-09,22000.0,ASK
1344,1712308110.081061,178907.90903688,21550.0,-0.0,22000.0,ASK
1345,1712308119.1749692,178909.28077899,21550.0,-1.7528372202563004e-10,22000.0,ASK
1346,1712308123.0409465,178913.91601207,21590.0,5.92298582067757e-10,22000.0,BID
1347,1712308125.2386694,178968.95148822,21590.0,7.032534054828096e-09,22000.0,BID
1348,1712308125.241548,178971.45252159,21590.0,3.1958662988368813e-10,22000.0,BID
1349,1712308140.1315007,178971.45252159,21590.0,0.0,22000.0,BID
1350,1712308142.1763527,178971.6841566,21590.0,2.959355862974262e-11,22000.0,BID
1351,1712308142.886304,179034.9141566,21590.0,8.078229245368598e-09,22000.0,BID
1352,1712308151.6959796,179043.9141566,21550.0,-1.149834939243062e-09,22000.0,ASK
1353,1712308165.4210954,179159.24587369,21550.0,-1.4734715323665748e-08,22000.0,ASK
1354,1712308170.1244974,179159.24587369,21550.0,-0.0,22000.0,ASK
1355,1712308170.9711804,179223.01097249,21550.0,-8.142380625517074e-09,22000.0,ASK
1356,1712308170.9730556,179256.46587369,21550.0,-4.2719692196157696e-09,22000.0,ASK
1357,1712308171.6310532,179261.46587369,21550.0,-6.38466871278167e-10,22000.0,ASK
1358,1712308171.634004,179295.47247235,21550.0,-4.342417329851841e-09,22000.0,ASK
1359,1712308178.7908766,179296.40054659,21550.0,-1.1850893126726358e-10,22000.0,ASK
1360,1712308178.8180923,179312.24455034,21550.0,2.023174300554141e-09,22000.0,BID
1361,1712308178.856661,179457.28980446,21550.0,1.8521317918347625e-08,22000.0,BID
1362,1712308178.940899,179503.70428578,21550.0,5.926821734077274e-09,22000.0,BID
1363,1712308179.9859931,179550.10799807,21550.0,5.925446600296427e-09,22000.0,BID
1364,1712308188.331355,179595.36211736,21550.0,5.7786511911083135e-09,22000.0,BID
1365,1712308188.3473432,179691.05986877,21550.0,1.2219968786221564e-08,22000.0,BID
1366,1712308200.1379452,179691.05986877,21550.0,0.0,22000.0,BID
1367,1712308200.9722445,179711.05986877,21530.0,-2.5824891102007383e-09,22000.0,ASK
1368,1712308200.9741204,179731.29691612,21540.0,-2.613097720196474e-09,22000.0,ASK
1369,1712308201.0418594,179829.30871669,21530.0,1.2655720382160352e-08,22000.0,BID
1370,1712308207.170964,179829.59244408,21570.0,3.663614474614888e-11,22000.0,BID
1371,1712308207.2524536,179838.15824608,21570.0,1.1060545192602007e-09,22000.0,BID
1372,1712308225.4093258,179874.28295159,21560.0,-4.664582929436745e-09,22000.0,ASK
1373,1712308225.4111214,179893.15824608,21560.0,-2.437262123615285e-09,22000.0,ASK
1374,1712308225.5011234,179946.93544643,21560.0,-6.94395171404597e-09,22000.0,ASK
1375,1712308230.0938103,179946.93544643,21560.0,-0.0,22000.0,ASK
1376,1712308235.3311496,179947.18704743,21550.0,-3.2464732435452226e-11,22000.0,ASK
1377,1712308237.7067869,179970.39967509,21540.0,-2.995185814513177e-09,22000.0,ASK
1378,1712308241.3513775,179980.12775362,21520.0,-1.255239313802464e-09,22000.0,ASK
1379,1712308241.3612554,179994.36484704,21520.0,-1.8370492507806438e-09,22000.0,ASK
1380,1712308255.2114909,180012.24383504,21540.0,2.306972395358608e-09,22000.0,BID
1381,1712308256.1915658,180024.50218348,21540.0,1.581726631498965e-09,22000.0,BID
1382,1712308256.1945264,180029.44305204,21540.0,6.375331409701713e-10,22000.0,BID
1383,1712308260.131686,180029.44305204,21540.0,0.0,22000.0,BID
1384,1712308261.8860016,180044.83087355,21530.0,1.985075601319017e-09,22000.0,BID
1385,1712308279.3014688,180148.89000499,21540.0,1.3423943264600612e-08,22000.0,BID
1386,1712308285.1016214,180244.43731433,21560.0,1.2325892422084651e-08,22000.0,BID
1387,1712308285.1814198,180290.8410266,21560.0,5.986219490394149e-09,22000.0,BID
1388,1712308285.201411,180295.28391667,21560.0,5.73146281399892e-10,22000.0,BID
1389,1712308285.2612543,180303.73908532,21570.0,1.090742375795651e-09,22000.0,BID
1390,1712308290.123326,180303.73908532,21570.0,0.0,22000.0,BID
1391,1712308299.8415074,180325.78576104,21590.0,2.841920768345471e-09,22000.0,BID
1392,1712308320.0816538,180325.78576104,21590.0,0.0,22000.0,BID
1393,1712308320.7488456,180327.49407363,21590.0,2.2019606159694447e-10,22000.0,BID
1394,1712308320.7514305,180341.51276521,21590.0,1.806964774912763e-09,22000.0,BID
1395,1712308321.341359,180372.10350073,21590.0,-3.943048551130161e-09,22000.0,ASK
1396,1712308350.0714307,180372.10350073,21590.0,-0.0,22000.0,ASK
1397,1712308380.0038564,180418.507213,21570.0,-5.980520109837981e-09,22000.0,ASK
1398,1712308380.131196,180418.507213,21570.0,-0.0,22000.0,ASK
1399,1712308380.664097,180459.15134524,21570.0,-5.237548592215554e-09,22000.0,ASK
1400,1712308404.9516516,180464.44759524,21570.0,6.82493762387145e-10,22000.0,BID
1401,1712308409.9914489,180469.21422024,21570.0,-6.142443861525562e-10,22000.0,ASK
1402,1712308410.121517,180469.21422024,21570.0,-0.0,22000.0,ASK
1403,1712308440.0920815,180469.21422024,21570.0,-0.0,22000.0,ASK
1404,1712308458.3717077,180469.44822024,21570.0,-3.014982944968924e-11,22000.0,ASK
1405,1712308458.3757372,180488.62610031,21570.0,-2.470982108226826e-09,22000.0,ASK
1406,1712308470.0821545,180488.62610031,21570.0,-0.0,22000.0,ASK
1407,1712308479.1320496,180490.68132174,21570.0,2.6479159326622576e-10,22000.0,BID
1408,1712308500.0915585,180490.68132174,21570.0,0.0,22000.0,BID
1409,1712308517.8229218,180535.02981258,21570.0,-5.7344702990543965e-09,22000.0,ASK
1410,1712308518.0016916,180536.55288137,21570.0,1.9694002150388128e-10,22000.0,BID
1411,1712308527.0912845,180536.84788368,21610.0,3.814519846589565e-11,22000.0,BID
1412,1712308530.081225,180536.84788368,21610.0,0.0,22000.0,BID
1413,1712308560.0912204,180536.84788368,21610.0,0.0,22000.0,BID
1414,1712308569.057994,180541.84788368,21570.0,-6.464404861787785e-10,22000.0,ASK
1415,1712308571.151387,180556.23410429,21560.0,-1.8599670890809767e-09,22000.0,ASK
1416,1712308586.0911648,180597.63781656,21550.0,-5.353007177884441e-09,22000.0,ASK
1417,1712308586.158147,180598.10185368,21550.0,-5.999447629441892e-11,22000.0,ASK
1418,1712308586.1622703,180638.10180266,21550.0,-5.171517293150948e-09,22000.0,ASK
1419,1712308590.0805025,180638.10180266,21550.0,-0.0,22000.0,ASK
1420,1712308620.121199,180638.10180266,21550.0,-0.0,22000.0,ASK
1421,1712308620.4836662,180654.18898035,21540.0,2.0792939393728353e-09,22000.0,BID
1422,1712308638.651325,180721.85746717,21530.0,-8.746262224651177e-09,22000.0,ASK
1423,1712308650.1213365,180721.85746717,21530.0,-0.0,22000.0,ASK
1424,1712308652.924883,180776.85746717,21530.0,-7.107183003929109e-09,22000.0,ASK
1425,1712308660.851322,180781.42785108,21540.0,5.90591906301823e-10,22000.0,BID
1426,1712308660.8555255,180788.40338498,21540.0,9.013890177706835e-10,22000.0,BID
1427,1712308660.9512465,180850.15070301,21540.0,-7.979081622565946e-09,22000.0,ASK
1428,1712308675.8486545,180943.0443398,21530.0,-1.2003855937581182e-08,22000.0,ASK
1429,1712308680.0713663,180943.0443398,21530.0,-0.0,22000.0,ASK
1430,1712308680.3821063,180998.21208258,21530.0,-7.124474097878566e-09,22000.0,ASK
1431,1712308683.2756343,181002.85460811,21540.0,5.99545154841927e-10,22000.0,BID
1432,1712308700.1246393,181087.62922755,21540.0,1.0947966146925489e-08,22000.0,BID
1433,1712308707.1412518,181163.24991018,21530.0,-9.765808197187093e-09,22000.0,ASK
1434,1712308710.0811572,181163.24991018,21530.0,-0.0,22000.0,ASK
1435,1712308710.9611468,181163.82618034,21530.0,-7.437515031007024e-11,22000.0,ASK
1436,1712308723.0616536,181316.89936116,21530.0,-1.975608251494881e-08,22000.0,ASK
1437,1712308723.06624,181340.14436348,21510.0,-3.000069518606461e-09,22000.0,ASK
1438,1712308723.0743496,181445.90727006,21520.0,-1.3650077029967808e-08,22000.0,ASK
1439,1712308723.076363,181446.29740633,21510.0,-5.0352153792496285e-11,22000.0,ASK
1440,1712308723.07833,181492.82638753,21520.0,-6.005169468610247e-09,22000.0,ASK
1441,1712308723.0815682,181541.76587251,21510.0,-6.316276295592041e-09,22000.0,ASK
1442,1712308723.084881,181566.83103529,21500.0,-3.2349848711545517e-09,22000.0,ASK
1443,1712308723.0882378,181571.74616194,21510.0,-6.343609451955101e-10,22000.0,ASK
1444,1712308723.0912137,181621.74616194,21500.0,-6.453149535769833e-09,22000.0,ASK
1445,1712308723.093139,181735.14616194,21480.0,-1.4635743147125233e-08,22000.0,ASK
1446,1712308723.0954993,181739.79267589,21500.0,-5.99692986786826e-10,22000.0,ASK
1447,1712308723.097424,181777.17756458,21490.0,-4.825005541892848e-09,22000.0,ASK
1448,1712308723.0994024,181778.17756458,21500.0,-1.2906299071539666e-10,22000.0,ASK
1449,1712308723.1013622,181789.26306417,21480.0,-1.430727730659811e-09,22000.0,ASK
1450,1712308723.1033752,181809.26306417,21490.0,-2.581259814307933e-09,22000.0,ASK
1451,1712308723.1053443,181918.26306417,21470.0,-1.4067865987978236e-08,22000.0,ASK
1452,1712308723.1073318,181934.04109608,21500.0,-2.0363599859092324e-09,22000.0,ASK
1453,1712308723.109314,181939.08475674,21480.0,-6.509499289310341e-10,22000.0,ASK
1454,1712308723.1113286,182037.78475674,21490.0,-1.2738517183611152e-08,22000.0,ASK
1455,1712308723.1133292,182038.24987301,21500.0,-6.002929683696536e-11,22000.0,ASK
1456,1712308723.115352,182097.19787207,21490.0,-7.608005055373081e-09,22000.0,ASK
1457,1712308723.1173515,182141.19787207,21470.0,-5.678771591477453e-09,22000.0,ASK
1458,1712308723.1193616,182161.19787207,21480.0,-2.581259814307933e-09,22000.0,ASK
1459,1712308723.1213715,182162.12940444,21470.0,-1.2022635361843703e-10,22000.0,ASK
1460,1712308723.1234145,182165.00639699,21480.0,-3.71313262770098e-10,22000.0,ASK
1461,1712308723.125429,182271.50639699,21490.0,-1.3745208511189744e-08,22000.0,ASK
1462,1712308723.1614926,182301.17193542,21470.0,3.828723110955893e-09,22000.0,BID
1463,1712308723.1659815,182326.82193542,21530.0,3.310465711852929e-09,22000.0,BID
