,time,acc_trade_volume,trade_price,dev,high,ask_bid
0,1712300395.5005305,16067714.95310107,1007.0,0.0,1045.0,ASK
1,1712300400.8722398,16067714.95310107,1007.0,-0.0,1045.0,ASK
2,1712300404.37236,16067737.47862242,1007.0,-6.239974704449614e-10,1045.0,ASK
3,1712300404.3738787,16069165.47310107,1007.0,-3.955801637951304e-08,1045.0,ASK
4,1712300404.4724052,16070058.2489192,1007.0,-2.4731496490236853e-08,1045.0,ASK
5,1712300404.5522263,16070205.03059505,1007.0,-4.066116518138871e-09,1045.0,ASK
6,1712300404.6922874,16070467.2336488,1007.0,-7.263496358058457e-09,1045.0,ASK
7,1712300404.83223,16070676.71296816,1007.0,-5.802954052208997e-09,1045.0,ASK
8,1712300404.8921196,16070875.38359542,1007.0,-5.503533833498989e-09,1045.0,ASK
9,1712300405.2324994,16070890.2645478,1008.0,4.1222915551520975e-10,1045.0,BID
10,1712300406.0825546,16071199.2728478,1007.0,-8.560085893550706e-09,1045.0,ASK
11,1712300407.1825175,16071585.70669371,1007.0,-1.0704912823332428e-08,1045.0,ASK
12,1712300407.2022047,16071970.10919965,1007.0,-1.0648641051235021e-08,1045.0,ASK
13,1712300408.1222713,16072088.29531986,1007.0,-3.2739681763513367e-09,1045.0,ASK
14,1712300408.162212,16072248.15062482,1007.0,-4.428279567207347e-09,1045.0,ASK
15,1712300408.1825,16072409.05035447,1007.0,-4.45721201036289e-09,1045.0,ASK
16,1712300408.2324584,16072527.20765558,1007.0,-3.2731698354543343e-09,1045.0,ASK
17,1712300409.352524,16072722.53850124,1007.0,-5.41101587404546e-09,1045.0,ASK
18,1712300410.452299,16072828.39013109,1007.0,-2.932280600512562e-09,1045.0,ASK
19,1712300410.4539256,16072858.18159087,1007.0,-8.25277038233382e-10,1045.0,ASK
20,1712300417.0822818,16073059.82370481,1007.0,-5.585849360992016e-09,1045.0,ASK
21,1712300417.0836148,16073257.22370481,1007.0,-5.468335172161897e-09,1045.0,ASK
22,1712300420.3540606,16073566.60595088,1006.0,-8.57044487258284e-09,1045.0,ASK
23,1712300420.355843,16073716.00952941,1006.0,-4.13874793983731e-09,1045.0,ASK
24,1712300422.0622723,16073896.82338902,1006.0,-5.008869240762677e-09,1045.0,ASK
25,1712300424.512248,16073940.77186096,1006.0,-1.217451747111698e-09,1045.0,ASK
26,1712300430.7252114,16073940.77186096,1006.0,-0.0,1045.0,ASK
27,1712300430.8340805,16074908.042717,1006.0,-2.6790490769659453e-08,1045.0,ASK
28,1712300430.8353932,16075638.35902992,1006.0,-2.0227563270470432e-08,1045.0,ASK
29,1712300432.162577,16077624.45634868,1007.0,5.500891663760119e-08,1045.0,BID
30,1712300436.772384,16077643.612384,1006.0,-5.30564509663099e-10,1045.0,ASK
31,1712300441.337618,16077662.73154983,1007.0,5.29543335718728e-10,1045.0,BID
32,1712300442.7225578,16077896.93323115,1006.0,-6.486681514805356e-09,1045.0,ASK
33,1712300442.7240071,16079060.96841231,1006.0,-3.22402702218152e-08,1045.0,ASK
34,1712300442.842428,16080113.62517078,1006.0,-2.9155423215054463e-08,1045.0,ASK
35,1712300443.003415,16080899.23579801,1006.0,-2.1759049314824943e-08,1045.0,ASK
36,1712300443.122348,16081485.54662787,1006.0,-1.623904491427368e-08,1045.0,ASK
37,1712300444.8332677,16082862.17652807,1006.0,-3.8128503928627936e-08,1045.0,ASK
38,1712300444.8350766,16083210.38726365,1006.0,-9.644389096603922e-09,1045.0,ASK
39,1712300449.7923193,16083215.35744257,1006.0,1.3765899351685308e-10,1045.0,BID
40,1712300452.982546,16083477.59709809,1006.0,7.263248992514115e-09,1045.0,BID
41,1712300454.8126144,16083676.20682996,1006.0,5.500891663589872e-09,1045.0,BID
42,1712300461.023649,16083676.20682996,1006.0,0.0,1045.0,BID
43,1712300471.672519,16084670.24261524,1006.0,2.7524330953275084e-08,1045.0,BID
44,1712300481.532585,16084868.85195918,1006.0,5.499388848951186e-09,1045.0,BID
45,1712300482.4027135,16085220.62522113,1005.0,-9.740417624582813e-09,1045.0,ASK
46,1712300482.404354,16086796.75655844,1005.0,-4.3642252317658884e-08,1045.0,ASK
47,1712300482.405845,16089829.16941949,1005.0,-8.396592598621657e-08,1045.0,ASK
48,1712300486.472422,16091152.81207983,1006.0,3.665097291926096e-08,1045.0,BID
49,1712300491.004019,16091152.81207983,1006.0,0.0,1045.0,BID
50,1712300496.03258,16091180.35496842,1006.0,-7.624894829583184e-10,1045.0,ASK
51,1712300498.983561,16091259.83808968,1006.0,2.200388090665644e-09,1045.0,BID
52,1712300519.802614,16091767.43064213,1005.0,-1.4052047649877536e-08,1045.0,ASK
53,1712300520.702531,16091767.43064213,1005.0,-0.0,1045.0,ASK
54,1712300537.21282,16091777.37099998,1006.0,2.7518132912193657e-10,1045.0,BID
55,1712300539.1727858,16092157.91707009,1006.0,1.0534748842659262e-08,1045.0,BID
56,1712300539.1826549,16092563.55931831,1006.0,1.12294924073758e-08,1045.0,BID
57,1712300550.702737,16092563.55931831,1006.0,0.0,1045.0,BID
58,1712300552.79282,16093301.05822317,1006.0,2.0415907793441172e-08,1045.0,BID
59,1712300552.7944045,16093743.30857243,1007.0,1.2242651877354715e-08,1045.0,BID
60,1712300553.2764664,16094112.69201324,1006.0,-1.0225504361152074e-08,1045.0,ASK
61,1712300553.2781053,16094236.07610516,1006.0,-3.4155959110462282e-09,1045.0,ASK
62,1712300553.9127991,16094495.27958428,1006.0,7.175433474619879e-09,1045.0,BID
63,1712300557.8127496,16094640.95798847,1006.0,-4.032761062927285e-09,1045.0,ASK
64,1712300557.893019,16094985.19374701,1006.0,-9.529350429179117e-09,1045.0,ASK
65,1712300557.91266,16095102.00201372,1006.0,-3.2335597883048876e-09,1045.0,ASK
66,1712300560.9827936,16095311.44766211,1006.0,-5.7980059591543486e-09,1045.0,ASK
67,1712300561.0251698,16095520.51819198,1006.0,-5.787621692778217e-09,1045.0,ASK
68,1712300561.262771,16095663.23863801,1006.0,-3.950877007654973e-09,1045.0,ASK
69,1712300562.0029924,16096007.28004528,1006.0,-9.523970275310532e-09,1045.0,ASK
70,1712300565.8028414,16096240.5502242,1006.0,6.457531573812433e-09,1045.0,BID
71,1712300573.3729818,16096563.18243096,1006.0,8.931307342981374e-09,1045.0,BID
72,1712300580.9528203,16096563.18243096,1006.0,0.0,1045.0,BID
73,1712300585.0568044,16098452.6402261,1005.0,-5.229933119170684e-08,1045.0,ASK
74,1712300585.492733,16099447.66510172,1005.0,-2.7541835360348852e-08,1045.0,ASK
75,1712300585.502812,16103446.35108429,1005.0,-1.1068180674479556e-07,1045.0,ASK
76,1712300592.2229974,16103945.01890414,1005.0,-1.3802898128806881e-08,1045.0,ASK
77,1712300592.782997,16105611.61958092,1005.0,-4.6130747658663044e-08,1045.0,ASK
78,1712300592.7846832,16105870.04247175,1005.0,-7.153027916129221e-09,1045.0,ASK
79,1712300592.8028216,16105967.13848639,1005.0,-2.687573461594145e-09,1045.0,ASK
80,1712300592.8044424,16106112.66731638,1005.0,-4.0281717312040435e-09,1045.0,ASK
81,1712300592.8429697,16106372.15587818,1005.0,-7.182525203228231e-09,1045.0,ASK
82,1712300592.8446784,16106983.03120628,1005.0,-1.6908750850798253e-08,1045.0,ASK
83,1712300593.4245894,16107011.10108219,1005.0,-7.769613804286227e-10,1045.0,ASK
84,1712300593.4329972,16107808.2382173,1005.0,-2.206439283349783e-08,1045.0,ASK
85,1712300604.2128737,16108580.73246707,1005.0,-2.1382288991245483e-08,1045.0,ASK
86,1712300604.2528508,16109156.78137562,1005.0,-1.5944771419819007e-08,1045.0,ASK
87,1712300604.372944,16109417.85941869,1005.0,-7.226521320830588e-09,1045.0,ASK
88,1712300605.4129565,16109425.43155799,1005.0,-2.0959336700741367e-10,1045.0,ASK
89,1712300605.4150991,16109600.47238433,1005.0,-4.84505034848495e-09,1045.0,ASK
90,1712300605.41724,16110291.92266054,1005.0,-1.9139028715633854e-08,1045.0,ASK
91,1712300605.4328265,16110586.13153075,1005.0,-8.143567526207993e-09,1045.0,ASK
92,1712300605.43448,16110923.07665483,1005.0,-9.326487568521892e-09,1045.0,ASK
93,1712300605.45298,16111795.57444373,1005.0,-2.4150341406473728e-08,1045.0,ASK
94,1712300611.0158896,16111795.57444373,1005.0,-0.0,1045.0,ASK
95,1712300616.2579813,16122145.11264726,1005.0,-2.8634916782255016e-07,1045.0,ASK
96,1712300616.2639706,16123139.64025907,1005.0,-2.7516411690853305e-08,1045.0,ASK
97,1712300622.723024,16123239.14274663,1005.0,2.753016989592668e-09,1045.0,BID
98,1712300629.825283,16123737.15071475,1004.0,-1.3778795192195248e-08,1045.0,ASK
99,1712300629.832901,16124768.54115301,1004.0,-2.8536325765269306e-08,1045.0,ASK
100,1712300629.834353,16124968.14274663,1004.0,-5.522541112937938e-09,1045.0,ASK
101,1712300632.3134882,16125218.33108529,1005.0,6.922166106910021e-09,1045.0,BID
102,1712300640.7334158,16125218.33108529,1005.0,0.0,1045.0,BID
103,1712300642.1330333,16125317.83357285,1005.0,2.751989981388891e-09,1045.0,BID
104,1712300642.9130642,16125517.83357285,1005.0,5.531499862776098e-09,1045.0,BID
105,1712300644.0031655,16126213.16749792,1005.0,1.923119755554802e-08,1045.0,BID
106,1712300662.793146,16126262.49261749,1004.0,-1.3642094606615175e-09,1045.0,ASK
107,1712300665.3295677,16126272.49261749,1004.0,-2.7657499313880493e-10,1045.0,ASK
108,1712300665.337599,16126507.3092816,1004.0,-6.494441726534071e-09,1045.0,ASK
109,1712300669.566013,16127420.98057139,1004.0,-2.5269863070439376e-08,1045.0,ASK
110,1712300670.7131538,16127420.98057139,1004.0,-0.0,1045.0,ASK
111,1712300673.8952863,16127820.98057139,1004.0,-1.1062322811284005e-08,1045.0,ASK
112,1712300678.3330789,16128426.98057139,1004.0,-1.6759419059095265e-08,1045.0,ASK
113,1712300679.5330913,16128803.55256899,1004.0,-1.0414402497895724e-08,1045.0,ASK
114,1712300680.723221,16129024.64613601,1004.0,-6.114521024665165e-09,1045.0,ASK
115,1712300682.7936094,16129536.55630121,1005.0,1.415728874455058e-08,1045.0,BID
116,1712300682.7956977,16129721.16354895,1005.0,5.105462419507236e-09,1045.0,BID
117,1712300684.9932544,16129912.02712418,1004.0,-5.278486205259118e-09,1045.0,ASK
118,1712300697.2833126,16129926.42485157,1005.0,3.9818077036339004e-10,1045.0,BID
119,1712300697.2854614,16130025.42485157,1005.0,2.737924895792791e-09,1045.0,BID
120,1712300697.2875814,16130211.63851251,1005.0,5.149889072987768e-09,1045.0,BID
121,1712300698.313197,16130374.20182705,1004.0,-4.495819656741553e-09,1045.0,ASK
122,1712300698.3156962,16131946.38173946,1004.0,-4.347990427125778e-08,1045.0,ASK
123,1712300698.693282,16133243.91519524,1004.0,-3.588433486569195e-08,1045.0,ASK
124,1712300698.7532644,16134211.29754235,1004.0,-2.675373951418925e-08,1045.0,ASK
125,1712300698.9530742,16134518.29065286,1004.0,-8.490142223243152e-09,1045.0,ASK
126,1712300701.0075948,16134518.29065286,1004.0,-0.0,1045.0,ASK
127,1712300704.9732378,16138324.61891597,1004.0,-1.0561247854907957e-07,1045.0,ASK
128,1712300706.6233437,16138820.92480617,1004.0,-1.3770776338606716e-08,1045.0,ASK
129,1712300706.8432424,16138960.94298346,1004.0,-3.8850213968118275e-09,1045.0,ASK
130,1712300706.8448613,16139593.58507554,1004.0,-1.755363561957817e-08,1045.0,ASK
131,1712300706.8464525,16140299.17849397,1004.0,-1.957778326436091e-08,1045.0,ASK
132,1712300708.493192,16140335.68713208,1004.0,1.0129887631130875e-09,1045.0,BID
133,1712300725.0132654,16142440.83118914,1003.0,-5.84104854339342e-08,1045.0,ASK
134,1712300725.323244,16142743.87109058,1003.0,-8.408311863282679e-09,1045.0,ASK
135,1712300730.113191,16142946.75213479,1003.0,-5.629249094829914e-09,1045.0,ASK
136,1712300730.9943502,16142946.75213479,1003.0,-0.0,1045.0,ASK
137,1712300732.2035294,16143161.05576334,1003.0,-5.9447910220442955e-09,1045.0,ASK
138,1712300732.205862,16143373.69418283,1003.0,-5.898598057749438e-09,1045.0,ASK
139,1712300734.1168194,16143593.09431733,1003.0,-6.086168296088845e-09,1045.0,ASK
140,1712300734.6355948,16145958.17399085,1003.0,-6.560740247262727e-08,1045.0,ASK
141,1712300734.7532268,16146269.78566541,1003.0,-8.64412001715818e-09,1045.0,ASK
142,1712300734.9372523,16146518.9648396,1003.0,-6.912240019626476e-09,1045.0,ASK
143,1712300735.735983,16146830.57651416,1003.0,-8.64412001715818e-09,1045.0,ASK
144,1712300737.2232957,16147213.05568936,1003.0,-1.0609987251434692e-08,1045.0,ASK
145,1712300742.303503,16147357.51446668,1003.0,-4.007292122354747e-09,1045.0,ASK
146,1712300742.308445,16147527.12889846,1003.0,-4.70511095906821e-09,1045.0,ASK
147,1712300742.3862724,16147735.60538282,1003.0,-5.783145814763744e-09,1045.0,ASK
148,1712300750.2404475,16147941.2630037,1003.0,-5.704950431748702e-09,1045.0,ASK
149,1712300750.3732786,16148173.26246351,1003.0,-6.435674072059381e-09,1045.0,ASK
150,1712300750.4759667,16148623.35239206,1003.0,-1.2485512188837714e-08,1045.0,ASK
151,1712300750.4769962,16148723.05328936,1003.0,-2.765706783242472e-09,1045.0,ASK
152,1712300750.4780085,16149372.13088346,1003.0,-1.8005437799399575e-08,1045.0,ASK
153,1712300751.4335124,16150219.31450571,1003.0,-2.3500906753963832e-08,1045.0,ASK
154,1712300751.436228,16150534.9692683,1003.0,-8.756275436948481e-09,1045.0,ASK
155,1712300752.2853851,16150692.52340575,1003.0,-4.3705579235346884e-09,1045.0,ASK
156,1712300752.4435034,16150807.82876632,1003.0,-3.1985752035772e-09,1045.0,ASK
157,1712300759.5638108,16150964.45954471,1003.0,-4.344943907197082e-09,1045.0,ASK
158,1712300760.6734931,16150964.45954471,1003.0,-0.0,1045.0,ASK
159,1712300762.223656,16150969.44558658,1003.0,-1.382821483116469e-10,1045.0,ASK
160,1712300762.2261336,16158103.73475693,1003.0,-1.978613214410645e-07,1045.0,ASK
161,1712300762.2279668,16159827.94954471,1003.0,-4.7819118094642926e-08,1045.0,ASK
162,1712300762.2834356,16166912.99802008,1003.0,-1.964956872840715e-07,1045.0,ASK
163,1712300762.2933197,16173912.99802008,1003.0,-1.9413696543781864e-07,1045.0,ASK
164,1712300762.3133264,16173922.96810981,1003.0,-2.765089950429652e-10,1045.0,ASK
165,1712300762.3257756,16174028.01646474,1003.0,-2.91339555003025e-09,1045.0,ASK
166,1712300762.328483,16175776.48802008,1003.0,-4.849185170112713e-08,1045.0,ASK
167,1712300762.4045136,16175813.07504643,1002.0,-1.0146991814316243e-09,1045.0,ASK
168,1712300774.2839954,16176975.91343128,1003.0,3.224998790419767e-08,1045.0,BID
169,1712300774.2863626,16177010.71034362,1004.0,9.650524240543175e-10,1045.0,BID
170,1712300775.873638,16177969.14819289,1002.0,-2.6581173659723162e-08,1045.0,ASK
171,1712300775.8752742,16178083.91964997,1002.0,-3.1830546280498318e-09,1045.0,ASK
172,1712300775.8817594,16180825.70446013,1002.0,-7.604025470397757e-08,1045.0,ASK
173,1712300776.5933497,16180830.70446013,1002.0,-1.386692610270133e-10,1045.0,ASK
174,1712300776.6033745,16181722.19586373,1002.0,-2.4724490829834963e-08,1045.0,ASK
175,1712300776.6053388,16184640.43645329,1002.0,-8.093405321069028e-08,1045.0,ASK
176,1712300776.7151458,16184885.0434824,1002.0,-6.7838951937447264e-09,1045.0,ASK
177,1712300777.4610443,16187102.05775986,1002.0,-6.14863463083447e-08,1045.0,ASK
178,1712300777.4704132,16188699.80255872,1002.0,-4.431161811352244e-08,1045.0,ASK
179,1712300779.003531,16188708.24334054,1002.0,-2.3409539550961213e-10,1045.0,ASK
180,1712300779.0059316,16192098.02573616,1002.0,-9.401172396859805e-08,1045.0,ASK
181,1712300780.0043576,16192297.62653456,1002.0,-5.53569904290927e-09,1045.0,ASK
182,1712300780.0136566,16192462.55439146,1002.0,-4.574084807812794e-09,1045.0,ASK
183,1712300783.463561,16193460.55838347,1002.0,-2.7678495214804644e-08,1045.0,ASK
184,1712300783.465546,16193680.11926171,1002.0,-6.0892689471846996e-09,1045.0,ASK
185,1712300783.467886,16196212.55439146,1002.0,-7.023418160827065e-08,1045.0,ASK
186,1712300783.5635748,16196265.60116834,1002.0,-1.47119146995121e-09,1045.0,ASK
187,1712300783.590001,16197489.26483339,1002.0,-3.393690723563581e-08,1045.0,ASK
188,1712300783.7236266,16197862.3103517,1002.0,-1.0345989270666252e-08,1045.0,ASK
189,1712300783.7261662,16198533.45823277,1002.0,-1.861351614156876e-08,1045.0,ASK
190,1712300783.803373,16202004.72992277,1002.0,-9.627173601525412e-08,1045.0,ASK
191,1712300783.943334,16203482.81902889,1002.0,-4.09931048155525e-08,1045.0,ASK
192,1712300784.2463353,16204094.22285417,1002.0,-1.6956583328114637e-08,1045.0,ASK
193,1712300784.4633186,16207844.22285417,1002.0,-1.0400194577025996e-07,1045.0,ASK
194,1712300784.523523,16208140.45263461,1002.0,-8.215592949593736e-09,1045.0,ASK
195,1712300790.653416,16208140.45263461,1002.0,-0.0,1045.0,ASK
196,1712300793.2216084,16208609.98310414,1001.0,-1.3001221850009096e-08,1045.0,ASK
197,1712300793.2230265,16209806.343244,1001.0,-3.3127016456285705e-08,1045.0,ASK
198,1712300793.2243843,16247244.87414182,1001.0,-1.03666679274065e-06,1045.0,ASK
199,1712300793.22576,16264539.81881652,1001.0,-4.788941872607657e-07,1045.0,ASK
200,1712300793.227144,16288869.54986416,1001.0,-6.736862704959283e-07,1045.0,ASK
201,1712300793.2285209,16289269.15026376,1001.0,1.1064869659607449e-08,1045.0,BID
202,1712300796.0333152,16291061.35805596,1001.0,4.962594042313492e-08,1045.0,BID
203,1712300796.673781,16293587.85671998,1001.0,6.995833447741534e-08,1045.0,BID
204,1712300796.813807,16293686.85671998,1001.0,2.741293795993992e-09,1045.0,BID
205,1712300796.8159275,16295380.06451218,1001.0,4.688464662714092e-08,1045.0,BID
206,1712300800.8634603,16299375.27088383,1000.0,-1.106266105082837e-07,1045.0,ASK
207,1712300800.8734932,16300373.77537037,1000.0,-2.7648425800254345e-08,1045.0,ASK
208,1712300801.5135431,16301396.22891682,1001.0,2.83115713492342e-08,1045.0,BID
209,1712300802.296043,16303352.35762469,1001.0,5.416488374794925e-08,1045.0,BID
210,1712300802.413386,16304374.81117114,1001.0,2.8311571349285763e-08,1045.0,BID
211,1712300810.005677,16305572.44646833,1000.0,-3.3162325354055144e-08,1045.0,ASK
212,1712300814.8234534,16307372.44646833,1000.0,-4.984170538170895e-08,1045.0,ASK
213,1712300816.5557451,16308566.49636852,1002.0,3.3063046297934003e-08,1045.0,BID
214,1712300817.8538456,16310966.17897697,1000.0,-6.644681865553742e-08,1045.0,ASK
215,1712300820.9977686,16310966.17897697,1000.0,-0.0,1045.0,ASK
216,1712300823.6613443,16311372.12907678,1002.0,1.1208748901260424e-08,1045.0,BID
217,1712300823.6626024,16311412.2867614,1002.0,1.108799834155936e-09,1045.0,BID
218,1712300828.0537658,16311917.23686121,1001.0,-1.3942252703184676e-08,1045.0,ASK
219,1712300829.5735323,16311924.23686121,1000.0,-1.9327804660070448e-10,1045.0,ASK
220,1712300829.5749907,16312494.23686121,1000.0,-1.5738355223200225e-08,1045.0,ASK
221,1712300829.5761905,16314600.50033242,1000.0,-5.8156355620280095e-08,1045.0,ASK
222,1712300831.2697663,16314773.33806525,1001.0,-4.772248482873322e-09,1045.0,ASK
223,1712300840.71358,16314984.31818513,1001.0,5.825403634577813e-09,1045.0,BID
224,1712300842.1838186,16317366.71906869,1001.0,6.578082699915754e-08,1045.0,BID
225,1712300842.186036,16328312.64032631,1001.0,3.022294684168645e-07,1045.0,BID
226,1712300843.3236885,16329312.64032631,1001.0,2.7611149514386363e-08,1045.0,BID
227,1712300844.373716,16330522.21155596,1001.0,3.3397652070158244e-08,1045.0,BID
228,1712300844.473609,16331011.1686845,1001.0,-1.3500668382234177e-08,1045.0,ASK
229,1712300845.4948075,16331310.8689842,1001.0,-8.27506978454304e-09,1045.0,ASK
230,1712300851.0037706,16331310.8689842,1001.0,-0.0,1045.0,ASK
231,1712300851.1036646,16331410.8689842,1000.0,-2.7595634138219926e-09,1045.0,ASK
232,1712300851.1064816,16331489.2024842,1000.0,-2.1616626067584376e-09,1045.0,ASK
233,1712300851.109267,16334941.87479593,1000.0,-9.527868191368193e-08,1045.0,ASK
234,1712300852.6838608,16335061.81479593,1000.0,-3.3098203585237043e-09,1045.0,ASK
235,1712300852.6867986,16336091.81479593,1000.0,-2.8423503162366522e-08,1045.0,ASK
236,1712300852.6943383,16341804.57830249,1000.0,-1.5764733164519457e-07,1045.0,ASK
237,1712300860.5935094,16342699.37820593,1000.0,-2.4692570762278443e-08,1045.0,ASK
238,1712300860.6035814,16343594.17810937,1000.0,-2.469257076222704e-08,1045.0,ASK
239,1712300861.093719,16347135.70788157,1000.0,-9.773075988323601e-08,1045.0,ASK
240,1712300861.1036215,16347235.70788157,1000.0,-2.7595634138219926e-09,1045.0,ASK
241,1712300861.105868,16348575.25477985,1000.0,-3.696564611590394e-08,1045.0,ASK
242,1712300862.6437025,16348823.89078647,1000.0,-6.8612682723189125e-09,1045.0,ASK
243,1712300865.860439,16348943.56828647,1000.0,-3.302576504531582e-09,1045.0,ASK
244,1712300869.253698,16351187.57428047,1001.0,6.192476841443526e-08,1045.0,BID
245,1712300869.2573793,16354937.57428047,1001.0,1.0348362801832473e-07,1045.0,BID
246,1712300869.5149589,16355207.17509041,1000.0,-7.439805314450085e-09,1045.0,ASK
247,1712300869.6938603,16356713.16909641,1001.0,4.155885960394085e-08,1045.0,BID
248,1712300869.6967318,16360202.18008541,1001.0,9.628147075664965e-08,1045.0,BID
249,1712300871.0837054,16360252.13013536,1001.0,1.3784033036007647e-09,1045.0,BID
250,1712300873.3235989,16361082.43013536,1001.0,-2.2912655024984564e-08,1045.0,ASK
251,1712300873.363628,16361350.70148904,1001.0,-7.403118125935953e-09,1045.0,ASK
252,1712300873.4547613,16361643.39787772,1001.0,-8.077142455553558e-09,1045.0,ASK
253,1712300873.463632,16361903.42924664,1001.0,-7.175730521192804e-09,1045.0,ASK
254,1712300873.483725,16362026.17318376,1001.0,-3.3871967814438204e-09,1045.0,ASK
255,1712300873.493761,16362141.2932212,1000.0,-3.1768104351782312e-09,1045.0,ASK
256,1712300874.2937517,16362731.45533083,1000.0,-1.6285897659594553e-08,1045.0,ASK
257,1712300874.8535724,16362961.52056396,1000.0,-6.3487960013799745e-09,1045.0,ASK
258,1712300875.4536247,16363128.50744842,1000.0,-4.6081089694353106e-09,1045.0,ASK
259,1712300875.4560077,16363215.69885338,1000.0,-2.406102111251096e-09,1045.0,ASK
260,1712300880.643824,16363215.69885338,1000.0,-0.0,1045.0,ASK
261,1712300884.8337607,16363548.71196892,1000.0,-9.181621041756464e-09,1045.0,ASK
262,1712300884.8368907,16364379.60405492,1000.0,-2.2908816212486458e-08,1045.0,ASK
263,1712300892.283786,16364630.00045367,1001.0,-6.903766657378259e-09,1045.0,ASK
264,1712300893.0037594,16364823.24176529,1001.0,-5.327923766718329e-09,1045.0,ASK
265,1712300893.1037052,16365016.03320783,1001.0,-5.315520268985466e-09,1045.0,ASK
266,1712300893.1237538,16365160.04853732,1001.0,-3.9706970022228144e-09,1045.0,ASK
267,1712300893.1273315,16365340.8245299,1001.0,-4.984238097116678e-09,1045.0,ASK
268,1712300893.195603,16365532.88793027,1001.0,-5.295447163807204e-09,1045.0,ASK
269,1712300894.5438237,16367700.51003549,1001.0,-5.976426694061577e-08,1045.0,ASK
270,1712300894.553703,16367800.41013539,1001.0,-2.754380582951372e-09,1045.0,ASK
271,1712300897.4639063,16367805.91013539,1000.0,-1.5164242299511652e-10,1045.0,ASK
272,1712300897.467368,16367976.47132275,1000.0,-4.7026021309564574e-09,1045.0,ASK
273,1712300897.4702818,16380800.41013539,1000.0,-3.5357330070723293e-07,1045.0,ASK
274,1712300898.3317716,16381029.4512751,1000.0,-6.314973343820048e-09,1045.0,ASK
275,1712300898.3332782,16381256.20977268,1000.0,-6.252037819617782e-09,1045.0,ASK
276,1712300898.3347402,16381266.20477268,1000.0,-2.7557563958398343e-10,1045.0,ASK
277,1712300899.643717,16381383.11086033,1000.0,-3.2232586171133394e-09,1045.0,ASK
278,1712300900.8136694,16381703.61289811,1000.0,-8.83667374252474e-09,1045.0,ASK
279,1712300901.2937157,16383006.68718349,1000.0,-3.592751672322461e-08,1045.0,ASK
280,1712300902.6642427,16384408.33374934,1000.0,-3.864528753243693e-08,1045.0,ASK
281,1712300903.0237072,16386006.73534774,1001.0,4.407008932737601e-08,1045.0,BID
282,1712300903.82399,16386123.61703929,1000.0,-3.222585983682572e-09,1045.0,ASK
283,1712300908.2836976,16386223.61703929,1001.0,2.757134963547573e-09,1045.0,BID
284,1712300910.693726,16386223.61703929,1001.0,0.0,1045.0,BID
285,1712300912.0938902,16386874.17797835,1001.0,1.792546939072724e-08,1045.0,BID
286,1712300914.2247698,16387471.88556741,1000.0,-1.6469155230521525e-08,1045.0,ASK
287,1712300920.6739025,16388676.72720087,1001.0,3.319804575485548e-08,1045.0,BID
288,1712300923.7458963,16389328.96333791,1001.0,1.7971627572537452e-08,1045.0,BID
289,1712300923.7491312,16392672.73119687,1001.0,9.213373383904313e-08,1045.0,BID
290,1712300926.693878,16393322.6420057,1001.0,1.7907555789062152e-08,1045.0,BID
291,1712300927.6039896,16394239.16525085,1000.0,-2.5253759318159533e-08,1045.0,ASK
292,1712300927.6066155,16395584.63488908,1000.0,-3.707289105159836e-08,1045.0,ASK
293,1712300927.623875,16395797.5558423,1000.0,-5.866795561274111e-09,1045.0,ASK
294,1712300931.0938485,16395812.0490923,1000.0,-3.993450784346919e-10,1045.0,ASK
295,1712300931.0965762,16398757.71447285,1000.0,-8.116447121869293e-08,1045.0,ASK
296,1712300931.0987468,16400049.49663838,1000.0,-3.5593593585745346e-08,1045.0,ASK
297,1712300931.17409,16403230.29077544,1000.0,-8.764317763132823e-08,1045.0,ASK
298,1712300932.9237862,16404013.63655263,1000.0,-2.1584205119417616e-08,1045.0,ASK
299,1712300932.9255257,16404452.45597019,1000.0,-1.209117173388304e-08,1045.0,ASK
300,1712300933.2638152,16408038.9926886,1000.0,-9.882295462960129e-08,1045.0,ASK
301,1712300935.4539242,16409045.31402081,1001.0,2.7728043838334563e-08,1045.0,BID
302,1712300935.4572775,16410645.31402081,1001.0,4.4086186709244326e-08,1045.0,BID
303,1712300935.6140473,16410774.01402081,1001.0,-3.546182643404311e-09,1045.0,ASK
304,1712300935.6941268,16413032.66568227,1001.0,-6.22345867864013e-08,1045.0,ASK
305,1712300935.6974094,16413839.00068227,1000.0,-2.2217647100148723e-08,1045.0,ASK
306,1712300935.700662,16515945.71852234,1000.0,-2.813434891853406e-06,1045.0,ASK
307,1712300935.7034938,16520919.86934139,1000.0,-1.3705708858036586e-07,1045.0,ASK
308,1712300936.9848533,16525387.89122034,1000.0,-1.2311127923524466e-07,1045.0,ASK
309,1712300936.9874215,16531203.58692419,1000.0,-1.602449041525286e-07,1045.0,ASK
310,1712300936.9890134,16532419.46934139,1000.0,-3.350226203823273e-08,1045.0,ASK
311,1712300938.1638088,16533925.50058301,1000.0,-4.149698406750786e-08,1045.0,ASK
312,1712300938.4837875,16534675.76909477,1001.0,-2.0672798557225893e-08,1045.0,ASK
313,1712300938.503724,16534855.34835066,1001.0,-4.948102877673853e-09,1045.0,ASK
314,1712300938.5241508,16536064.34893334,1001.0,-3.3312640887211386e-08,1045.0,ASK
315,1712300938.5293648,16536925.50058301,1001.0,-2.3728057757721973e-08,1045.0,ASK
316,1712300938.534607,16537376.94573324,1000.0,-1.2439059488766348e-08,1045.0,ASK
317,1712300938.5361266,16537749.08958938,1000.0,-1.025400220279984e-08,1045.0,ASK
318,1712300938.6037183,16538712.17690985,1000.0,-2.653677964224898e-08,1045.0,ASK
319,1712300938.6637664,16539603.77363754,1000.0,-2.4566937378925388e-08,1045.0,ASK
320,1712300938.665516,16539819.63866735,1000.0,-5.947916255125061e-09,1045.0,ASK
321,1712300938.7239828,16540513.82237707,1000.0,-1.9127445398273988e-08,1045.0,ASK
322,1712300938.7639017,16540913.62247702,1000.0,-1.1016038657937896e-08,1045.0,ASK
323,1712300938.7673142,16541206.7153593,1000.0,-8.075842207123873e-09,1045.0,ASK
324,1712300939.4239774,16543082.3373593,1000.0,-5.168063855496536e-08,1045.0,ASK
325,1712300939.4282212,16553187.4373593,1000.0,-2.7843457832223025e-07,1045.0,ASK
326,1712300939.4360857,16568113.88700623,1000.0,-4.1128140377546265e-07,1045.0,ASK
327,1712300940.9638512,16568113.88700623,1000.0,-0.0,1045.0,ASK
328,1712300941.1964934,16569759.30267647,1000.0,4.51114573047432e-08,1045.0,BID
329,1712300941.4738872,16570349.91926535,999.9,-1.619261048421169e-08,1045.0,ASK
330,1712300941.493979,16571343.4654493,999.9,-2.723950978966073e-08,1045.0,ASK
331,1712300941.6015656,16571809.44372255,999.9,-1.2775470271057129e-08,1045.0,ASK
332,1712300941.603532,16571815.80613627,999.9,-1.7443480091055834e-10,1045.0,ASK
333,1712300941.7227502,16572432.67945941,999.9,-1.6912476939801282e-08,1045.0,ASK
334,1712300941.7298672,16573116.27788416,999.9,-1.874184238637144e-08,1045.0,ASK
335,1712300941.7810495,16573373.88193962,999.9,-7.062588839787207e-09,1045.0,ASK
336,1712300941.7830582,16573478.73596595,999.9,-2.874725224513889e-09,1045.0,ASK
337,1712300941.868821,16577627.64057635,1000.0,1.1374823795518625e-07,1045.0,BID
338,1712300941.913941,16577968.07004582,1000.0,9.333367704614078e-09,1045.0,BID
339,1712300941.9265027,16580293.08352163,1000.0,6.374361691341295e-08,1045.0,BID
340,1712300941.9738965,16585109.44448039,1000.0,1.320475219029561e-07,1045.0,BID
341,1712300941.9781988,16585382.80496204,1000.0,7.494574118793157e-09,1045.0,BID
342,1712300943.7840648,16585432.80996254,999.9,-1.3709596218643701e-09,1045.0,ASK
343,1712300943.7858503,16585432.96743736,999.9,-4.317400598603726e-12,1045.0,ASK
344,1712300943.7874544,16585452.96743736,999.9,-5.48329010361329e-10,1045.0,ASK
345,1712300943.78906,16586178.15675001,999.9,-1.9882116906496347e-08,1045.0,ASK
346,1712300947.4938664,16586483.89575,1000.0,-8.382278164638351e-09,1045.0,ASK
347,1712300948.443779,16586627.93039519,1000.0,-3.948918722751571e-09,1045.0,ASK
348,1712300948.4455824,16586771.75911958,1000.0,-3.943273105312195e-09,1045.0,ASK
349,1712300949.1036987,16586926.14890051,1000.0,-4.232819789394671e-09,1045.0,ASK
350,1712300949.6038804,16587049.77737776,1000.0,-3.389454029129186e-09,1045.0,ASK
351,1712300951.593899,16587178.00393306,1000.0,-3.5155170085085913e-09,1045.0,ASK
352,1712300962.2938845,16587477.19922877,1000.0,-8.202873020023604e-09,1045.0,ASK
353,1712300962.4140463,16587733.14922017,1000.0,7.017240274352861e-09,1045.0,BID
354,1712300963.18904,16588049.42821246,999.9,-8.671247342013856e-09,1045.0,ASK
355,1712300963.2040477,16588365.94991506,999.9,-8.677901597244673e-09,1045.0,ASK
356,1712300963.2638698,16588680.89253927,999.9,-8.634608872668346e-09,1045.0,ASK
357,1712300964.8039353,16588975.3194193,999.9,-8.072139987530124e-09,1045.0,ASK
358,1712300964.8238254,16590462.06032895,1000.0,4.0761158582578535e-08,1045.0,BID
359,1712300964.8438258,16591244.55554456,1000.0,2.145324135943731e-08,1045.0,BID
360,1712300965.566871,16591563.09907924,999.9,-8.733333056386063e-09,1045.0,ASK
361,1712300966.4338157,16592324.80926568,1000.0,2.088338963565307e-08,1045.0,BID
362,1712300966.4537776,16593777.31600965,1000.0,3.9822579273194754e-08,1045.0,BID
363,1712300966.5344834,16595689.80614719,1000.0,5.2433691222150136e-08,1045.0,BID
364,1712300966.5739117,16596360.69645435,1000.0,1.8393430909305128e-08,1045.0,BID
365,1712300966.913998,16597097.97276919,1000.0,2.0213499603945583e-08,1045.0,BID
366,1712300966.9738882,16598895.0837866,1000.0,4.9270405284285424e-08,1045.0,BID
367,1712300966.993874,16599309.80171369,1000.0,1.1370093527040657e-08,1045.0,BID
368,1712300969.3439136,16604130.16680867,999.9,-1.3215730110554e-07,1045.0,ASK
369,1712300969.3461854,16604224.43177178,999.9,-2.5844106966665246e-09,1045.0,ASK
370,1712300969.3501587,16604243.75914811,999.9,-5.29888056802933e-10,1045.0,ASK
371,1712300971.0038383,16604243.75914811,999.9,-0.0,1045.0,ASK
372,1712300971.049781,16604516.01158969,999.9,-7.456809454192782e-09,1045.0,ASK
373,1712300973.4539106,16605710.06148988,999.9,-3.2704215737665984e-08,1045.0,ASK
374,1712300976.0439286,16606151.31986756,999.9,-1.2085767250941634e-08,1045.0,ASK
375,1712300976.0537698,16606315.27068212,999.9,-4.4905014513052374e-09,1045.0,ASK
376,1712300976.474064,16606656.82041761,999.9,-9.354815265952825e-09,1045.0,ASK
377,1712300976.478656,16606806.82041761,999.9,-4.108398116247557e-09,1045.0,ASK
378,1712300976.483078,16607324.23938344,999.9,-1.4171754030165509e-08,1045.0,ASK
379,1712300978.417544,16609978.80338344,1001.0,7.270670491370508e-08,1045.0,BID
380,1712300978.4239235,16610693.90198717,1001.0,1.9586065043331908e-08,1045.0,BID
381,1712300979.4037445,16611010.7245671,999.9,-8.677555270449871e-09,1045.0,ASK
382,1712300981.993976,16611112.91194417,999.9,-2.7988428497010395e-09,1045.0,ASK
383,1712300981.9979515,16611186.4502232,999.9,-2.014163513605857e-09,1045.0,ASK
384,1712300982.216751,16611361.17105355,999.9,-4.785484868507162e-09,1045.0,ASK
385,1712300984.9639728,16612660.21353231,999.9,-3.55798911511069e-08,1045.0,ASK
386,1712300992.8538988,16612860.21353231,1000.0,-5.4778641549967425e-09,1045.0,ASK
387,1712300992.8569655,16613761.70513731,999.9,-2.4691242745315534e-08,1045.0,ASK
388,1712300993.1740048,16614420.55993401,999.9,-1.80455853709579e-08,1045.0,ASK
389,1712300993.17794,16614427.52781027,999.9,-1.9084539798465023e-10,1045.0,ASK
390,1712300993.1941102,16614468.24322046,999.9,-1.1151674301708191e-09,1045.0,ASK
391,1712300993.1980314,16615510.52066875,999.9,-2.854727136777257e-08,1045.0,ASK
392,1712300995.0641315,16615755.85923597,999.9,-6.719656716054571e-09,1045.0,ASK
393,1712300995.3446329,16615765.98718776,999.9,-2.7739772036022136e-10,1045.0,ASK
394,1712300995.3520875,16616432.55067544,999.9,-1.8256721180976652e-08,1045.0,ASK
395,1712300995.4279563,16616612.55067544,999.9,4.930077739497068e-09,1045.0,BID
396,1712300996.4540422,16616639.84123647,1001.0,7.474699301713814e-10,1045.0,BID
397,1712300996.6141453,16617561.74123647,1000.0,-2.5250214822467688e-08,1045.0,ASK
398,1712300999.5641072,16617831.51880465,1000.0,-7.389024352780182e-09,1045.0,ASK
399,1712301000.7838871,16617831.51880465,1000.0,-0.0,1045.0,ASK
400,1712301002.1741252,16618192.69443977,999.8,-9.94031325972716e-09,1045.0,ASK
401,1712301002.1768205,16618203.39553999,999.8,-2.9451678922275846e-10,1045.0,ASK
402,1712301002.1792471,16622826.52379965,999.8,-1.2723821507413836e-07,1045.0,ASK
403,1712301004.544099,16623681.30863616,999.8,-2.3525476854924915e-08,1045.0,ASK
404,1712301004.7240872,16624320.16140171,999.8,-1.7582572020096772e-08,1045.0,ASK
405,1712301004.784131,16624360.16140171,999.9,-1.1008841453468761e-09,1045.0,ASK
406,1712301004.7881968,16624958.26386169,999.8,-1.6461037887128472e-08,1045.0,ASK
407,1712301010.0856516,16625839.75578644,999.9,-2.4260512105205805e-08,1045.0,ASK
408,1712301010.3640745,16626880.2828343,999.9,-2.8637493244879235e-08,1045.0,ASK
409,1712301012.1940618,16627657.04283495,999.9,-2.1378069236375946e-08,1045.0,ASK
410,1712301012.3945692,16628758.53443995,999.9,-3.0315366104394026e-08,1045.0,ASK
411,1712301012.834114,16629738.06991493,999.9,-2.6958876855264483e-08,1045.0,ASK
412,1712301012.9540856,16629793.06991493,1000.0,1.513715699851954e-09,1045.0,BID
413,1712301017.1340983,16629880.74266136,999.9,-2.41293841312489e-09,1045.0,ASK
414,1712301017.1383386,16630101.43665812,999.9,-6.073963050134069e-09,1045.0,ASK
415,1712301020.6041338,16630517.9068796,999.9,-1.146213659592061e-08,1045.0,ASK
416,1712301021.2090642,16631013.76391169,999.9,-1.3647028624677664e-08,1045.0,ASK
417,1712301021.2167988,16631029.9068796,999.9,-4.4428843576234943e-10,1045.0,ASK
418,1712301021.3525383,16632001.31380808,999.9,-2.6735162156084425e-08,1045.0,ASK
419,1712301021.4484,16633313.15305816,999.9,-3.61045757914281e-08,1045.0,ASK
420,1712301021.5741732,16634625.19258347,999.9,-3.611008778704389e-08,1045.0,ASK
421,1712301021.694162,16636559.05607326,999.9,-5.3223991379371705e-08,1045.0,ASK
422,1712301021.723596,16638487.41969773,999.9,-5.3072623516075e-08,1045.0,ASK
423,1712301021.7742486,16640091.83194018,999.9,-4.4156800007835874e-08,1045.0,ASK
424,1712301021.914117,16640725.02315426,999.9,-1.7426754213865058e-08,1045.0,ASK
425,1712301023.6542249,16640755.02915546,999.8,-8.25828274621722e-10,1045.0,ASK
426,1712301023.6644387,16642143.93592224,999.8,-3.822563597287092e-08,1045.0,ASK
427,1712301023.6691697,16642643.77302109,999.8,-1.375656843450188e-08,1045.0,ASK
428,1712301023.6733055,16642933.51387853,999.9,-7.974277905348297e-09,1045.0,ASK
429,1712301023.677389,16642988.53138378,999.7,-1.5141974811805643e-09,1045.0,ASK
430,1712301023.6800773,16648735.74882726,999.8,-1.581755140846821e-07,1045.0,ASK
431,1712301023.6825123,16659010.66803078,999.7,-2.827873911468781e-07,1045.0,ASK
432,1712301023.6849797,16659510.66803078,999.8,-1.3761051816835953e-08,1045.0,ASK
433,1712301023.6876066,16660131.30773092,999.7,-1.708131014644626e-08,1045.0,ASK
434,1712301025.5240552,16662497.30016978,999.7,6.51170890987956e-08,1045.0,BID
435,1712301027.874028,16662697.70016978,999.6,-5.515429568146838e-09,1045.0,ASK
436,1712301029.7057977,16662997.79019678,999.7,8.25910882254618e-09,1045.0,BID
437,1712301030.3851454,16666885.58234892,999.7,1.0700021851738137e-07,1045.0,BID
438,1712301030.3894258,16668392.58594706,999.7,4.1475909204289465e-08,1045.0,BID
439,1712301030.4050174,16675392.58594706,999.7,1.926547254357033e-07,1045.0,BID
440,1712301030.4843028,16676521.03107806,999.7,3.105718384029808e-08,1045.0,BID
441,1712301030.547693,16677292.33844402,999.7,2.12280012594034e-08,1045.0,BID
442,1712301030.6658134,16677292.33844402,999.7,0.0,1045.0,BID
443,1712301032.554112,16677766.85497382,999.7,1.3038360707081778e-08,1045.0,BID
444,1712301032.6541803,16678324.5433735,999.7,1.5323686448382282e-08,1045.0,BID
445,1712301033.354329,16679853.27887928,999.7,4.200529106651958e-08,1045.0,BID
446,1712301033.394122,16684993.96163928,999.7,1.41251298735622e-07,1045.0,BID
447,1712301033.4341006,16688051.43265084,999.7,8.401058213314155e-08,1045.0,BID
448,1712301033.4393473,16690554.42741973,999.7,6.877515659692474e-08,1045.0,BID
449,1712301033.5232923,16693949.67764957,1000.0,9.329179155522389e-08,1045.0,BID
450,1712301033.5272143,16696699.01853973,1000.0,7.5544045320939e-08,1045.0,BID
451,1712301033.5739353,16697303.76830989,1000.0,1.661679866917327e-08,1045.0,BID
452,1712301034.1340582,16697753.67695699,1000.0,-1.2362206283169412e-08,1045.0,ASK
453,1712301034.8465834,16698945.35452517,1000.0,-3.2743900380137613e-08,1045.0,ASK
454,1712301038.8541474,16704499.58773114,1000.0,-1.5261448536143444e-07,1045.0,ASK
455,1712301042.8541546,16704979.91773113,1000.0,-1.3198098285367316e-08,1045.0,ASK
456,1712301046.364117,16706169.21443442,1001.0,3.267848100428709e-08,1045.0,BID
457,1712301046.7840414,16707367.4375007,1001.0,3.292375199728808e-08,1045.0,BID
458,1712301046.9240642,16708443.34208257,1001.0,2.95627889522984e-08,1045.0,BID
459,1712301047.526616,16708750.68010416,1001.0,-8.444772168863935e-09,1045.0,ASK
460,1712301049.724187,16709169.22689456,1001.0,-1.1500471918915664e-08,1045.0,ASK
461,1712301057.5940528,16709567.52694451,1001.0,-1.0944149244113588e-08,1045.0,ASK
462,1712301059.404449,16709886.58041375,1001.0,-8.766679252559968e-09,1045.0,ASK
463,1712301060.1663833,16710159.08288506,1002.0,7.48759061361455e-09,1045.0,BID
464,1712301060.6087756,16710169.08288506,1002.0,2.7477147556099283e-10,1045.0,BID
465,1712301061.0042212,16710169.08288506,1002.0,0.0,1045.0,BID
466,1712301064.8141272,16710586.15363494,1001.0,-1.1449570991230012e-08,1045.0,ASK
467,1712301065.045274,16710951.56134812,1001.0,-1.0031299375506557e-08,1045.0,ASK
468,1712301073.054361,16711244.80976298,1001.0,-8.050357271499284e-09,1045.0,ASK
469,1712301084.029464,16711362.06889703,1001.0,-3.219038448631162e-09,1045.0,ASK
470,1712301085.1741283,16711462.06889703,1001.0,-2.7452347100713598e-09,1045.0,ASK
471,1712301085.1842165,16712189.27765074,1001.0,-1.9963587121541085e-08,1045.0,ASK
472,1712301085.1891234,16715591.04916605,1001.0,-9.338661239560538e-08,1045.0,ASK
473,1712301087.0276096,16715738.65977757,1001.0,-4.052257743215058e-09,1045.0,ASK
474,1712301087.144289,16715744.01977757,1002.0,1.47144580443462e-10,1045.0,BID
475,1712301087.2842844,16715938.26057597,1002.0,-5.332365818816162e-09,1045.0,ASK
476,1712301091.0141752,16715938.26057597,1002.0,-0.0,1045.0,ASK
477,1712301096.724302,16716138.06077577,1001.0,-5.4841149768233885e-09,1045.0,ASK
478,1712301096.729798,16721803.74157201,1001.0,-1.555115807680793e-07,1045.0,ASK
479,1712301096.7641623,16722939.26213959,1001.0,3.1167763382716953e-08,1045.0,BID
480,1712301099.234255,16723039.26213959,1003.0,2.744799545913296e-09,1045.0,BID
481,1712301110.6658096,16723171.04007557,1001.0,-3.6170401883898755e-09,1045.0,ASK
482,1712301113.3143022,16723422.48054636,1002.0,-6.901536900499638e-09,1045.0,ASK
483,1712301113.3341918,16723673.07792065,1002.0,-6.8783955915376925e-09,1045.0,ASK
484,1712301114.7541556,16723798.52911381,1002.0,-3.443383780234415e-09,1045.0,ASK
485,1712301116.069875,16724169.04406758,1002.0,-1.0169892768612776e-08,1045.0,ASK
486,1712301120.6460185,16724169.04406758,1002.0,-0.0,1045.0,ASK
487,1712301123.7543764,16724286.52557835,1002.0,-3.223902800474802e-09,1045.0,ASK
488,1712301123.9942513,16724473.32645565,1002.0,-5.126150213058674e-09,1045.0,ASK
489,1712301124.0942297,16724675.95799858,1002.0,-5.560571994967496e-09,1045.0,ASK
490,1712301126.6442337,16725025.03518534,1002.0,-9.579302416269766e-09,1045.0,ASK
491,1712301128.3944864,16726023.03917735,1002.0,-2.7387014719587705e-08,1045.0,ASK
492,1712301128.476086,16726273.63655164,1001.0,-6.876840206375011e-09,1045.0,ASK
493,1712301128.494382,16727890.96674193,1001.0,-4.438243341962469e-08,1045.0,ASK
494,1712301128.514382,16728140.85142279,1001.0,-6.857282623812749e-09,1045.0,ASK
495,1712301129.71427,16728650.32013246,1001.0,-1.3980732705088541e-08,1045.0,ASK
496,1712301129.7785866,16729096.62450708,1001.0,-1.22473903661717e-08,1045.0,ASK
497,1712301132.674411,16729296.62450708,1002.0,-5.488357749838702e-09,1045.0,ASK
498,1712301133.8943756,16729444.97162977,1001.0,-4.0709104024016876e-09,1045.0,ASK
499,1712301133.9742618,16730057.54987907,1001.0,-1.6810242909638622e-08,1045.0,ASK
500,1712301134.2542615,16730591.18786783,1001.0,-1.46439809560746e-08,1045.0,ASK
501,1712301134.374433,16730924.10921383,1001.0,-9.135957247065575e-09,1045.0,ASK
502,1712301134.3791203,16731017.85877624,1001.0,-2.572655686950939e-09,1045.0,ASK
503,1712301134.4542704,16731356.83083809,1001.0,-9.301999713169841e-09,1045.0,ASK
504,1712301137.4442756,16732137.3800401,1001.0,-2.1419666309910967e-08,1045.0,ASK
505,1712301137.45426,16733141.57037735,1001.0,-2.7556779098796145e-08,1045.0,ASK
506,1712301138.6543224,16735124.60896927,1001.0,5.4418126120952174e-08,1045.0,BID
507,1712301146.1245637,16735141.00318084,1002.0,4.4988649060806245e-10,1045.0,BID
508,1712301150.6946688,16735141.00318084,1002.0,0.0,1045.0,BID
509,1712301151.5851514,16735286.30686543,1002.0,3.986191387230625e-09,1045.0,BID
510,1712301153.4542725,16735793.8775129,1002.0,-1.3924448984636977e-08,1045.0,ASK
511,1712301153.456638,16736300.00464059,1002.0,-1.3884848157361344e-08,1045.0,ASK
512,1712301153.5147824,16736551.89541066,1002.0,-6.910250218413153e-09,1045.0,ASK
513,1712301154.3144214,16736849.96353471,1002.0,-8.177057534684301e-09,1045.0,ASK
514,1712301154.396166,16737148.21229559,1002.0,-8.182013038552431e-09,1045.0,ASK
515,1712301154.474265,16737372.28605713,1002.0,-6.147131787271738e-09,1045.0,ASK
516,1712301154.6011243,16737521.46998159,1002.0,-4.092640021312943e-09,1045.0,ASK
517,1712301155.4843705,16737742.33724434,1002.0,-6.0591662418830064e-09,1045.0,ASK
518,1712301158.414347,16737881.45021446,1001.0,-3.816358304419176e-09,1045.0,ASK
519,1712301165.3042798,16739381.45021446,1001.0,-4.115027845096796e-08,1045.0,ASK
520,1712301165.3081727,16740379.45420647,1002.0,2.7378761444256882e-08,1045.0,BID
521,1712301180.9396324,16740788.14037241,1001.0,-1.1211699684993451e-08,1045.0,ASK
522,1712301180.94757,16741379.45420647,1001.0,-1.6221819282318523e-08,1045.0,ASK
523,1712301180.9635866,16741379.45420647,1001.0,-0.0,1045.0,ASK
524,1712301189.413532,16741593.81540193,1001.0,-5.879769531158795e-09,1045.0,ASK
525,1712301198.793301,16742441.90900794,1002.0,2.326258226676127e-08,1045.0,BID
526,1712301198.7971883,16742571.07449122,1002.0,3.5429139655270322e-09,1045.0,BID
527,1712301198.8009636,16742921.41477513,1002.0,9.609575662471927e-09,1045.0,BID
528,1712301201.6451983,16743521.41477513,1002.0,-1.6457557586975706e-08,1045.0,ASK
529,1712301202.571277,16743818.73895095,1002.0,-8.155382909256166e-09,1045.0,ASK
530,1712301211.0029569,16743818.73895095,1002.0,-0.0,1045.0,ASK
531,1712301224.2028642,16752818.73895095,1002.0,-2.468428088979821e-07,1045.0,ASK
532,1712301230.952518,16753711.51739406,1002.0,-2.4486215402345882e-08,1045.0,ASK
533,1712301230.9585345,16754240.59584104,1002.0,-1.4511023331118329e-08,1045.0,ASK
534,1712301231.072556,16754376.416854,1002.0,3.7251600384600235e-09,1045.0,BID
535,1712301231.0922372,16754399.88459018,1002.0,-6.43649101929242e-10,1045.0,ASK
536,1712301238.922123,16754593.82251653,1003.0,5.319131388013758e-09,1045.0,BID
537,1712301239.5144625,16757269.39191745,1002.0,-7.338278514716507e-08,1045.0,ASK
538,1712301239.516794,16759264.40239624,1002.0,-5.471711004057575e-08,1045.0,ASK
539,1712301239.581978,16759613.479583,1002.0,9.57413258915504e-09,1045.0,BID
540,1712301239.6421714,16759838.15499562,1002.0,6.162167771256352e-09,1045.0,BID
541,1712301240.6832778,16759838.15499562,1002.0,0.0,1045.0,BID
542,1712301254.2437785,16760178.34941453,1002.0,9.326399173140645e-09,1045.0,BID
543,1712301266.2915127,16760208.28953429,1002.0,8.208056706806263e-10,1045.0,BID
544,1712301270.6513426,16760208.28953429,1002.0,0.0,1045.0,BID
545,1712301274.3076992,16762227.55256719,1002.0,5.5357350258070454e-08,1045.0,BID
546,1712301285.7342453,16762232.71733277,1003.0,1.4159014082555908e-10,1045.0,BID
547,1712301285.741688,16762237.52265692,1003.0,1.3173618679427876e-10,1045.0,BID
548,1712301287.2361996,16763235.52664893,1002.0,-2.7359910840984704e-08,1045.0,ASK
549,1712301294.4208553,16763245.49673866,1003.0,2.733263276198379e-10,1045.0,BID
550,1712301300.7717593,16763245.49673866,1003.0,0.0,1045.0,BID
551,1712301330.7217224,16763245.49673866,1003.0,0.0,1045.0,BID
552,1712301339.4199708,16763255.47677858,1002.0,-2.739048953550861e-10,1045.0,ASK
553,1712301339.4251802,16771887.0681685,1002.0,-2.368963606558606e-07,1045.0,ASK
554,1712301345.3397598,16774245.09673866,1002.0,6.471673198592541e-08,1045.0,BID
555,1712301360.664425,16774245.09673866,1002.0,0.0,1045.0,BID
556,1712301363.0696354,16774378.00501383,1003.0,3.646600502441081e-09,1045.0,BID
557,1712301370.999124,16774382.9910557,1003.0,1.3680188665434564e-10,1045.0,BID
558,1712301377.155727,16774773.62615975,1002.0,-1.0717844053663548e-08,1045.0,ASK
559,1712301378.9489565,16775060.63526706,1002.0,-7.874660577732955e-09,1045.0,ASK
560,1712301378.9691658,16775347.28410272,1002.0,-7.864775814854395e-09,1045.0,ASK
561,1712301378.988926,16775781.40368347,1002.0,-1.1910926383488748e-08,1045.0,ASK
562,1712301378.999212,16776069.7173715,1002.0,-7.910454321175366e-09,1045.0,ASK
563,1712301379.008883,16776242.23960975,1002.0,-4.733487662003281e-09,1045.0,ASK
564,1712301379.1088965,16777032.31304175,1002.0,-2.1677221906970306e-08,1045.0,ASK
565,1712301379.358844,16777233.20257921,1002.0,-5.511800430128855e-09,1045.0,ASK
566,1712301379.3788583,16777433.1831185,1002.0,-5.486860273549467e-09,1045.0,ASK
567,1712301380.3389783,16778508.58845017,1002.0,-2.9505864987200306e-08,1045.0,ASK
568,1712301380.381933,16779151.20001154,1002.0,-1.7631314826667286e-08,1045.0,ASK
569,1712301380.3988822,16779665.52890714,1002.0,-1.4111627035515737e-08,1045.0,ASK
570,1712301380.4213357,16780305.2327375,1002.0,-1.755153549509055e-08,1045.0,ASK
571,1712301380.8790202,16780741.08666403,1002.0,-1.1958511578418536e-08,1045.0,ASK
572,1712301380.9588346,16781063.85411676,1002.0,-8.855761267023714e-09,1045.0,ASK
573,1712301381.0789676,16781389.04820942,1002.0,-8.922340916595063e-09,1045.0,ASK
574,1712301381.4788496,16781550.92676869,1002.0,-4.4414573495662414e-09,1045.0,ASK
575,1712301382.0116458,16781617.62766599,1003.0,1.830070590373253e-09,1045.0,BID
576,1712301383.108998,16782053.8684971,1002.0,-1.1969127068257077e-08,1045.0,ASK
577,1712301387.8378232,16782073.8684971,1002.0,-5.487394216531659e-10,1045.0,ASK
578,1712301387.8403325,16782312.00754338,1002.0,-6.5338141264794314e-09,1045.0,ASK
579,1712301387.8426988,16782701.40553594,1002.0,-1.0683901461480364e-08,1045.0,ASK
580,1712301390.6407883,16782701.40553594,1002.0,-0.0,1045.0,ASK
581,1712301390.8787584,16782822.11062695,1003.0,3.311012330412605e-09,1045.0,BID
582,1712301390.8849108,16783136.77642327,1003.0,8.631469665886033e-09,1045.0,BID
583,1712301410.4983974,16783236.47732057,1003.0,2.7348548229825162e-09,1045.0,BID
584,1712301413.748479,16783306.49721222,1002.0,-1.920687211154125e-09,1045.0,ASK
585,1712301413.754255,16784045.60171186,1002.0,-2.0274075362396453e-08,1045.0,ASK
586,1712301413.7597206,16784213.95761139,1002.0,-4.6181023067538916e-09,1045.0,ASK
587,1712301415.858269,16784543.13931654,1002.0,-9.029649665754853e-09,1045.0,ASK
588,1712301415.86363,16787139.46670229,1002.0,-7.121880209043873e-08,1045.0,ASK
589,1712301420.9782412,16787139.46670229,1002.0,-0.0,1045.0,ASK
590,1712301435.6677902,16791196.33983457,1003.0,1.1126886485608249e-07,1045.0,BID
591,1712301435.6704156,16791338.02265691,1003.0,3.885969883023914e-09,1045.0,BID
592,1712301439.027849,16793182.91508008,1004.0,5.0600321729180174e-08,1045.0,BID
593,1712301439.032902,16795088.02265691,1004.0,5.2251857672275016e-08,1045.0,BID
594,1712301441.78781,16798838.02265691,1004.0,1.0285217940145517e-07,1045.0,BID
595,1712301450.9774709,16798838.02265691,1004.0,0.0,1045.0,BID
596,1712301451.0339873,16799331.69091089,1004.0,1.353560271688488e-08,1045.0,BID
597,1712301451.0390618,16805648.58455889,1004.0,1.731992327533509e-07,1045.0,BID
598,1712301456.97749,16806148.58455889,1003.0,-1.3709209178171532e-08,1045.0,ASK
599,1712301463.4572198,16806168.50487761,1004.0,5.461836324292235e-10,1045.0,BID
600,1712301479.1071055,16806668.50487761,1004.0,1.3709209178171532e-08,1045.0,BID
601,1712301479.1128914,16807425.03597991,1004.0,2.0742886262540426e-08,1045.0,BID
602,1712301479.1670704,16808160.53674991,1004.0,-2.01662678132417e-08,1045.0,ASK
603,1712301479.1728015,16808160.53675012,1004.0,-5.719927802515072e-18,1045.0,ASK
604,1712301479.5070856,16808251.99998264,1004.0,2.5077771734833752e-09,1045.0,BID
605,1712301480.676942,16808251.99998264,1004.0,0.0,1045.0,BID
606,1712301483.318606,16808344.86701451,1004.0,2.545607474972494e-09,1045.0,BID
607,1712301483.9869473,16808444.66741371,1003.0,-2.7356601918281708e-09,1045.0,ASK
608,1712301492.256801,16808644.06920832,1003.0,5.465865427865674e-09,1045.0,BID
609,1712301496.5767722,16808713.77733394,1003.0,1.910791397947581e-09,1045.0,BID
610,1712301510.6965537,16808713.77733394,1003.0,0.0,1045.0,BID
611,1712301512.177009,16808766.04976664,1003.0,1.432837930103847e-09,1045.0,BID
612,1712301522.796387,16808781.72882945,1003.0,4.2977827397807797e-10,1045.0,BID
613,1712301525.966487,16808805.11925119,1002.0,-6.41154079506702e-10,1045.0,ASK
614,1712301525.9713593,16809105.11925119,1002.0,-8.223290113543974e-09,1045.0,ASK
615,1712301527.366265,16810102.12822427,1003.0,2.7328980104727428e-08,1045.0,BID
616,1712301532.2062232,16810137.4041465,1003.0,9.66947141771406e-10,1045.0,BID
617,1712301535.1825929,16810272.37554415,1003.0,3.699696533007731e-09,1045.0,BID
618,1712301541.006069,16810272.37554415,1003.0,0.0,1045.0,BID
619,1712301555.3647332,16810298.82818622,1003.0,7.250614370192068e-10,1045.0,BID
620,1712301556.14833,16810303.81920418,1002.0,-1.3680276792111026e-10,1045.0,ASK
621,1712301556.1523497,16810340.30902196,1002.0,-1.0001783430092314e-09,1045.0,ASK
622,1712301559.5958014,16810380.25009038,1001.0,-1.094776407765135e-09,1045.0,ASK
623,1712301559.6015458,16812324.43600608,1001.0,-5.328973302682933e-08,1045.0,ASK
624,1712301565.0955813,16812672.91192854,1001.0,-9.551652814726618e-09,1045.0,ASK
625,1712301565.0982416,16813696.82354915,1001.0,-2.8065205320587183e-08,1045.0,ASK
626,1712301565.1026278,16827162.53600608,1001.0,-3.690923877447724e-07,1045.0,ASK
627,1712301568.7655222,16827361.63780248,1002.0,5.457338976494685e-09,1045.0,BID
628,1712301571.005486,16827361.63780248,1002.0,0.0,1045.0,BID
629,1712301575.9555635,16827790.98171419,1001.0,-1.1762712227215586e-08,1045.0,ASK
630,1712301589.6055036,16828003.82153454,1002.0,5.831161195066809e-09,1045.0,BID
631,1712301591.8754125,16828103.62193374,1002.0,2.7342262087103086e-09,1045.0,BID
632,1712301600.6963,16828103.62193374,1002.0,0.0,1045.0,BID
633,1712301604.3649316,16828112.62193374,1002.0,2.4705520070623465e-10,1045.0,BID
634,1712301616.9348705,16828374.11864032,1002.0,-7.1782357030960755e-09,1045.0,ASK
635,1712301617.6749456,16828379.55190725,1002.0,1.491463168834884e-10,1045.0,BID
636,1712301618.5352073,16828384.98517418,1002.0,1.491463168834884e-10,1045.0,BID
637,1712301619.4449062,16828390.41844111,1002.0,1.491463168834884e-10,1045.0,BID
638,1712301620.6246958,16828395.85170804,1002.0,1.491463168834884e-10,1045.0,BID
639,1712301621.4948025,16828401.28497497,1002.0,1.491463168834884e-10,1045.0,BID
640,1712301622.6547606,16828406.7182419,1002.0,1.491463168834884e-10,1045.0,BID
641,1712301623.41475,16828905.7202379,1002.0,1.3697893141603896e-08,1045.0,BID
642,1712301623.8948717,16828911.15350483,1002.0,1.491463168834884e-10,1045.0,BID
643,1712301625.7447867,16829010.95390403,1002.0,2.739578628300327e-09,1045.0,BID
644,1712301630.7159028,16829010.95390403,1002.0,0.0,1045.0,BID
645,1712301636.5449104,16829029.64715221,1002.0,5.131276586988876e-10,1045.0,BID
646,1712301639.88474,16829035.08041914,1002.0,1.4914259479133776e-10,1045.0,BID
647,1712301640.86497,16829040.51368607,1002.0,1.4914259468907888e-10,1045.0,BID
648,1712301641.7848434,16829045.946953,1002.0,1.4914259479133776e-10,1045.0,BID
649,1712301642.9145138,16829051.38021993,1002.0,1.4914259479133776e-10,1045.0,BID
650,1712301643.9559236,16829056.81348686,1002.0,1.4914259479133776e-10,1045.0,BID
651,1712301644.3645356,16831258.71758686,1002.0,6.044203150143437e-08,1045.0,BID
652,1712301644.424466,16831258.71758774,1002.0,2.41330813648434e-17,1045.0,BID
653,1712301644.4278903,16835122.52193374,1002.0,1.060610150987749e-07,1045.0,BID
654,1712301644.824539,16835127.95520067,1003.0,1.4914259479133776e-10,1045.0,BID
655,1712301646.8845775,16835133.3884676,1003.0,1.4914259479133776e-10,1045.0,BID
656,1712301647.7345014,16835138.82173453,1003.0,1.4914259479133776e-10,1045.0,BID
657,1712301650.0043988,16835144.25500146,1003.0,1.4914259479133776e-10,1045.0,BID
658,1712301651.0846436,16835149.68826839,1003.0,1.4914259479133776e-10,1045.0,BID
659,1712301653.0943272,16835155.12153532,1003.0,1.4914259479133776e-10,1045.0,BID
660,1712301654.3243566,16835160.55480225,1003.0,1.4914259479133776e-10,1045.0,BID
661,1712301655.244495,16835165.98806918,1003.0,1.4914259479133776e-10,1045.0,BID
662,1712301656.164387,16835171.42133611,1003.0,1.4914259479133776e-10,1045.0,BID
663,1712301657.0842905,16838074.59080911,1003.0,7.969169081477818e-08,1045.0,BID
664,1712301657.0941925,16838815.58922511,1003.0,2.0340327084323967e-08,1045.0,BID
665,1712301657.2543578,16839114.98997428,1003.0,8.218518469008813e-09,1045.0,BID
666,1712301657.2597427,16839886.67229851,1003.0,2.1182597075972618e-08,1045.0,BID
667,1712301657.265577,16840713.24693211,1003.0,2.268938508377471e-08,1045.0,BID
668,1712301657.2743366,16840713.24693267,1003.0,1.5338822901383518e-17,1045.0,BID
669,1712301658.3744752,16840718.6801996,1004.0,1.4914259479133776e-10,1045.0,BID
670,1712301660.9742904,16840718.6801996,1004.0,0.0,1045.0,BID
671,1712301667.3942888,16840967.12492071,1004.0,6.817584524056201e-09,1045.0,BID
672,1712301669.9842029,16842061.86296851,1004.0,3.004076375303007e-08,1045.0,BID
673,1712301670.624147,16842067.29610224,1004.0,1.490909055603662e-10,1045.0,BID
674,1712301678.3345666,16842117.14655089,1003.0,-1.3679487562086223e-09,1045.0,ASK
675,1712301678.341005,16842216.84744819,1003.0,-2.7358975124172446e-09,1045.0,ASK
676,1712301683.633949,16842692.93867451,1003.0,1.3064444123019986e-08,1045.0,BID
677,1712301690.1438923,16842916.7494422,1003.0,6.1416029260475995e-09,1045.0,BID
678,1712301691.0337982,16842916.7494422,1003.0,0.0,1045.0,BID
679,1712301695.5240583,16842919.61396295,1003.0,7.860070481205379e-11,1045.0,BID
680,1712301695.5292814,16842966.57496562,1003.0,1.2885813140470251e-09,1045.0,BID
681,1712301697.623799,16843963.08568334,1003.0,2.7343647219768104e-08,1045.0,BID
682,1712301705.553724,16844098.08568334,1003.0,3.7043177850764156e-09,1045.0,BID
683,1712301711.743966,16844645.7262616,1003.0,1.502692395472104e-08,1045.0,BID
684,1712301720.576829,16849630.771127,1003.0,1.367865952170637e-07,1045.0,BID
685,1712301720.7046678,16849630.771127,1003.0,0.0,1045.0,BID
686,1712301750.7031212,16849630.771127,1003.0,0.0,1045.0,BID
687,1712301758.063333,16849723.771127,1003.0,2.551391913404905e-09,1045.0,BID
688,1712301762.6233692,16849969.10969422,1003.0,6.730697166135738e-09,1045.0,BID
689,1712301762.6285443,16851638.64901209,1003.0,4.5802678652920623e-08,1045.0,BID
690,1712301762.6334417,16853980.09859636,1003.0,6.423608102103488e-08,1045.0,BID
691,1712301770.2530415,16854030.5214887,1002.0,-1.383317846941472e-09,1045.0,ASK
692,1712301770.2559693,16854194.29859636,1002.0,-4.493113850364226e-09,1045.0,ASK
693,1712301770.261739,16854219.29859636,1002.0,-6.858580412378779e-10,1045.0,ASK
694,1712301775.0344598,16854229.26868609,1003.0,2.7352264852392703e-10,1045.0,BID
695,1712301781.022756,16854229.26868609,1003.0,0.0,1045.0,BID
696,1712301811.0025587,16854229.26868609,1003.0,0.0,1045.0,BID
697,1712301830.552264,16854249.20886555,1003.0,5.46976088946133e-10,1045.0,BID
698,1712301836.7723422,16854348.90976285,1003.0,2.734880444730664e-09,1045.0,BID
699,1712301837.1123393,16854363.87982273,1002.0,-4.1064148005981857e-10,1045.0,ASK
700,1712301837.118447,16856227.22917517,1002.0,-5.111325819279228e-08,1045.0,ASK
701,1712301837.9822874,16857631.59284782,1002.0,-3.8522890462213966e-08,1045.0,ASK
702,1712301840.7022278,16857631.59284782,1002.0,-0.0,1045.0,ASK
703,1712301842.9420836,16857911.54416751,1002.0,-7.678584809005539e-09,1045.0,ASK
704,1712301843.2023013,16858059.7372219,1002.0,-4.064681450653397e-09,1045.0,ASK
705,1712301843.2083535,16858346.02228185,1002.0,-7.85230844710737e-09,1045.0,ASK
706,1712301843.4223552,16858599.72323805,1002.0,-6.958582336578735e-09,1045.0,ASK
707,1712301843.5621035,16858688.72323805,1003.0,2.441117436975477e-09,1045.0,BID
708,1712301862.3740833,16858711.22345354,1003.0,6.171423412013746e-10,1045.0,BID
709,1712301862.63205,16859710.22445254,1002.0,-2.7400884923759946e-08,1045.0,ASK
710,1712301863.3125873,16860136.31484923,1003.0,1.1686929180791865e-08,1045.0,BID
711,1712301863.3193786,16860208.65681349,1004.0,1.9842160716799675e-09,1045.0,BID
712,1712301863.8720093,16860308.65681349,1003.0,2.742828580871323e-09,1045.0,BID
713,1712301869.9820385,16862909.99087699,1002.0,-7.135013417762393e-08,1045.0,ASK
714,1712301870.7729774,16862909.99087699,1002.0,-0.0,1045.0,ASK
715,1712301901.0353472,16862909.99087699,1002.0,-0.0,1045.0,ASK
716,1712301908.611614,16863009.99087699,1003.0,2.744292062274007e-09,1045.0,BID
717,1712301910.1914573,16863019.95103635,1003.0,2.7333586264147847e-10,1045.0,BID
718,1712301930.2514305,16863025.38430328,1003.0,1.4910471308989068e-10,1045.0,BID
719,1712301930.9736695,16863030.81757021,1003.0,1.4910471308989068e-10,1045.0,BID
720,1712301930.98138,16863030.81757021,1003.0,0.0,1045.0,BID
721,1712301931.8713446,16863036.25083714,1003.0,1.4910423950010924e-10,1045.0,BID
722,1712301932.8015308,16863041.68410407,1003.0,1.4910423950010924e-10,1045.0,BID
723,1712301933.621551,16863047.117371,1003.0,1.4910423950010924e-10,1045.0,BID
724,1712301934.511352,16863052.55063793,1003.0,1.4910423950010924e-10,1045.0,BID
725,1712301936.3314323,16865046.5685841,1003.0,5.4721502408796244e-08,1045.0,BID
726,1712301936.3379283,16865620.5162213,1003.0,1.575074942125107e-08,1045.0,BID
727,1712301936.9716136,16865625.94948823,1004.0,1.4910423950010924e-10,1045.0,BID
728,1712301937.721344,16866227.40590263,1003.0,-1.6505668212613723e-08,1045.0,ASK
729,1712301937.94125,16866232.83916956,1004.0,1.4910423939787672e-10,1045.0,BID
730,1712301938.9447703,16867420.83916956,1003.0,-3.260208614799866e-08,1045.0,ASK
731,1712301939.021317,16867426.27243649,1004.0,1.4910423950010924e-10,1045.0,BID
732,1712301940.1115372,16867431.70570342,1004.0,1.4910423950010924e-10,1045.0,BID
733,1712301941.07133,16867437.13897035,1004.0,1.4910423950010924e-10,1045.0,BID
734,1712301943.861158,16867442.57223728,1004.0,1.4910423950010924e-10,1045.0,BID
735,1712301944.5613155,16867452.51259513,1004.0,2.7279158496220046e-10,1045.0,BID
736,1712301944.8312526,16867457.94586206,1004.0,1.4910423950010924e-10,1045.0,BID
737,1712301945.1929235,16867671.40186203,1003.0,-5.8578374577806045e-09,1045.0,ASK
738,1712301946.6715791,16867676.83512896,1004.0,1.4910423950010924e-10,1045.0,BID
739,1712301948.2413805,16867682.26839589,1004.0,1.4910423950010924e-10,1045.0,BID
740,1712301948.9612465,16867781.86998951,1004.0,2.733349945885728e-09,1045.0,BID
741,1712301949.041212,16867787.30325644,1004.0,1.4910423950010924e-10,1045.0,BID
742,1712301950.53136,16868155.24398493,1003.0,-1.0097336134314692e-08,1045.0,ASK
743,1712301950.5379944,16868728.24263017,1003.0,-1.5724706392891123e-08,1045.0,ASK
744,1712301951.2512784,16868743.54504875,1003.0,4.199417246529541e-10,1045.0,BID
745,1712301960.7410722,16868743.54504875,1003.0,0.0,1045.0,BID
746,1712301961.631158,16869042.64774067,1003.0,8.206933607858797e-09,1045.0,BID
747,1712301968.561179,16869052.6178304,1003.0,2.7356445357484993e-10,1045.0,BID
748,1712301973.3113627,16869102.46827905,1003.0,1.3678222678742498e-09,1045.0,BID
749,1712301990.71078,16869102.46827905,1003.0,0.0,1045.0,BID
750,1712301999.1708589,16869337.52690202,1003.0,6.449595772606878e-09,1045.0,BID
751,1712302001.160988,16869531.518106,1003.0,-5.322777923603711e-09,1045.0,ASK
752,1712302001.1808836,16869674.13129895,1003.0,-3.913055538071095e-09,1045.0,ASK
753,1712302008.1807673,16870102.46827905,1003.0,-1.1752814430566673e-08,1045.0,ASK
754,1712302021.0344326,16870102.46827905,1003.0,-0.0,1045.0,ASK
755,1712302042.592581,16870132.37854824,1003.0,-8.20662669011258e-10,1045.0,ASK
756,1712302042.6006567,16870424.50217735,1003.0,-8.015138734735664e-09,1045.0,ASK
757,1712302050.9830227,16870424.50217735,1003.0,-0.0,1045.0,ASK
758,1712302080.670262,16870424.50217735,1003.0,-0.0,1045.0,ASK
759,1712302081.9403594,16870523.95493853,1003.0,-2.728709815465612e-09,1045.0,ASK
760,1712302097.0501535,16870528.93501821,1004.0,1.3663966837265673e-10,1045.0,BID
761,1712302110.6799183,16870528.93501821,1004.0,0.0,1045.0,BID
762,1712302113.2299569,16870587.13798843,1004.0,1.5969245879128447e-09,1045.0,BID
763,1712302119.4097805,16872478.53966372,1003.0,-5.1894702788943044e-08,1045.0,ASK
764,1712302135.109887,16872565.4719346,1004.0,2.385175195232639e-09,1045.0,BID
765,1712302135.1150146,16876389.18438123,1004.0,1.0491183525978376e-07,1045.0,BID
766,1712302135.1200624,16877691.58752226,1004.0,3.5734251903252435e-08,1045.0,BID
767,1712302138.159804,16877945.6977988,1004.0,6.972065980944981e-09,1045.0,BID
768,1712302138.1663375,16879030.04167826,1004.0,2.9751323624573137e-08,1045.0,BID
769,1712302140.9895968,16879030.04167826,1004.0,0.0,1045.0,BID
770,1712302166.029786,16879775.93140172,1004.0,2.046031025615716e-08,1045.0,BID
771,1712302166.0366166,16881021.07803259,1004.0,3.4155298807392546e-08,1045.0,BID
772,1712302170.9793851,16881021.07803259,1004.0,0.0,1045.0,BID
773,1712302173.499534,16881040.99835131,1004.0,5.463992072212129e-10,1045.0,BID
774,1712302186.5742152,16881050.94855549,1004.0,2.7292654056485605e-10,1045.0,BID
775,1712302198.329342,16881100.7493523,1004.0,1.3659980184106687e-09,1045.0,BID
776,1712302201.10084,16881100.7493523,1004.0,0.0,1045.0,BID
777,1712302223.8393445,16881774.25416192,1003.0,-1.8548448337756967e-08,1045.0,ASK
778,1712302223.845981,16890604.14828763,1003.0,-2.4317693456503454e-07,1045.0,ASK
779,1712302223.850124,16902083.73552591,1003.0,-3.1614997812349826e-07,1045.0,ASK
780,1712302227.069121,16902462.45935442,1003.0,1.0430125022166587e-08,1045.0,BID
781,1712302231.01909,16902462.45935442,1003.0,0.0,1045.0,BID
782,1712302231.059061,16905821.11386842,1003.0,9.244342493271789e-08,1045.0,BID
783,1712302231.082326,16905956.54202288,1003.0,3.7275171883607965e-09,1045.0,BID
784,1712302237.1492493,16906219.08047003,1002.0,-7.226093999789481e-09,1045.0,ASK
785,1712302237.1561046,16907460.4278602,1002.0,-3.4166778333520864e-08,1045.0,ASK
786,1712302244.588976,16909454.44580636,1003.0,-5.488324195063877e-08,1045.0,ASK
787,1712302244.5990934,16910618.27402197,1002.0,-3.20331447713783e-08,1045.0,ASK
788,1712302244.6043236,16912119.15967087,1003.0,-4.131029530979612e-08,1045.0,ASK
789,1712302244.6095588,16912130.57781054,1002.0,-3.142722578518459e-10,1045.0,ASK
790,1712302260.7289307,16912130.57781054,1002.0,-0.0,1045.0,ASK
791,1712302271.9388337,16912732.09541501,1002.0,-1.655172148122747e-08,1045.0,ASK
792,1712302271.944163,16913205.17781053,1002.0,-1.3017620748134202e-08,1045.0,ASK
793,1712302279.5113025,16913330.39493855,1002.0,-3.445550075775207e-09,1045.0,ASK
794,1712302290.6906092,16913330.39493855,1002.0,-0.0,1045.0,ASK
795,1712302321.0285118,16913330.39493855,1002.0,-0.0,1045.0,ASK
796,1712302321.4687183,16913336.37699238,1003.0,1.6460035875932806e-10,1045.0,BID
797,1712302337.8384852,16913348.2032444,1003.0,3.2540752416348125e-10,1045.0,BID
798,1712302345.7524793,16914048.2032444,1003.0,-1.9260985349540108e-08,1045.0,ASK
799,1712302348.178361,16914939.83013295,1003.0,-2.4533732053761903e-08,1045.0,ASK
800,1712302349.5046906,16915139.23192756,1003.0,5.486678635185482e-09,1045.0,BID
801,1712302350.9705,16915139.23192756,1003.0,0.0,1045.0,BID
1002,1712302353.8583848,16915339.23192756,1002.0,-5.502863964376283e-09,1045.0,ASK
802,1712302353.8583848,16915339.23192756,1002.0,-5.5028639643762834e-09,1045.0,ASK
803,1712302354.37821,16915349.23192756,1003.0,2.7514319821881413e-10,1045.0,BID
804,1712302361.9484432,16915647.98454725,1002.0,-8.219975125808393e-09,1045.0,ASK
805,1712302361.9552276,16925632.92122062,1002.0,-2.747287410323144e-07,1045.0,ASK
806,1712302361.96182,16926865.03149903,1002.0,-3.390067625597187e-08,1045.0,ASK
807,1712302375.938266,16926895.45995379,1003.0,8.372182359650025e-10,1045.0,BID
808,1712302380.7182095,16926895.45995379,1003.0,0.0,1045.0,BID
809,1712302394.1683033,16927995.45995379,1002.0,-3.02559454691206e-08,1045.0,ASK
810,1712302410.662125,16927995.45995379,1002.0,-0.0,1045.0,ASK
811,1712302413.1104853,16929120.75171287,1002.0,-3.095066723051766e-08,1045.0,ASK
812,1712302413.1170185,16931498.9527184,1002.0,-6.541139871985777e-08,1045.0,ASK
813,1712302413.1202507,16932995.45995379,1002.0,-4.1160789703474186e-08,1045.0,ASK
814,1712302418.6481018,16934995.45995379,1002.0,-5.5009142261539844e-08,1045.0,ASK
815,1712302439.7882588,16935025.45995379,1002.0,-8.251371339230977e-10,1045.0,ASK
816,1712302441.0832229,16935025.45995379,1002.0,-0.0,1045.0,ASK
817,1712302449.44776,16935035.45995379,1002.0,2.749924332151544e-10,1045.0,BID
818,1712302466.5977051,16935064.07641384,1001.0,-7.86930997953532e-10,1045.0,ASK
819,1712302471.0073934,16935064.07641384,1001.0,-0.0,1045.0,ASK
820,1712302482.2278152,16940058.98175279,1001.0,-1.373559712385775e-07,1045.0,ASK
821,1712302482.233993,16940160.3003342,1001.0,-2.786181360741391e-09,1045.0,ASK
822,1712302482.239714,16946627.7197656,1001.0,-1.778489515066155e-07,1045.0,ASK
823,1712302489.8177936,16946632.71576959,1001.0,-1.373861832550739e-10,1045.0,ASK
824,1712302489.8246794,16946769.76222313,1001.0,-3.768669765150357e-09,1045.0,ASK
825,1712302489.8286934,16948685.98787835,1001.0,-5.269469952365298e-08,1045.0,ASK
826,1712302489.9976735,16949501.98787835,1001.0,2.243935869147629e-08,1045.0,BID
827,1712302500.713503,16949501.98787835,1001.0,0.0,1045.0,BID
828,1712302508.2475944,16949502.50181502,1001.0,1.4154886450517751e-11,1045.0,BID
829,1712302512.8527,16949523.4729542,1001.0,-5.775888543526688e-10,1045.0,ASK
830,1712302515.9428487,16949801.68817805,1001.0,-7.662626767528799e-09,1045.0,ASK
831,1712302515.9498222,16950101.38847775,1001.0,-8.254370508229383e-09,1045.0,ASK
832,1712302527.8875391,16950231.45612855,1001.0,3.582334024711757e-09,1045.0,BID
833,1712302527.9675715,16950569.10023616,1001.0,9.29942201236949e-09,1045.0,BID
834,1712302528.008325,16950706.11039092,1002.0,3.773545044588198e-09,1045.0,BID
835,1712302530.710605,16950706.11039092,1002.0,0.0,1045.0,BID
836,1712302540.937408,16953154.21039092,1001.0,-6.742353469175128e-08,1045.0,ASK
837,1712302541.4373336,16957662.11945968,1002.0,1.2415308340532797e-07,1045.0,BID
838,1712302541.4442215,16959185.10930492,1002.0,4.1944920005542623e-08,1045.0,BID
839,1712302541.540687,16959185.10930525,1002.0,9.13129746786423e-18,1045.0,BID
840,1712302544.2675734,16960181.81573789,1002.0,-2.745045984164857e-08,1045.0,ASK
1040,1712302544.2675734,16960181.81573789,1002.0,-2.7450459841648572e-08,1045.0,ASK
841,1712302544.274856,16970058.97417789,1001.0,-2.720284852477214e-07,1045.0,ASK
842,1712302544.2818942,16973721.46304348,1001.0,-1.0086922310657929e-07,1045.0,ASK
843,1712302560.9471624,16973721.46304348,1001.0,-0.0,1045.0,ASK
844,1712302570.4471612,16975279.57620246,1002.0,-4.28850380984135e-08,1045.0,ASK
845,1712302587.2775402,16975542.45765178,1002.0,7.235469968574333e-09,1045.0,BID
846,1712302587.2846825,16976208.46265842,1002.0,1.8330921550180906e-08,1045.0,BID
847,1712302590.9570894,16976208.46265842,1002.0,0.0,1045.0,BID
848,1712302598.6971846,16976218.42281778,1003.0,2.7412162992248124e-10,1045.0,BID
849,1712302608.8670692,16977246.76734138,1003.0,2.8301904287186663e-08,1045.0,BID
850,1712302608.876969,16978681.03074478,1003.0,3.947352724129565e-08,1045.0,BID
851,1712302616.727123,16978681.03074559,1003.0,2.2248302130054904e-17,1045.0,BID
852,1712302620.6905272,16978681.03074559,1003.0,0.0,1045.0,BID
853,1712302628.9869778,16978686.01678665,1003.0,-1.372155174964815e-10,1045.0,ASK
854,1712302630.3587413,16978705.95696611,1003.0,5.487524089252623e-10,1045.0,BID
855,1712302650.6780722,16978705.95696611,1003.0,0.0,1045.0,BID
856,1712302654.5871017,16979664.27600816,1003.0,2.6372857981861496e-08,1045.0,BID
857,1712302654.5944304,16980436.95696611,1003.0,2.126411380258465e-08,1045.0,BID
1057,1712302654.5944304,16980436.95696611,1003.0,2.1264113802584652e-08,1045.0,BID
858,1712302654.7670777,16980885.71090429,1003.0,1.2349669954485365e-08,1045.0,BID
859,1712302655.916945,16981079.95170235,1003.0,5.345490130887012e-09,1045.0,BID
860,1712302656.8169258,16981579.95170235,1003.0,1.3759957187881609e-08,1045.0,BID
861,1712302656.8243258,16981978.63792406,1003.0,1.0971810684292561e-08,1045.0,BID
1061,1712302656.8243258,16981978.63792406,1003.0,1.097181068429256e-08,1045.0,BID
862,1712302665.616755,16981985.76775466,1003.0,-1.9621232759353047e-10,1045.0,ASK
863,1712302667.3268116,16983422.88630534,1004.0,3.954937946255044e-08,1045.0,BID
864,1712302667.4668603,16984922.13668015,1004.0,4.125924194257204e-08,1045.0,BID
865,1712302667.4725304,16985477.05000198,1004.0,1.527116710274108e-08,1045.0,BID
866,1712302672.1170948,16985484.15845969,1005.0,1.9562414753927902e-10,1045.0,BID
867,1712302672.128736,16985583.58632038,1005.0,2.7362462128131e-09,1045.0,BID
868,1712302680.9467864,16985583.58632038,1005.0,0.0,1045.0,BID
869,1712302698.1167965,16985882.09378307,1005.0,8.213339759375828e-09,1045.0,BID
870,1712302698.1241288,16998055.68990338,1005.0,3.349527014475125e-07,1045.0,BID
871,1712302705.566551,16998055.68990367,1005.0,7.995015677497198e-18,1045.0,BID
872,1712302711.026556,16998055.68990367,1005.0,0.0,1045.0,BID
873,1712302719.9265604,16998065.63026152,1006.0,2.734115521647638e-10,1045.0,BID
874,1712302733.896618,16998307.83403885,1006.0,6.6618638564692886e-09,1045.0,BID
875,1712302740.656343,16998307.83403885,1006.0,0.0,1045.0,BID
876,1712302742.06695,16998327.71475455,1006.0,5.468192891306394e-10,1045.0,BID
877,1712302742.4431703,16999049.72568896,1006.0,1.9858918150698497e-08,1045.0,BID
878,1712302742.4466689,16999079.72568896,1006.0,8.25150307465664e-10,1045.0,BID
879,1712302742.4499886,16999288.61464224,1006.0,5.745492800830946e-09,1045.0,BID
880,1712302756.1620522,17001035.1306877,1005.0,-4.803794173012972e-08,1045.0,ASK
881,1712302756.165581,17002036.62496543,1005.0,-2.7546110373149826e-08,1045.0,ASK
882,1712302756.1868696,17003042.18686109,1005.0,-2.765799024601588e-08,1045.0,ASK
1083,1712302756.1903398,17003285.72056687,1005.0,-6.6983970733771935e-09,1045.0,ASK
883,1712302756.1903398,17003285.72056687,1005.0,-6.698397073377193e-09,1045.0,ASK
884,1712302758.1564698,17003840.27584736,1004.0,-1.5253048673481395e-08,1045.0,ASK
885,1712302758.2569685,17003939.87744098,1004.0,-2.739542853350009e-09,1045.0,ASK
886,1712302758.2628243,17004500.03197931,1004.0,-1.5407056317701046e-08,1045.0,ASK
887,1712302758.2671876,17004642.38919873,1004.0,-3.915536779155938e-09,1045.0,ASK
888,1712302758.336377,17004795.49816484,1004.0,-4.2112636820035246e-09,1045.0,ASK
889,1712302770.6963005,17004795.49816484,1004.0,-0.0,1045.0,ASK
890,1712302772.7663326,17004805.46825457,1003.0,-2.7417825430143476e-10,1045.0,ASK
1091,1712302772.772193,17006795.49816484,1003.0,-5.472597956370917e-08,1045.0,ASK
891,1712302772.772193,17006795.49816484,1003.0,-5.4725979563709174e-08,1045.0,ASK
892,1712302784.7966652,17007795.49816484,1003.0,-2.7500078909005305e-08,1045.0,ASK
893,1712302790.2978733,17008475.19072133,1003.0,-1.8691598937318173e-08,1045.0,ASK
894,1712302790.3057015,17008795.49816484,1003.0,-8.808479971687136e-09,1045.0,ASK
895,1712302800.7162511,17008795.49816484,1003.0,-0.0,1045.0,ASK
896,1712302810.3962965,17009097.81572502,1003.0,-8.326176900813575e-09,1045.0,ASK
897,1712302826.9864595,17009140.32022128,1003.0,-1.1706232172226616e-09,1045.0,ASK
898,1712302826.9943163,17010140.4481482,1003.0,-2.7544685257417503e-08,1045.0,ASK
899,1712302830.7062025,17010140.4481482,1003.0,-0.0,1045.0,ASK
900,1712302840.936182,17010240.4481482,1003.0,-2.754013881336816e-09,1045.0,ASK
901,1712302848.0623968,17010340.4481482,1005.0,2.754013881336816e-09,1045.0,BID
902,1712302857.6961746,17010439.95063576,1005.0,2.740312319749355e-09,1045.0,BID
903,1712302860.9459069,17010439.95063576,1005.0,0.0,1045.0,BID
904,1712302891.0059922,17010439.95063576,1005.0,0.0,1045.0,BID
1105,1712302909.1358595,17011435.46881292,1004.0,2.7416481670037442e-08,1045.0,BID
905,1712302909.1358595,17011435.46881292,1004.0,2.741648167003744e-08,1045.0,BID
906,1712302915.4757886,17011445.46881292,1004.0,2.7539910670716967e-10,1045.0,BID
907,1712302920.707329,17011445.46881292,1004.0,0.0,1045.0,BID
908,1712302945.3358204,17012131.18494837,1004.0,1.8884036089540323e-08,1045.0,BID
909,1712302950.6800869,17012131.18494837,1004.0,0.0,1045.0,BID
910,1712302956.1181695,17013138.18792743,1003.0,-2.77314752884433e-08,1045.0,ASK
911,1712302956.1257384,17013165.68343117,1003.0,-7.57188308702057e-10,1045.0,ASK
912,1712302956.1317644,17019975.17331159,1003.0,-1.875239738836544e-07,1045.0,ASK
913,1712302960.7156754,17020429.14335317,1003.0,1.2501709778008916e-08,1045.0,BID
914,1712302961.0558865,17020758.16948019,1003.0,9.060926432592308e-09,1045.0,BID
915,1712302961.1826737,17021476.7963035,1003.0,1.9789993085080408e-08,1045.0,BID
916,1712302961.915571,17021970.11747694,1003.0,1.3585385758563091e-08,1045.0,BID
917,1712302962.6058204,17023051.77604944,1003.0,2.9787387522743493e-08,1045.0,BID
918,1712302963.2465498,17023241.07492421,1003.0,5.213030325593747e-09,1045.0,BID
919,1712302963.925593,17023405.32501615,1003.0,4.52322134143098e-09,1045.0,BID
920,1712302963.9694564,17023724.26761955,1003.0,8.783240078333154e-09,1045.0,BID
921,1712302964.069095,17024504.92115364,1003.0,2.149812328225662e-08,1045.0,BID
922,1712302964.105539,17024802.66340404,1003.0,8.199411551942922e-09,1045.0,BID
923,1712302964.1675298,17025497.11652852,1003.0,1.912428270913055e-08,1045.0,BID
924,1712302964.2255454,17025913.60505032,1003.0,1.1469520339552847e-08,1045.0,BID
925,1712302964.4911306,17026228.48915092,1003.0,8.671474500106233e-09,1045.0,BID
926,1712302964.8720682,17026501.72634728,1003.0,7.524576109811714e-09,1045.0,BID
927,1712302967.6656938,17026619.81181805,1003.0,3.251911248197974e-09,1045.0,BID
928,1712302968.787503,17026762.47839794,1003.0,3.9288411424877994e-09,1045.0,BID
929,1712302980.9754312,17026762.47839794,1003.0,0.0,1045.0,BID
930,1712303007.7553997,17026797.26658709,1003.0,-9.576318100008472e-10,1045.0,ASK
931,1712303010.9352934,17026797.26658709,1003.0,-0.0,1045.0,ASK
932,1712303022.2656102,17026897.06698629,1002.0,-2.747252658463986e-09,1045.0,ASK
933,1712303022.273623,17026993.64398184,1002.0,-2.6585205059768677e-09,1045.0,ASK
934,1712303022.2785006,17027676.86658709,1002.0,-1.8807390888816017e-08,1045.0,ASK
935,1712303034.819964,17028674.8705791,1002.0,-2.74725265851526e-08,1045.0,ASK
936,1712303034.8236506,17028864.49133758,1002.0,-5.219780051061063e-09,1045.0,ASK
937,1712303034.8271532,17028969.06862805,1002.0,-2.8787483974882947e-09,1045.0,ASK
938,1712303034.9351654,17034160.89686562,1002.0,1.4291790456164264e-07,1045.0,BID
939,1712303034.997246,17034295.27699397,1002.0,3.699145171934274e-09,1045.0,BID
940,1712303035.0007567,17034608.31039397,1002.0,8.617018040376485e-09,1045.0,BID
941,1712303035.1151023,17039603.31538897,1002.0,1.3749985833396812e-07,1045.0,BID
942,1712303035.135221,17044598.32038397,1002.0,1.3749985833396812e-07,1045.0,BID
943,1712303035.14308,17044773.73770954,1002.0,4.828795454560417e-09,1045.0,BID
944,1712303038.309109,17047350.62669552,1002.0,7.093523847711016e-08,1045.0,BID
945,1712303038.3154368,17052345.63169052,1002.0,1.3749985833396812e-07,1045.0,BID
946,1712303040.7097237,17052345.63169052,1002.0,0.0,1045.0,BID
947,1712303043.7452655,17052445.43208973,1002.0,2.7453180648134622e-09,1045.0,BID
948,1712303046.0952716,17054153.85768985,1002.0,-4.699552005311067e-08,1045.0,ASK
949,1712303046.1086493,17054445.43208973,1002.0,-8.020653960951157e-09,1045.0,ASK
950,1712303056.1556182,17054988.77015107,1002.0,-1.4946190665576435e-08,1045.0,ASK
951,1712303056.4152102,17055887.75265273,1002.0,2.4729288873449e-08,1045.0,BID
952,1712303059.845132,17056608.91293423,1002.0,-1.9837739769461483e-08,1045.0,ASK
953,1712303065.7352448,17057327.47580848,1001.0,-1.9766290064894347e-08,1045.0,ASK
954,1712303066.4352112,17059323.48379252,1002.0,5.490636129176032e-08,1045.0,BID
955,1712303066.5464764,17059679.68752881,1003.0,9.798483370104048e-09,1045.0,BID
956,1712303070.6950047,17059679.68752881,1003.0,0.0,1045.0,BID
957,1712303073.065457,17064674.69252381,1002.0,1.3737526305387624e-07,1045.0,BID
958,1712303073.1051557,17069669.69751881,1002.0,1.3737526305387624e-07,1045.0,BID
959,1712303073.2053092,17070756.7804172,1002.0,2.9897527485384586e-08,1045.0,BID
960,1712303073.2124715,17075751.7854122,1002.0,1.3737526305387624e-07,1045.0,BID
961,1712303100.6949494,17075751.7854122,1002.0,0.0,1045.0,BID
962,1712303105.230006,17076009.09282498,1002.0,-7.080148357940556e-09,1045.0,ASK
963,1712303105.3249557,17076697.42037914,1002.0,-1.8940228536884134e-08,1045.0,ASK
964,1712303105.331198,17076767.28065858,1002.0,-1.922296514597269e-09,1045.0,ASK
965,1712303130.6548817,17077367.28065858,1001.0,-1.650978092256878e-08,1045.0,ASK
966,1712303130.7048712,17077367.28065858,1001.0,-0.0,1045.0,ASK
967,1712303145.1781824,17078767.28065858,1001.0,-3.8521107006170015e-08,1045.0,ASK
968,1712303145.239036,17082920.149397,1001.0,-1.1426650075376213e-07,1045.0,ASK
969,1712303145.2468402,17084023.59287958,1001.0,-3.0361331762600266e-08,1045.0,ASK
970,1712303145.63806,17084422.36609492,1001.0,-1.0972275499568373e-08,1045.0,ASK
971,1712303145.6447408,17090744.75738992,1001.0,-1.739610797211485e-07,1045.0,ASK
972,1712303145.779775,17090763.29976075,1001.0,-5.101947506286872e-10,1045.0,ASK
973,1712303145.7855933,17091516.06474591,1001.0,-2.071238610272096e-08,1045.0,ASK
974,1712303145.874894,17091519.19086151,1001.0,-8.601530961136758e-11,1045.0,ASK
975,1712303145.8807752,17095014.19660539,1001.0,-9.616535017665509e-08,1045.0,ASK
976,1712303145.886592,17095415.16413785,1001.0,-1.1032652302769992e-08,1045.0,ASK
977,1712303149.9748583,17097415.16413785,1000.0,-5.503015286595717e-08,1045.0,ASK
978,1712303155.8747888,17099415.16413785,1000.0,-5.503015286595717e-08,1045.0,ASK
979,1712303160.7247725,17099415.16413785,1000.0,-0.0,1045.0,ASK
980,1712303163.4049118,17099689.88142839,1001.0,7.55428069694287e-09,1045.0,BID
981,1712303163.584848,17099825.58051673,1001.0,3.731505219849391e-09,1045.0,BID
982,1712303163.592666,17102313.188655,1001.0,6.840519613310693e-08,1045.0,BID
983,1712303175.3050485,17102783.47195883,1001.0,-1.2932029422862872e-08,1045.0,ASK
984,1712303189.364835,17102888.2902134,1001.0,-2.8823322900916197e-09,1045.0,ASK
985,1712303190.7268,17102888.2902134,1001.0,-0.0,1045.0,ASK
986,1712303195.8049371,17104791.23978523,1001.0,-5.232303004666037e-08,1045.0,ASK
987,1712303199.9448462,17105015.79068343,1002.0,6.174195873253301e-09,1045.0,BID
988,1712303215.6456647,17105915.70878343,1001.0,-2.4743925158483106e-08,1045.0,ASK
989,1712303218.5947037,17105925.70878343,1002.0,2.7495752289568167e-10,1045.0,BID
990,1712303221.0159178,17105925.70878343,1002.0,0.0,1045.0,BID
991,1712303225.684843,17106812.5492435,1001.0,-2.4382307101468543e-08,1045.0,ASK
992,1712303225.691253,17110920.71377843,1001.0,-1.1294763130922225e-07,1045.0,ASK
993,1712303226.1851869,17110970.61397803,1002.0,1.371928825806877e-09,1045.0,BID
994,1712303232.1092024,17112170.61397803,1002.0,3.2992144403819875e-08,1045.0,BID
995,1712303236.345762,17113270.61397803,1002.0,3.024279903683488e-08,1045.0,BID
996,1712303245.8351274,17115625.30397803,1001.0,-6.473856042189573e-08,1045.0,ASK
997,1712303245.8432329,17115657.69988212,1001.0,-8.9067528819834e-10,1045.0,ASK
1197,1712303245.8432329,17115657.69988212,1001.0,-8.906752881983401e-10,1045.0,ASK
998,1712303245.8496022,17116960.17821605,1001.0,-3.580962772992667e-08,1045.0,ASK
999,1712303245.8531775,17128138.54098829,1000.0,-3.073317989832868e-07,1045.0,ASK
1000,1712303245.8568163,17135874.40179746,1001.0,-2.126855307533149e-07,1045.0,ASK
1201,1712303251.0050118,17135874.40179746,1001.0,-0.0,1045.0,ASK
1202,1712303260.955328,17137936.27604895,1002.0,5.664137320619665e-08,1045.0,BID
1203,1712303266.2429657,17138702.58340494,1001.0,-2.1051090244615426e-08,1045.0,ASK
1204,1712303266.2455795,17138707.58340494,1001.0,-1.3735409219354998e-10,1045.0,ASK
1205,1712303266.3752706,17139597.61670978,1001.0,-2.444994332167363e-08,1045.0,ASK
1206,1712303266.4195795,17139617.59672976,1001.0,5.48867501249821e-10,1045.0,BID
1207,1712303275.6556954,17139754.50629694,1001.0,-3.761017862552196e-09,1045.0,ASK
1208,1712303275.6583302,17139754.50629695,1001.0,-3.0701032026160505e-19,1045.0,ASK
1209,1712303280.6069446,17139754.50629695,1001.0,-0.0,1045.0,ASK
1210,1712303302.955612,17140043.80120993,1001.0,7.946319737193223e-09,1045.0,BID
1211,1712303303.0157158,17140054.20659665,1001.0,2.8581397790113845e-10,1045.0,BID
1212,1712303303.017769,17140143.80120993,1001.0,2.46097463838188e-09,1045.0,BID
1213,1712303304.5255818,17141143.80120993,1000.0,-2.7467886162830188e-08,1045.0,ASK
1214,1712303305.3656714,17158832.46311983,1000.0,-4.858701517139403e-07,1045.0,ASK
1215,1712303305.4056811,17158896.10317977,1001.0,1.7480579218418091e-09,1045.0,BID
1216,1712303307.7356596,17161391.99678616,1001.0,6.855692145477597e-08,1045.0,BID
1217,1712303308.346918,17162391.99678616,1000.0,-2.7467886162830188e-08,1045.0,ASK
1218,1712303308.348368,17172555.55932284,1000.0,-2.7917157876641244e-07,1045.0,ASK
1219,1712303308.3496048,17183351.8273589,1000.0,-2.965506613978993e-07,1045.0,ASK
1220,1712303308.6958086,17183407.41227398,1001.0,1.526800119765401e-09,1045.0,BID
1221,1712303310.7056594,17183407.41227398,1001.0,0.0,1045.0,BID
1222,1712303313.3757288,17183783.14365493,1000.0,-1.0308185887324485e-08,1045.0,ASK
1223,1712303313.3784575,17188758.08018666,1000.0,-1.3648732351543588e-07,1045.0,ASK
1224,1712303313.3861065,17206238.40298004,1000.0,-4.795724441985127e-07,1045.0,ASK
1225,1712303313.3882306,17224002.84083436,1000.0,-4.873671374555729e-07,1045.0,ASK
1226,1712303313.4756978,17229032.98963436,1000.0,1.3800207142697225e-07,1045.0,BID
1227,1712303318.6990817,17229283.01613701,999.9,-6.859474073086963e-09,1045.0,ASK
1228,1712303318.7018676,17231032.98963436,999.9,-4.8010501712502994e-08,1045.0,ASK
1229,1712303320.0261903,17231132.99963536,999.9,-2.743773166593878e-09,1045.0,ASK
1230,1712303320.029382,17232251.92433456,999.9,-3.0697685575458875e-08,1045.0,ASK
1231,1712303320.0321922,17233087.15333136,999.9,-2.2914497414977497e-08,1045.0,ASK
1232,1712303329.4758568,17233097.15333136,999.9,-2.7434987892794965e-10,1045.0,ASK
1233,1712303329.478701,17235087.15333136,999.9,-5.459562590666201e-08,1045.0,ASK
1234,1712303335.025943,17236087.15333136,999.9,-2.7434987892794984e-08,1045.0,ASK
1235,1712303338.405821,17237244.11438031,1000.0,3.1741212370365184e-08,1045.0,BID
1236,1712303338.4759195,17237264.09440029,1000.0,5.481516062265751e-10,1045.0,BID
1237,1712303338.4961452,17238291.03727231,1000.0,2.8174165260497768e-08,1045.0,BID
1238,1712303338.7708423,17238337.05242401,999.9,-1.2624251297236582e-09,1045.0,ASK
1239,1712303339.355896,17238437.06242501,999.9,-2.743773166593878e-09,1045.0,ASK
1240,1712303339.3577037,17238561.73434201,999.9,-3.420372533436988e-09,1045.0,ASK
1241,1712303339.3593056,17238835.06039213,999.9,-7.498696875864361e-09,1045.0,ASK
1242,1712303340.9758282,17238835.06039213,999.9,-0.0,1045.0,ASK
1243,1712303344.4558969,17238881.02540962,1000.0,1.2591350122922723e-09,1045.0,BID
1244,1712303344.876173,17238891.02540962,999.9,-2.7393332604817766e-10,1045.0,ASK
1245,1712303346.086269,17240391.02540962,1000.0,4.1089998907226654e-08,1045.0,BID
1246,1712303347.7860024,17240454.56430474,1000.0,1.740542087336895e-09,1045.0,BID
1247,1712303347.809595,17253426.60926508,1000.0,3.5534754216330805e-07,1045.0,BID
1248,1712303347.8119,17255349.17473655,1000.0,5.26654754144237e-08,1045.0,BID
1249,1712303350.7068613,17255359.17573665,1000.0,-2.7396072219159565e-10,1045.0,ASK
1250,1712303360.2612877,17255405.16582124,1000.0,-1.2598216836572423e-09,1045.0,ASK
1251,1712303360.7759972,17255617.86364332,1001.0,5.8265021845321105e-09,1045.0,BID
1252,1712303367.627318,17255668.78312383,1001.0,-1.3948542656765e-09,1045.0,ASK
1253,1712303367.7662525,17255682.25067845,1001.0,3.689212031175183e-10,1045.0,BID
1254,1712303370.980427,17255682.25067845,1001.0,0.0,1045.0,BID
1255,1712303377.986403,17255732.2007284,1001.0,-1.367667142284209e-09,1045.0,ASK
1256,1712303377.9894245,17258448.73318646,1001.0,-7.438054991799095e-08,1045.0,ASK
1257,1712303377.99236,17259660.99908202,1001.0,-3.31926841849767e-08,1045.0,ASK
1258,1712303385.6563983,17260660.00008103,1001.0,-2.7353342844970177e-08,1045.0,ASK
1259,1712303389.786306,17261659.00108003,1002.0,2.7353342844766178e-08,1045.0,BID
1260,1712303393.8262403,17261663.99209799,1002.0,1.3665754643014432e-10,1045.0,BID
1261,1712303396.2365575,17261668.98311595,1002.0,1.3665754643014432e-10,1045.0,BID
1262,1712303400.7364345,17261668.98311595,1002.0,0.0,1045.0,BID
1263,1712303408.4765167,17261768.98311595,1002.0,2.74406508253087e-09,1045.0,BID
1264,1712303412.696446,17262327.59264986,1002.0,1.5328609167704744e-08,1045.0,BID
1265,1712303414.9064898,17262377.49284946,1002.0,1.369293953427071e-09,1045.0,BID
1266,1712303418.256607,17262477.49284946,1002.0,2.74406508253087e-09,1045.0,BID
1267,1712303429.116556,17262577.29324866,1002.0,2.738587906649693e-09,1045.0,BID
1268,1712303430.7141852,17262577.29324866,1002.0,0.0,1045.0,BID
1269,1712303442.1066918,17262677.09364786,1002.0,2.738519513575065e-09,1045.0,BID
1270,1712303442.8266122,17262932.15801911,1002.0,6.998957554205279e-09,1045.0,BID
1271,1712303445.2766712,17263555.90033447,1002.0,1.7115467631006916e-08,1045.0,BID
1272,1712303445.4970188,17263839.42771843,1001.0,-7.779981641759591e-09,1045.0,ASK
1273,1712303455.8769505,17265943.52746499,1002.0,5.7736424510314015e-08,1045.0,BID
1274,1712303460.9962325,17265943.52746499,1002.0,0.0,1045.0,BID
1275,1712303462.686799,17268829.4476785,1002.0,-7.918222314896987e-08,1045.0,ASK
1276,1712303469.736935,17268927.65206931,1002.0,2.694475734684724e-09,1045.0,BID
1277,1712303475.2267623,17268932.64208927,1002.0,1.3691330481677258e-10,1045.0,BID
1278,1712303485.367023,17269017.36241353,1001.0,-2.324507652479973e-09,1045.0,ASK
1279,1712303485.3770263,17272645.38884252,1001.0,-9.9543707738655e-08,1045.0,ASK
1280,1712303485.3801367,17273389.64208927,1001.0,-2.0420393601906115e-08,1045.0,ASK
1281,1712303488.117031,17273589.24288767,1002.0,5.476532194306301e-09,1045.0,BID
1282,1712303488.5667973,17273605.93640064,1002.0,4.5802703177193164e-10,1045.0,BID
1283,1712303488.5768292,17274105.93640064,1002.0,1.3718713147076632e-08,1045.0,BID
1284,1712303491.0067706,17274105.93640064,1002.0,0.0,1045.0,BID
1285,1712303504.7071335,17274142.35631443,1002.0,9.990446333358286e-10,1045.0,BID
1286,1712303507.8171732,17274826.83685335,1002.0,1.8776173195412947e-08,1045.0,BID
1287,1712303510.2882032,17275826.83685335,1002.0,2.7431273977414148e-08,1045.0,BID
1288,1712303515.947239,17278314.35282141,1002.0,6.823573204299867e-08,1045.0,BID
1289,1712303520.702708,17278314.35282141,1002.0,0.0,1045.0,BID
1290,1712303525.357571,17278414.15322061,1002.0,2.737335457385781e-09,1045.0,BID
1291,1712303538.007252,17281478.54773158,1002.0,8.405052302003723e-08,1045.0,BID
1292,1712303540.8772492,17281550.16170363,1002.0,1.9642352787947274e-09,1045.0,BID
1293,1712303546.8473573,17281565.24177857,1001.0,-4.136178228164854e-10,1045.0,ASK
1294,1712303546.8508356,17281650.16170363,1001.0,-2.329192305551912e-09,1045.0,ASK
1295,1712303550.7171233,17281650.16170363,1001.0,-0.0,1045.0,ASK
1296,1712303552.6472766,17281670.16170363,1002.0,5.48511740777083e-10,1045.0,BID
1297,1712303557.7474563,17282325.74767702,1002.0,1.7979830174644203e-08,1045.0,BID
1298,1712303557.7510705,17284140.2380427,1002.0,4.9763463455127583e-08,1045.0,BID
1299,1712303558.387256,17284240.0384419,1002.0,2.7370845347480803e-09,1045.0,BID
1300,1712303558.4871464,17284339.8388411,1002.0,2.7370845347480803e-09,1045.0,BID
1301,1712303560.5971034,17284439.6392403,1002.0,2.7370845347480803e-09,1045.0,BID
1302,1712303560.877447,17284509.49951975,1002.0,1.9159591746710284e-09,1045.0,BID
1303,1712303560.8810654,17286622.74594882,1002.0,5.795702387502981e-08,1045.0,BID
1304,1712303560.9794624,17287984.01176382,1002.0,-3.7333514092224e-08,1045.0,ASK
1305,1712303569.8384216,17287984.01176461,1002.0,-2.1659673944998842e-17,1045.0,ASK
1306,1712303569.841929,17288016.90948682,1002.0,-9.022393438705607e-10,1045.0,ASK
1307,1712303576.1574447,17288016.9094874,1002.0,-1.5938250638772732e-17,1045.0,ASK
1308,1712303576.160891,17289318.31830182,1002.0,-3.5691900712981964e-08,1045.0,ASK
1309,1712303576.1973405,17290230.18508513,1002.0,-2.5008481833500923e-08,1045.0,ASK
1310,1712303580.9878323,17290230.18508513,1002.0,-0.0,1045.0,ASK
1311,1712303596.237471,17290484.99480601,1002.0,6.986658844374026e-09,1045.0,BID
1312,1712303598.9276698,17290664.5187581,1002.0,4.922389158872427e-09,1045.0,BID
1313,1712303599.1275442,17290674.48884783,1002.0,2.73371107466068e-10,1045.0,BID
1314,1712303610.887614,17293798.17347856,1002.0,8.564869023379102e-08,1045.0,BID
1315,1712303610.9574668,17293798.17347856,1002.0,0.0,1045.0,BID
1316,1712303624.727629,17293930.66641105,1001.0,-3.63248381023425e-09,1045.0,ASK
1317,1712303624.7311685,17294892.99009695,1001.0,-2.6383484337715683e-08,1045.0,ASK
1318,1712303626.7475154,17295075.00170352,1002.0,4.990109296481532e-09,1045.0,BID
1319,1712303626.757424,17295176.31997414,1002.0,2.7777857338384443e-09,1045.0,BID
1320,1712303626.8574283,17295890.99408896,1002.0,-1.9593816084129666e-08,1045.0,ASK
1321,1712303630.2276435,17298256.00365397,1001.0,-6.484012991812726e-08,1045.0,ASK
1322,1712303630.231127,17301746.10112496,1001.0,-9.568602884064172e-08,1045.0,ASK
1323,1712303630.247579,17304460.08913694,1001.0,-7.440787466419254e-08,1045.0,ASK
1324,1712303630.251006,17310960.00165596,1001.0,-1.782044260729065e-07,1045.0,ASK
1325,1712303630.2543714,17311099.98647114,1001.0,-3.83788452154309e-09,1045.0,ASK
1326,1712303634.277597,17311268.95952503,1002.0,4.632638670499193e-09,1045.0,BID
1327,1712303639.4576528,17311349.51565056,1001.0,2.2085617421107262e-09,1045.0,BID
1328,1712303640.7276928,17311349.51565056,1001.0,0.0,1045.0,BID
1329,1712303641.8676677,17311369.51565056,1001.0,5.480646833679082e-10,1045.0,BID
1330,1712303647.9776075,17312368.8839664,1000.0,-2.7385923979493346e-08,1045.0,ASK
1331,1712303647.9804292,17313896.98816891,1000.0,-4.187499729506123e-08,1045.0,ASK
1332,1712303650.7680774,17319110.03602745,1000.0,-1.42854371198623e-07,1045.0,ASK
1333,1712303663.5276935,17319128.70951259,1001.0,5.11713886065657e-10,1045.0,BID
1334,1712303663.5378134,17319139.91650553,1001.0,3.071078518341105e-10,1045.0,BID
1335,1712303670.2814786,17321609.9928446,1000.0,-6.768808033334132e-08,1045.0,ASK
1336,1712303670.6192632,17321609.9928446,1000.0,-0.0,1045.0,ASK
1337,1712303674.4978583,17322114.10288482,1001.0,1.3810362396772918e-08,1045.0,BID
1338,1712303674.5008895,17323607.9948426,1001.0,4.0925963921460366e-08,1045.0,BID
1339,1712303692.0378652,17323707.8949425,1001.0,2.736816315901458e-09,1045.0,BID
1340,1712303695.1380055,17325849.61590637,1000.0,-5.8673583749317694e-08,1045.0,ASK
1341,1712303695.141586,17326069.61590637,1000.0,-6.0270168909071555e-09,1045.0,ASK
1342,1712303695.144762,17328881.98302405,1000.0,-7.704629146224046e-08,1045.0,ASK
1343,1712303695.2978573,17329208.61322405,1000.0,8.948207874872945e-09,1045.0,BID
1344,1712303700.747856,17329208.61322405,1000.0,0.0,1045.0,BID
1345,1712303709.1498537,17329308.61322405,1000.0,2.739705589830044e-09,1045.0,BID
1346,1712303722.4606297,17329318.61322405,1000.0,2.739705589830045e-10,1045.0,BID
1347,1712303725.0564694,17329328.61322405,1000.0,2.739705589830045e-10,1045.0,BID
1348,1712303730.6702814,17329328.61322405,1000.0,0.0,1045.0,BID
1349,1712303735.2279365,17330241.2219197,1000.0,2.5002709247987363e-08,1045.0,BID
1350,1712303737.6821454,17330741.2719247,999.9,-1.3699852898656458e-08,1045.0,ASK
1351,1712303737.6838956,17331392.88138564,999.9,-1.7852122133729025e-08,1045.0,ASK
1352,1712303737.6856363,17332446.5609637,999.9,-2.8867623392519263e-08,1045.0,ASK
1353,1712303737.78582,17332446.56096398,999.9,-7.654623825127989e-18,1045.0,ASK
1354,1712303737.7887113,17332546.56096398,999.8,-2.7396965826755943e-09,1045.0,ASK
1355,1712303737.791459,17332552.56096398,999.8,-1.6438179496053567e-10,1045.0,ASK
1356,1712303737.7931013,17334322.09981761,999.8,-4.84799955020296e-08,1045.0,ASK
1357,1712303757.1585195,17335322.09981761,999.8,-2.7396965826755944e-08,1045.0,ASK
1358,1712303757.1622376,17335331.10111787,999.8,-2.466083156312225e-10,1045.0,ASK
1359,1712303757.1659024,17335644.5208018,999.8,-8.586748370050058e-09,1045.0,ASK
1360,1712303760.7481785,17335732.29693463,999.7,-2.404799711534254e-09,1045.0,ASK
1361,1712303760.7510889,17336048.41827102,999.7,-8.660765450166976e-09,1045.0,ASK
1362,1712303760.7582097,17336203.95778751,999.6,-4.2613108179853805e-09,1045.0,ASK
1363,1712303760.761149,17336222.12813861,999.7,-4.97812488125567e-10,1045.0,ASK
1364,1712303760.764001,17336263.92785424,999.6,-1.1451853807026814e-09,1045.0,ASK
1365,1712303760.7671103,17336277.26898835,999.7,-3.6550659526356455e-10,1045.0,ASK
1366,1712303760.7687542,17336282.27198955,999.6,-1.3706705295961458e-10,1045.0,ASK
1367,1712303760.7704325,17336782.37200955,999.7,-1.3701223157868414e-08,1045.0,ASK
1368,1712303760.7721398,17336882.09205756,999.6,-2.732026747582001e-09,1045.0,ASK
1369,1712303760.9598408,17336882.09205756,999.6,-0.0,1045.0,ASK
1370,1712303761.6493094,17337060.55672227,999.8,4.888378876409531e-09,1045.0,BID
1371,1712303766.7479167,17338060.75676227,999.8,-2.7396777707812533e-08,1045.0,ASK
1372,1712303766.7578542,17339203.39090002,999.8,-3.129823257479704e-08,1045.0,ASK
1373,1712303768.5780134,17339717.53822948,999.8,1.4083162898377578e-08,1045.0,BID
1374,1712303771.5683286,17339895.82476134,999.8,4.8834995863502694e-09,1045.0,BID
1375,1712303774.4781034,17340371.91598766,999.8,1.3040756823135017e-08,1045.0,BID
1376,1712303774.481974,17345442.54286327,999.8,1.388910535837677e-07,1045.0,BID
1377,1712303774.489576,17347645.39917542,999.8,6.033909447373566e-08,1045.0,BID
1378,1712303775.6486363,17347895.12506577,999.6,-6.840316368897306e-09,1045.0,ASK
1379,1712303775.6508183,17349354.58586203,999.8,-3.9976526104045605e-08,1045.0,ASK
1380,1712303775.6526227,17349418.4263535,999.6,-1.7486739488204991e-09,1045.0,ASK
1381,1712303775.6543624,17349920.11980022,999.5,-1.3742034880628616e-08,1045.0,ASK
1382,1712303775.656093,17349928.22214115,999.6,-2.219336377452725e-10,1045.0,ASK
1383,1712303775.6578069,17350038.77741879,999.5,-3.028252594224291e-09,1045.0,ASK
1384,1712303775.6595497,17353882.83784295,999.6,-1.0529380596302229e-07,1045.0,ASK
1385,1712303775.6612513,17355484.30900228,999.5,-4.3866374328094974e-08,1045.0,ASK
1386,1712303785.1983466,17357708.32891024,999.6,-6.09187928406906e-08,1045.0,ASK
1387,1712303785.2024722,17359029.67504181,999.5,-3.61933861167085e-08,1045.0,ASK
1388,1712303789.7181835,17359245.7663692,999.5,-5.9190220199595525e-09,1045.0,ASK
1389,1712303790.617969,17359744.62086968,999.5,-1.3664272457110561e-08,1045.0,ASK
1390,1712303791.0080187,17359744.62086968,999.5,-0.0,1045.0,ASK
1391,1712303794.1781683,17359757.96200379,999.5,-3.652023537495776e-10,1045.0,ASK
1392,1712303794.1813564,17360769.50167232,999.5,-2.7690049800195656e-08,1045.0,ASK
1393,1712303796.4082763,17365961.32990989,999.5,-1.421219423468437e-07,1045.0,ASK
1394,1712303796.5081198,17366086.34241114,999.9,3.422112343172491e-09,1045.0,BID
1395,1712303799.1854515,17367109.78975587,999.9,2.8016012446223092e-08,1045.0,BID
1396,1712303800.4181442,17367209.79975688,999.9,2.737689874823528e-09,1045.0,BID
1397,1712303803.0482266,17367309.80975789,999.9,2.737689874721551e-09,1045.0,BID
1398,1712303805.898172,17367409.8197589,999.9,2.737689874823528e-09,1045.0,BID
1399,1712303807.018294,17367557.56228979,999.9,4.044327835298846e-09,1045.0,BID
1400,1712303807.0226493,17370362.98307694,1000.0,7.67960404554506e-08,1045.0,BID
1401,1712303814.508368,17372474.36548603,1000.0,-5.77973221157619e-08,1045.0,ASK
1402,1712303814.518181,17373474.46549603,1000.0,-2.7376898745175976e-08,1045.0,ASK
1403,1712303814.5214407,17374396.98288761,1000.0,-2.525313965347829e-08,1045.0,ASK
1404,1712303820.6812315,17374396.98288761,1000.0,-0.0,1045.0,ASK
1405,1712303850.6904967,17374396.98288761,1000.0,-0.0,1045.0,ASK
1406,1712303880.9982212,17374396.98288761,1000.0,-0.0,1045.0,ASK
1407,1712303891.6296551,17374413.38188761,1000.0,-4.4872892386516055e-10,1045.0,ASK
1408,1712303891.6337185,17377022.38238736,1000.0,-7.139057177880088e-08,1045.0,ASK
1409,1712303891.9633746,17377396.98288761,1000.0,1.0250264001179117e-08,1045.0,BID
1410,1712303906.9486408,17377896.98288761,1000.0,-1.3681594117307524e-08,1045.0,ASK
1411,1712303906.9531076,17377916.98288761,1000.0,-5.47263764692301e-10,1045.0,ASK
1412,1712303907.908471,17377966.98288761,999.6,-1.368159411730752e-09,1045.0,ASK
1413,1712303907.9183855,17380843.90855787,999.6,-7.87218586522849e-08,1045.0,ASK
1414,1712303907.921772,17383172.65802034,999.6,-6.37220098928365e-08,1045.0,ASK
1415,1712303909.0582228,17383272.65802034,1000.0,2.736318823461504e-09,1045.0,BID
1416,1712303911.0081918,17383272.65802034,1000.0,0.0,1045.0,BID
1417,1712303911.408517,17383656.11382034,1000.0,1.049002615974351e-08,1045.0,BID
1418,1712303917.448343,17383676.11382034,1000.0,5.471309162478541e-10,1045.0,BID
1419,1712303923.7883828,17383976.11382034,1000.0,8.206963743717811e-09,1045.0,BID
1420,1712303926.9883566,17384076.11382034,1000.0,2.7356545812392703e-09,1045.0,BID
1421,1712303929.5584855,17384176.11382034,1000.0,2.7356545812392703e-09,1045.0,BID
1422,1712303938.391991,17384676.11382034,1000.0,1.3678272906196352e-08,1045.0,BID
1423,1712303939.8984497,17384776.11382034,1000.0,2.7356545812392703e-09,1045.0,BID
1424,1712303940.2983906,17385475.76399525,1000.0,1.9140012062528573e-08,1045.0,BID
1425,1712303940.6798236,17385475.76399525,1000.0,0.0,1045.0,BID
1426,1712303943.0886092,17385575.76399525,1000.0,2.7354897149987862e-09,1045.0,BID
1427,1712303943.488292,17386075.76399525,1000.0,1.3677448574993933e-08,1045.0,BID
1428,1712303946.5583446,17386175.78399925,999.8,-2.736036922375455e-09,1045.0,ASK
1429,1712303946.56252,17386300.80800405,999.8,-3.4200187926412474e-09,1045.0,ASK
