,time,acc_trade_volume,trade_price,dev,high,ask_bid
0,1712300395.489098,324711632.50915444,16.53,0.0,17.37,BID
1,1712300400.3122714,324711632.50915444,16.53,0.0,17.37,BID
2,1712300404.292736,324831166.6579646,16.49,-7.708107815563819e-06,17.37,ASK
3,1712300404.294235,325051446.18828905,16.5,-1.420463010950506e-05,17.37,ASK
4,1712300404.3021677,325064972.416306,16.49,-8.72232955440368e-07,17.37,ASK
5,1712300409.3559537,325185964.55181724,16.53,7.802125456525691e-06,17.37,BID
6,1712300418.6123865,325186273.0817628,16.52,1.9895419914059225e-08,17.37,BID
7,1712300421.302482,325186773.0817628,16.52,-3.224228344908504e-08,17.37,ASK
8,1712300423.3622923,325187081.4251727,16.51,1.9883391243041853e-08,17.37,BID
9,1712300425.2023046,325187535.695312,16.51,2.9293413186047533e-08,17.37,BID
10,1712300428.892898,325187844.0387219,16.53,1.9883391246885413e-08,17.37,BID
11,1712300430.2422836,325187844.0387219,16.53,0.0,17.37,BID
12,1712300459.5824263,325188448.52145934,16.51,3.8960061109989547e-08,17.37,BID
13,1712300460.332445,325188448.52145934,16.51,0.0,17.37,BID
14,1712300490.3226206,325188448.52145934,16.51,0.0,17.37,BID
15,1712300503.5026178,325189448.52145934,16.51,6.445185881710934e-08,17.37,BID
16,1712300505.022536,325256948.52145934,16.5,-4.35050047015488e-06,17.37,ASK
17,1712300516.692913,325261779.43933374,16.5,-3.113616367976111e-07,17.37,ASK
18,1712300520.232785,325261779.43933374,16.5,-0.0,17.37,ASK
19,1712300537.1028044,325262691.2935337,16.5,-5.8766115291488864e-08,17.37,ASK
20,1712300538.1130931,325273538.9023539,16.5,-6.990940334569328e-07,17.37,ASK
21,1712300539.312902,325279380.92380226,16.51,3.764997803276484e-07,17.37,BID
22,1712300541.942707,325280972.3610895,16.5,-1.0256309299062185e-07,17.37,ASK
23,1712300541.9442062,325348471.8328932,16.5,-4.3501271830123854e-06,17.37,ASK
24,1712300550.2227538,325348471.8328932,16.5,-0.0,17.37,ASK
25,1712300561.0128562,325352480.3128824,16.5,-2.583100265923188e-07,17.37,ASK
26,1712300572.042956,325445550.3128824,16.51,5.997513830563339e-06,17.37,BID
27,1712300572.044634,325462073.2896117,16.51,1.0647553610819362e-06,17.37,BID
28,1712300578.0431626,325462527.01011986,16.53,2.9238154323509963e-08,17.37,BID
29,1712300578.0448203,325480181.15328604,16.54,1.137648735424265e-06,17.37,BID
30,1712300578.0528762,325492435.6887991,16.53,7.896932011024757e-07,17.37,BID
31,1712300580.3128085,325492435.6887991,16.53,0.0,17.37,BID
32,1712300596.442868,325492888.9406971,16.53,2.92034822890246e-08,17.37,BID
33,1712300598.4030464,325872061.93833977,16.51,-2.4430503148961888e-05,17.37,ASK
34,1712300598.4044702,325948763.73083687,16.5,-4.941974757646568e-06,17.37,ASK
35,1712300598.4058502,326088069.4025353,16.5,-8.975606576036513e-06,17.37,ASK
36,1712300610.333075,326088069.4025353,16.5,-0.0,17.37,ASK
37,1712300629.1930175,326107679.6878058,16.5,-1.2627108004938386e-06,17.37,ASK
38,1712300637.166148,326108284.64848334,16.53,3.895355783453573e-08,17.37,BID
39,1712300640.2329285,326108284.64848334,16.53,0.0,17.37,BID
40,1712300670.2431695,326108284.64848334,16.53,0.0,17.37,BID
41,1712300686.8732784,326176784.64848334,16.5,-4.41063609590066e-06,17.37,ASK
42,1712300700.324988,326176784.64848334,16.5,-0.0,17.37,ASK
43,1712300728.0333223,326481599.51481944,16.5,-1.968262807337239e-05,17.37,ASK
44,1712300728.0344646,326482357.090577,16.5,-4.8918486334837264e-08,17.37,ASK
45,1712300728.0356712,326516462.32514733,16.5,-2.202256915719535e-06,17.37,ASK
46,1712300728.0731883,326584521.6629744,16.5,-4.394754919506665e-06,17.37,ASK
47,1712300728.113475,326636146.79053915,16.5,-3.333558488507877e-06,17.37,ASK
48,1712300728.116537,326640422.99480134,16.5,-2.761247804947484e-07,17.37,ASK
49,1712300728.9134011,326691211.3037739,16.5,-3.279523101998924e-06,17.37,ASK
50,1712300728.9148324,326696211.3037739,16.5,-3.228620098153142e-07,17.37,ASK
51,1712300728.916306,326878803.94684625,16.5,-1.1790445543966923e-05,17.37,ASK
52,1712300728.9175854,326884345.4942176,16.5,-3.578310243587379e-07,17.37,ASK
53,1712300729.153236,326886096.9730606,16.49,-1.130971958821475e-07,17.37,ASK
54,1712300729.154111,327065873.4942176,16.49,-1.1608601787668725e-05,17.37,ASK
55,1712300729.2133071,327070873.4942176,16.49,-3.228620098153142e-07,17.37,ASK
56,1712300729.2144835,327075750.78017765,16.49,-3.149380695029749e-07,17.37,ASK
57,1712300730.3131664,327075750.78017765,16.49,-0.0,17.37,ASK
58,1712300760.224872,327075750.78017765,16.49,-0.0,17.37,ASK
59,1712300783.4535673,327106058.0173358,16.48,-1.955138712609938e-06,17.37,ASK
60,1712300783.4551203,327176058.0173358,16.48,-4.515743522534494e-06,17.37,ASK
61,1712300783.5736058,327179058.0173358,16.47,-1.935318652514783e-07,17.37,ASK
62,1712300783.5752864,327181471.0726963,16.47,-1.556677016278044e-07,17.37,ASK
63,1712300784.1636107,327218909.5735505,16.49,2.41518096751042e-06,17.37,BID
64,1712300784.1653037,327276966.30827343,16.49,3.745276053778496e-06,17.37,BID
65,1712300786.3483396,327302696.08784187,16.49,-1.6598440774627871e-06,17.37,ASK
66,1712300790.233575,327302696.08784187,16.49,-0.0,17.37,ASK
67,1712300791.414002,327333054.3149214,16.47,-1.957955555051441e-06,17.37,ASK
68,1712300791.4159927,327342784.5503926,16.47,-6.275520814503668e-07,17.37,ASK
69,1712300791.4179096,327509522.5421944,16.46,-1.0753776115825624e-05,17.37,ASK
70,1712300791.4187744,327523480.78445303,16.47,-9.002376158995537e-07,17.37,ASK
71,1712300791.41966,327553480.78445303,16.45,-1.93485167950361e-06,17.37,ASK
72,1712300791.4205365,327557250.345602,16.46,-2.431180573340351e-07,17.37,ASK
73,1712300791.4214425,327557554.3577601,16.45,-1.9607281156041563e-08,17.37,ASK
74,1712300791.4223316,327557864.1998014,16.46,-1.9983279800551307e-08,17.37,ASK
75,1712300791.423521,327568940.18764234,16.45,-7.143464558741539e-07,17.37,ASK
76,1712300791.4244175,327576026.6149095,16.43,-4.570395233203365e-07,17.37,ASK
77,1712300791.4253366,328055582.049958,16.45,-3.092895463061997e-05,17.37,ASK
78,1712300791.4262576,328168115.3187384,16.44,-7.2578394699936e-06,17.37,ASK
79,1712300791.4272013,328170540.8506533,16.45,-1.5643481664047208e-07,17.37,ASK
80,1712300791.4281223,328180540.8506533,16.44,-6.449505598345366e-07,17.37,ASK
81,1712300791.4290564,328284979.1181305,16.45,-6.735751907757847e-06,17.37,ASK
82,1712300791.429984,328295108.1600881,16.44,-6.532731281152471e-07,17.37,ASK
83,1712300791.4309192,328337624.8956413,16.45,-2.742119239737652e-06,17.37,ASK
84,1712300791.4318423,328337929.09272164,16.44,-1.961920772486486e-08,17.37,ASK
85,1712300791.4327755,328617126.28773946,16.43,-1.8006838723097186e-05,17.37,ASK
86,1712300791.4337356,328675622.1007647,16.42,-3.7726907358602414e-06,17.37,ASK
87,1712300791.4346764,328675932.5085553,16.43,-2.0019767832528013e-08,17.37,ASK
88,1712300791.4356315,329234368.9103227,16.42,-3.6016386995189e-05,17.37,ASK
89,1712300791.8835714,329246497.473088,16.49,7.822323345468728e-07,17.37,BID
90,1712300792.1571765,329255593.89516205,16.49,5.866742509130378e-07,17.37,BID
91,1712300792.2136245,329267722.45792735,16.49,7.822323345468728e-07,17.37,BID
92,1712300816.2951436,329270867.7438154,16.44,-2.0285538943541735e-07,17.37,ASK
93,1712300816.3034906,329295023.0398346,16.44,-1.5578971690549745e-06,17.37,ASK
94,1712300816.3051653,329402798.38077044,16.43,-6.950976647291923e-06,17.37,ASK
95,1712300816.3065815,329409874.8862449,16.44,-4.563996167417533e-07,17.37,ASK
96,1712300820.3036048,329409874.8862449,16.44,-0.0,17.37,ASK
97,1712300820.893689,329415619.2653334,16.43,-3.696582146241304e-07,17.37,ASK
98,1712300820.8958814,329417189.1983827,16.43,-1.01027219674471e-07,17.37,ASK
99,1712300820.8980803,329509875.0478321,16.43,-5.964454138629302e-06,17.37,ASK
100,1712300829.3634765,329510179.23726743,16.47,1.957498310103558e-08,17.37,BID
101,1712300831.4336493,329571043.5099394,16.47,3.916694567610372e-06,17.37,BID
102,1712300833.1039517,329574184.43563974,16.42,-2.021226260962983e-07,17.37,ASK
103,1712300833.1058898,329611388.0303742,16.42,-2.3940993787532407e-06,17.37,ASK
104,1712300833.1078286,329619351.2987857,16.43,-5.124466087961537e-07,17.37,ASK
105,1712300833.109763,330115638.92678165,16.42,-3.193674993902055e-05,17.37,ASK
106,1712300833.111328,330133909.3287305,16.42,-1.1757239661254885e-06,17.37,ASK
107,1712300833.112834,330139219.05179805,16.43,-3.4168753820773975e-07,17.37,ASK
108,1712300842.6595664,330139529.6486312,16.42,-1.998730742662263e-08,17.37,ASK
109,1712300842.6693516,330154752.49293053,16.42,-9.796096947068415e-07,17.37,ASK
110,1712300842.6707077,330251998.49293053,16.42,-6.257905717116174e-06,17.37,ASK
111,1712300842.77364,330252498.49293053,16.42,3.2175645872921125e-08,17.37,BID
112,1712300842.7935588,330253086.49293053,16.42,3.783855954655524e-08,17.37,BID
113,1712300842.8743494,330288993.4052046,16.42,2.3106561874405683e-06,17.37,BID
114,1712300843.293539,330294287.0083185,16.42,3.4065019836861466e-07,17.37,BID
115,1712300843.3734915,330453342.8991543,16.42,-1.0235452035070792e-05,17.37,ASK
116,1712300846.3735435,330488140.8504163,16.42,2.2392931138183823e-06,17.37,BID
117,1712300847.2336338,330524203.8242024,16.42,2.320698947329153e-06,17.37,BID
118,1712300848.8636668,330554580.4949192,16.42,1.954777999565605e-06,17.37,BID
119,1712300850.0637758,330558580.4949192,16.41,-2.5740516698336895e-07,17.37,ASK
120,1712300850.0659244,330560104.0171617,16.41,-9.804062431136273e-08,17.37,ASK
121,1712300850.0770085,330887143.9259525,16.41,-2.104544058312829e-05,17.37,ASK
122,1712300850.0779624,331119395.1030989,16.4,-1.4945663258865512e-05,17.37,ASK
123,1712300850.0801816,331139395.1030989,16.41,-1.2870258349168448e-06,17.37,ASK
124,1712300850.0811174,331210813.32929766,16.4,-4.595855110085211e-06,17.37,ASK
125,1712300850.0840914,331223010.1590809,16.4,-7.848817517569949e-07,17.37,ASK
126,1712300850.0850406,331229107.72005653,16.4,-3.923859252796194e-07,17.37,ASK
127,1712300850.0936246,331269327.70700115,16.4,-2.58820811388694e-06,17.37,ASK
128,1712300850.0953546,331271327.70700115,16.4,-1.287025834916845e-07,17.37,ASK
129,1712300850.3235092,331271327.70700115,16.4,-0.0,17.37,ASK
130,1712300851.973606,331276493.3178149,16.4,-3.317613281938931e-07,17.37,ASK
131,1712300855.8634925,331308314.89459234,16.41,2.043740606403948e-06,17.37,BID
132,1712300858.5038266,331309503.91898257,16.4,-7.636508540393974e-08,17.37,ASK
133,1712300858.5060334,331510055.5507802,16.4,-1.288042753040762e-05,17.37,ASK
134,1712300858.5081985,331592408.43364465,16.4,-5.289113482389789e-06,17.37,ASK
135,1712300858.5584602,331877202.4767597,16.4,1.8290895968060028e-05,17.37,BID
136,1712300858.5838184,331918559.9380163,16.4,2.6561827384937816e-06,17.37,BID
137,1712300873.253809,331936863.78182346,16.39,-1.175564275258334e-06,17.37,ASK
138,1712300873.255557,331944787.6633356,16.39,-5.089112497434519e-07,17.37,ASK
139,1712300873.2572975,332061446.8160833,16.39,-7.492433490855517e-06,17.37,ASK
140,1712300873.2589924,332063352.8160833,16.4,-1.224128402890875e-07,17.37,ASK
141,1712300873.2606769,332123867.1937868,16.39,-3.8865355996907546e-06,17.37,ASK
142,1712300880.1947944,332123867.1937868,16.39,-0.0,17.37,ASK
143,1712300888.6394966,332124476.9498844,16.4,-3.91264521415083e-08,17.37,ASK
144,1712300888.641844,332313691.67439044,16.39,-1.214141341519934e-05,17.37,ASK
145,1712300888.6430075,332356348.5909047,16.4,-2.737182636126419e-06,17.37,ASK
146,1712300888.64416,332391703.6070284,16.38,-2.2686388079973817e-06,17.37,ASK
147,1712300888.6453135,332392984.57103,16.39,-8.219610579442524e-08,17.37,ASK
148,1712300888.6464725,332399089.577135,16.38,-3.917422558771779e-07,17.37,ASK
149,1712300888.647658,332405055.2574279,16.39,-3.8280208333368026e-07,17.37,ASK
150,1712300888.6491249,332499602.83495164,16.38,-6.066870478067833e-06,17.37,ASK
151,1712300888.650308,332499912.3009711,16.37,-1.985762413536416e-08,17.37,ASK
152,1712300888.6515002,332500221.7669905,16.38,-1.9857624131539483e-08,17.37,ASK
153,1712300888.6526806,332502221.7669905,16.37,-1.2833476302537113e-07,17.37,ASK
154,1712300888.6538892,332843997.1027658,16.38,-2.193082836232089e-05,17.37,ASK
155,1712300888.6551092,332844336.4430224,16.37,-2.177457570605336e-08,17.37,ASK
156,1712300888.6563077,332860209.4588954,16.38,-1.0185298652806626e-06,17.37,ASK
157,1712300888.6575286,332891955.4906414,16.38,-2.037059730561325e-06,17.37,ASK
158,1712300888.6587255,332976878.8239428,16.37,-5.449307927277668e-06,17.37,ASK
159,1712300888.6599417,332979931.32699525,16.38,-1.9587112793667665e-07,17.37,ASK
160,1712300888.6611514,333051473.8119974,16.37,-4.590693929499191e-06,17.37,ASK
161,1712300888.66237,333148719.8119974,16.38,-6.240021182582621e-06,17.37,ASK
162,1712300889.7338195,333149331.0589412,16.36,-3.922211583947068e-08,17.37,ASK
163,1712300889.736623,333189631.2159627,16.37,-2.5859555506211697e-06,17.37,ASK
164,1712300889.7465715,333191909.6610922,16.36,-1.462018578812285e-07,17.37,ASK
165,1712300889.7477918,333294321.0643869,16.39,-6.571471586459396e-06,17.37,ASK
166,1712300889.749006,333294932.3113307,16.36,-3.922211583947068e-08,17.37,ASK
167,1712300889.7502477,333452493.3998313,16.36,-1.0110282477377055e-05,17.37,ASK
168,1712300889.7514818,333458915.3352884,16.36,-4.120787825224215e-07,17.37,ASK
169,1712300890.6237688,333476600.574177,16.44,1.134815470909148e-06,17.37,BID
170,1712300910.223698,333476600.574177,16.44,0.0,17.37,BID
171,1712300933.8640568,333576600.574177,16.42,6.407627922029283e-06,17.37,BID
172,1712300933.866562,333600755.8701962,16.42,1.5477814923748636e-06,17.37,BID
173,1712300933.869032,333659740.3008145,16.44,3.779502845947293e-06,17.37,BID
174,1712300940.3040955,333659740.3008145,16.44,0.0,17.37,BID
175,1712300953.5238404,333660931.5042354,16.4,-7.631317265970546e-08,17.37,ASK
176,1712300956.4351523,333673383.81760794,16.4,-7.977441331660749e-07,17.37,ASK
177,1712300970.3239338,333673383.81760794,16.4,-0.0,17.37,ASK
178,1712300977.354019,333703383.81760794,16.42,-1.921890352823908e-06,17.37,ASK
179,1712300985.9040434,333883883.81760794,16.41,-1.1563373622823842e-05,17.37,ASK
180,1712300985.9240763,333889790.81760794,16.41,-3.784202104710274e-07,17.37,ASK
181,1712300986.0241406,333893105.63357383,16.41,-2.123570942077451e-07,17.37,ASK
182,1712300986.0268462,333894723.6883423,16.41,-1.0365746166038433e-07,17.37,ASK
183,1712300991.064015,333912994.0902911,16.42,1.1704569749210777e-06,17.37,BID
184,1712300991.0840776,333973821.34089935,16.38,-3.896776871094248e-06,17.37,ASK
185,1712300991.0866308,333983821.34089935,16.38,-6.406301176079692e-07,17.37,ASK
186,1712300991.0891738,333994635.5830842,16.41,-6.927929242739066e-07,17.37,ASK
187,1712300991.0940542,334821545.74570453,16.37,-5.297435547306715e-05,17.37,ASK
188,1712300991.095517,334825898.017046,16.4,-2.7881961013304624e-07,17.37,ASK
189,1712300991.0966437,334940576.8326748,16.38,-7.34667031434378e-06,17.37,ASK
190,1712300991.0977736,335023998.7465806,16.4,-5.344259051655413e-06,17.37,ASK
191,1712300991.0989184,335085086.1014981,16.37,-3.913439936517459e-06,17.37,ASK
192,1712301000.2580645,335085086.1014981,16.37,-0.0,17.37,ASK
193,1712301002.2255564,335092650.2173518,16.4,4.888793868092217e-07,17.37,BID
194,1712301012.3064733,335093016.0710103,16.4,2.3645633632299826e-08,17.37,BID
195,1712301030.2258248,335093016.0710103,16.4,0.0,17.37,BID
196,1712301042.1309657,335093930.1477928,16.41,5.9077564309054974e-08,17.37,BID
197,1712301050.7142172,335143016.0710103,16.41,3.17246520334232e-06,17.37,BID
198,1712301060.214188,335150021.4551103,16.41,4.527639664607868e-07,17.37,BID
199,1712301060.3436065,335150021.4551103,16.41,0.0,17.37,BID
200,1712301060.794118,335156317.80323595,16.43,4.069137631684395e-07,17.37,BID
201,1712301060.7961464,335156317.80325395,16.41,1.1633240168461745e-15,17.37,BID
202,1712301061.6341822,335156717.80325395,16.43,2.5850779216709813e-08,17.37,BID
203,1712301064.8840897,335159493.42635393,16.43,1.793800498661336e-07,17.37,BID
204,1712301090.3141518,335159493.42635393,16.43,0.0,17.37,BID
205,1712301093.8946192,335160712.9385491,16.4,-7.88125586134377e-08,17.37,ASK
206,1712301093.9045875,335658026.0502859,16.4,-3.2139505388483875e-05,17.37,ASK
207,1712301093.9068022,335663701.660414,16.39,-3.6679367181395313e-07,17.37,ASK
208,1712301093.9096916,335749520.2848814,16.39,-5.5461400039724e-06,17.37,ASK
209,1712301093.9123223,335753773.68427163,16.4,-2.7488145676264853e-07,17.37,ASK
210,1712301093.9147902,335887560.5704944,16.38,-8.646151185616431e-06,17.37,ASK
211,1712301102.3343298,336249508.3685219,16.38,-2.3391346277659386e-05,17.37,ASK
212,1712301102.337042,336255891.28493434,16.39,-4.125042585637181e-07,17.37,ASK
213,1712301117.324378,336280046.58095354,16.39,-1.561067360275637e-06,17.37,ASK
214,1712301117.3273563,336318236.3329354,16.39,-2.468062294435001e-06,17.37,ASK
215,1712301120.2043471,336318236.3329354,16.39,-0.0,17.37,ASK
216,1712301123.0443673,336324612.88840383,16.39,4.1158800187329467e-07,17.37,BID
217,1712301127.8644097,336332468.9194106,16.39,5.070838198974093e-07,17.37,BID
218,1712301127.874357,336354127.7278321,16.39,1.398012724154886e-06,17.37,BID
219,1712301141.024448,336354493.13587105,16.42,2.3586019971760964e-08,17.37,BID
220,1712301149.994449,336363712.9288065,16.42,5.951106629215765e-07,17.37,BID
221,1712301150.2444692,336363712.9288065,16.42,0.0,17.37,BID
222,1712301154.4945228,336375893.1967724,16.41,7.861628281412664e-07,17.37,BID
223,1712301161.7043624,336380506.3979919,16.4,-2.977543127668263e-07,17.37,ASK
224,1712301177.3441255,336381659.26559407,16.39,-7.441064984206216e-08,17.37,ASK
225,1712301177.3473396,336385577.7388909,16.39,-2.529138158245813e-07,17.37,ASK
226,1712301177.3501506,336487884.6028323,16.39,-6.603290971885573e-06,17.37,ASK
227,1712301180.306042,336487884.6028323,16.39,-0.0,17.37,ASK
228,1712301195.8533542,336513324.04906404,16.39,1.6417471207287945e-06,17.37,BID
229,1712301197.323222,336519181.4926272,16.39,3.78012988846553e-07,17.37,BID
230,1712301200.413204,336519639.3680851,16.38,-2.9549216904502185e-08,17.37,ASK
231,1712301201.2953837,336537943.21189225,16.39,1.1812475238239815e-06,17.37,BID
232,1712301201.9762893,336543794.831537,16.39,3.776371394203874e-07,17.37,BID
233,1712301204.3232615,336544251.9550192,16.39,2.9500687783467972e-08,17.37,BID
234,1712301210.32295,336544251.9550192,16.39,0.0,17.37,BID
235,1712301210.407396,336544862.08314604,16.39,3.9372570005369567e-08,17.37,BID
236,1712301213.9030347,336545319.67924124,16.39,2.9529427507873563e-08,17.37,BID
237,1712301213.9059105,336642565.67924124,16.39,6.275444081637682e-06,17.37,BID
238,1712301213.9087603,336844862.08314604,16.39,1.305451916398552e-05,17.37,BID
239,1712301214.0226932,336854347.7003131,16.39,6.121224534857979e-07,17.37,BID
240,1712301219.3427331,336857398.3409476,16.39,1.9686285004223337e-07,17.37,BID
241,1712301222.0725567,336857973.8920982,16.39,3.7141260940952726e-08,17.37,BID
242,1712301223.2725694,336901748.8920982,16.39,2.8248726392210428e-06,17.37,BID
243,1712301223.2827165,337021597.4493602,16.39,7.734024220663617e-06,17.37,BID
244,1712301229.162569,337022054.4877514,16.41,2.9493437954683385e-08,17.37,BID
245,1712301229.16563,337052560.89409673,16.39,-1.968628500418488e-06,17.37,ASK
246,1712301231.3525126,337052560.89409673,16.41,0.0,17.37,BID
247,1712301231.3560812,337056240.135413,16.41,2.3742748434931817e-07,17.37,BID
248,1712301238.9123511,337062341.41668206,16.4,3.937257000844669e-07,17.37,BID
249,1712301240.222215,337062341.41668206,16.4,0.0,17.37,BID
250,1712301241.4822736,337065388.33929026,16.41,1.9651523350883282e-07,17.37,BID
251,1712301258.0250392,337100337.2499965,16.39,-2.2540754168932656e-06,17.37,ASK
252,1712301258.026736,337129741.40530545,16.39,-1.896459211378015e-06,17.37,ASK
253,1712301261.8817005,337130107.03601843,16.41,2.35818280212137e-08,17.37,BID
254,1712301270.2112968,337130107.03601843,16.41,0.0,17.37,BID
255,1712301271.1415234,337131107.03601843,16.41,6.449167951394558e-08,17.37,BID
256,1712301271.3814304,337251257.65796965,16.41,7.748715404279473e-06,17.37,BID
257,1712301271.4612784,337326694.4826973,16.41,4.865047523885577e-06,17.37,BID
258,1712301271.4641724,337327151.52108854,16.41,2.9475173452935066e-08,17.37,BID
259,1712301283.101214,337331739.8248342,16.41,-2.959074146794827e-07,17.37,ASK
260,1712301287.620949,337349774.8389959,16.42,1.1631083533423676e-06,17.37,BID
261,1712301287.7808323,337350231.59904456,16.42,2.9457222674725728e-08,17.37,BID
262,1712301288.0208788,337351231.59904456,16.43,6.449167951394558e-08,17.37,BID
263,1712301291.631026,337351688.0810896,16.43,2.9439293753521146e-08,17.37,BID
264,1712301300.2707243,337351688.0810896,16.43,0.0,17.37,BID
265,1712301305.330713,337361688.0810896,16.43,6.506576339096604e-07,17.37,BID
266,1712301312.3905408,337368490.88084614,16.43,4.426293593543037e-07,17.37,BID
267,1712301312.3937852,337368947.3628912,16.43,2.970135273573621e-08,17.37,BID
268,1712301312.4003382,337567062.1782665,16.43,1.2890491701456015e-05,17.37,BID
269,1712301323.500214,337570379.81342334,16.43,2.158644641305685e-07,17.37,BID
270,1712301330.2098837,337570379.81342334,16.43,0.0,17.37,BID
271,1712301332.4100797,337699221.81342334,16.43,8.38124365153575e-06,17.37,BID
272,1712301334.919952,337699678.2954684,16.43,2.9694410535016115e-08,17.37,BID
273,1712301335.1037688,337704607.02108467,16.42,-3.206163384733012e-07,17.37,ASK
274,1712301341.2898767,337718702.2183425,16.42,-9.169004092937172e-07,17.37,ASK
275,1712301341.2930255,337778964.413676,16.42,-3.920089272650558e-06,17.37,ASK
276,1712301341.2957332,337779421.1737247,16.42,-2.9712494825731657e-08,17.37,ASK
277,1712301349.305061,337876510.0630705,16.41,-6.315686169601922e-06,17.37,ASK
278,1712301355.2394123,337882510.0630705,16.41,3.903033320595342e-07,17.37,BID
279,1712301356.5495694,337932359.4728072,16.41,3.242731786909249e-06,17.37,BID
280,1712301356.5528786,337932816.5111984,16.41,2.9730601158984364e-08,17.37,BID
281,1712301356.5560946,338257261.35977286,16.42,2.1105317578027097e-05,17.37,BID
282,1712301360.2493322,338257261.35977286,16.42,0.0,17.37,BID
283,1712301390.2209208,338257261.35977286,16.42,0.0,17.37,BID
284,1712301392.2587955,338257718.3981641,16.41,-2.9708804906208183e-08,17.37,ASK
285,1712301392.262795,338258175.71523726,16.4,-2.9726920030371372e-08,17.37,ASK
286,1712301392.2666676,338261222.63784546,16.41,-1.9805869937342973e-07,17.37,ASK
287,1712301392.2698717,338368900.19766325,16.4,-6.999349898761636e-06,17.37,ASK
288,1712301397.4385877,338375169.48424864,16.4,-4.075215903946492e-07,17.37,ASK
289,1712301397.4414587,338387642.546382,16.4,-8.107847756598126e-07,17.37,ASK
290,1712301397.5586004,338405792.3973865,16.4,1.1797923170448984e-06,17.37,BID
291,1712301416.8682148,338484072.1877518,16.42,5.088410655808416e-06,17.37,BID
292,1712301416.8783689,338599995.80186385,16.42,7.535367053934532e-06,17.37,BID
293,1712301416.8816216,338772899.4875773,16.42,1.1239234963552108e-05,17.37,BID
294,1712301420.3180811,338772899.4875773,16.42,0.0,17.37,BID
295,1712301450.3087306,338772899.4875773,16.42,0.0,17.37,BID
296,1712301456.0974722,338807899.4875773,16.41,-2.273849266907706e-06,17.37,ASK
297,1712301473.3673005,338808355.69195694,16.44,2.963828554728159e-08,17.37,BID
298,1712301473.3713915,338871317.39376414,16.44,4.090440557073296e-06,17.37,BID
299,1712301474.8971124,338992129.5628359,16.44,-7.848818916494058e-06,17.37,ASK
300,1712301480.2371545,338992129.5628359,16.44,-0.0,17.37,ASK
301,1712301487.489715,338992584.93624204,16.47,2.9577376046607943e-08,17.37,BID
302,1712301494.606778,338998656.58165795,16.47,3.943650139728393e-07,17.37,BID
303,1712301499.2867842,338999121.86487216,16.47,3.02210370838278e-08,17.37,BID
304,1712301499.2901735,339073659.63872075,16.47,4.841371360112146e-06,17.37,BID
305,1712301510.239452,339073659.63872075,16.47,0.0,17.37,BID
306,1712301533.1962771,339146659.63872075,16.44,-4.741076494861389e-06,17.37,ASK
307,1712301534.3661718,339181659.63872075,16.44,-2.273118867399296e-06,17.37,ASK
308,1712301534.6662076,339218133.80285454,16.45,-2.3688603047180085e-06,17.37,ASK
309,1712301534.7663798,339259491.2641115,16.44,-2.6860121568851056e-06,17.37,ASK
310,1712301534.826133,339355991.2641115,16.44,-6.267313448686631e-06,17.37,ASK
311,1712301535.3061614,339520315.0985528,16.44,-1.067221738376934e-05,17.37,ASK
312,1712301539.945833,339520617.8225238,16.45,1.9660787713705297e-08,17.37,BID
313,1712301540.3259811,339520617.8225238,16.45,0.0,17.37,BID
314,1712301565.896013,339520922.5147846,16.44,1.9779181181151296e-08,17.37,BID
315,1712301565.9000456,339642137.60974264,16.44,7.8687109372486e-06,17.37,BID
316,1712301570.3255074,339642137.60974264,16.44,0.0,17.37,BID
317,1712301600.245572,339642137.60974264,16.44,0.0,17.37,BID
318,1712301613.0811024,339656137.60974264,16.41,-9.121722036879788e-07,17.37,ASK
319,1712301620.364628,339677908.40678346,16.44,1.4184797080549014e-06,17.37,BID
320,1712301627.8746634,339678211.13075435,16.45,1.972402797399629e-08,17.37,BID
321,1712301630.0250337,339681310.7061399,16.44,-2.019533221394917e-07,17.37,ASK
322,1712301630.2280033,339681310.7061399,16.44,-0.0,17.37,ASK
323,1712301631.5848186,339762652.43447584,16.44,-5.299610884179485e-06,17.37,ASK
324,1712301641.9046128,339768735.15953666,16.44,3.96304290519507e-07,17.37,BID
325,1712301655.8943892,339831613.4301109,16.44,4.096671830445196e-06,17.37,BID
326,1712301655.9042888,339832463.4301109,16.44,5.537956155725664e-08,17.37,BID
327,1712301655.90704,339832919.63449043,16.44,2.9722821788768853e-08,17.37,BID
328,1712301655.9543085,339839215.5519439,16.44,-4.10194291969093e-07,17.37,ASK
329,1712301660.3042498,339839215.5519439,16.44,-0.0,17.37,ASK
330,1712301676.9841166,339900042.80255216,16.44,3.9623727379726e-06,17.37,BID
331,1712301690.3238382,339900042.80255216,16.44,0.0,17.37,BID
332,1712301720.233546,339900042.80255216,16.44,0.0,17.37,BID
333,1712301726.2234838,339906125.527613,16.44,3.962114640243138e-07,17.37,BID
334,1712301732.943398,339926718.6323115,16.44,1.3413764521379369e-06,17.37,BID
335,1712301732.9532628,340029226.3855249,16.44,6.677064402619478e-06,17.37,BID
336,1712301736.8433523,340065585.753126,16.44,-2.368346115299395e-06,17.37,ASK
337,1712301738.673458,340087634.4446273,16.44,-1.436189249421062e-06,17.37,ASK
338,1712301750.2132263,340087634.4446273,16.44,-0.0,17.37,ASK
339,1712301757.9892137,340088243.82914895,16.46,3.9685607762847705e-08,17.37,BID
340,1712301757.992869,340608479.5417612,16.46,3.3879873382089136e-05,17.37,BID
341,1712301758.3432643,340652790.88438565,16.47,2.8857355254789905e-06,17.37,BID
342,1712301758.3470075,340734511.6891628,16.47,5.321992418840182e-06,17.37,BID
343,1712301758.3506413,340808934.5417612,16.47,4.846719980268119e-06,17.37,BID
344,1712301758.4035363,340826857.2502819,16.47,1.1671999453801189e-06,17.37,BID
345,1712301758.4080043,340827726.7406056,16.47,5.662475943212257e-08,17.37,BID
346,1712301760.193108,340907726.7406056,16.46,-5.209926586849834e-06,17.37,ASK
347,1712301770.0334206,341096747.0140671,16.46,-1.230977185201003e-05,17.37,ASK
348,1712301770.0370991,341120902.3100863,16.46,-1.573091486795498e-06,17.37,ASK
349,1712301773.0631557,341121206.2518692,16.49,1.9793929694278373e-08,17.37,BID
350,1712301780.3327496,341121206.2518692,16.49,0.0,17.37,BID
351,1712301789.942725,341126754.743418,16.44,-3.609404721359374e-07,17.37,ASK
352,1712301789.9526386,341150379.1628708,16.45,-1.53681573384171e-06,17.37,ASK
353,1712301789.954834,341151351.9976813,16.44,-6.328485007567461e-08,17.37,ASK
354,1712301793.6026163,341157355.63625014,16.49,3.9054869607590643e-07,17.37,BID
355,1712301808.0427709,341157811.92454934,16.42,-2.968246643192927e-08,17.37,ASK
356,1712301808.046698,341159238.9598357,16.44,-9.283149942428828e-08,17.37,ASK
357,1712301808.050485,341218474.53910446,16.42,-3.853392901575886e-06,17.37,ASK
358,1712301810.312578,341218474.53910446,16.42,-0.0,17.37,ASK
359,1712301810.6325965,341221647.5354828,16.42,-2.063882998315575e-07,17.37,ASK
360,1712301840.2326806,341221647.5354828,16.42,-0.0,17.37,ASK
361,1712301845.4521997,341224681.51606536,16.48,1.9734531573258665e-07,17.37,BID
362,1712301866.6920104,341348308.26244086,16.42,-8.04130370408595e-06,17.37,ASK
363,1712301870.2619464,341348308.26244086,16.42,-0.0,17.37,ASK
364,1712301877.492251,341348915.0585574,16.48,3.94637240827774e-08,17.37,BID
365,1712301886.2718835,341351341.0294312,16.48,1.577759688753074e-07,17.37,BID
366,1712301900.3217514,341351341.0294312,16.48,0.0,17.37,BID
367,1712301909.5519462,341353161.4177807,16.48,1.1930617597966345e-07,17.37,BID
368,1712301915.8215475,341353768.2138972,16.48,3.976872532395019e-08,17.37,BID
369,1712301927.6215785,341365904.13622725,16.48,7.953745065219745e-07,17.37,BID
370,1712301930.311831,341365904.13622725,16.48,0.0,17.37,BID
371,1712301953.2616804,341385678.45638424,16.48,1.2959660025916062e-06,17.37,BID
372,1712301953.2656727,341489907.6956767,16.48,6.830958006474501e-06,17.37,BID
373,1712301953.381096,341578407.6956767,16.48,-5.800097819737478e-06,17.37,ASK
374,1712301953.3840833,341755407.6956767,16.48,-1.1600195639474956e-05,17.37,ASK
375,1712301953.4011338,341843907.6956767,16.48,-5.800097819737478e-06,17.37,ASK
376,1712301953.481328,341915346.3812721,16.48,-4.681936322788149e-06,17.37,ASK
377,1712301953.4848373,342148340.8305015,16.48,-1.5269950248434903e-05,17.37,ASK
378,1712301960.222131,342148340.8305015,16.48,-0.0,17.37,ASK
379,1712301990.210877,342148340.8305015,16.48,-0.0,17.37,ASK
380,1712301999.771057,342148644.47348875,16.47,-1.9883299011965392e-08,17.37,ASK
381,1712301999.774622,342148740.8305015,16.45,-6.309697166814574e-09,17.37,ASK
382,1712302020.3408022,342148740.8305015,16.45,-0.0,17.37,ASK
383,1712302047.5006144,342154723.5008444,16.45,-3.917599846184615e-07,17.37,ASK
384,1712302047.504648,342169471.14908326,16.45,-9.657123184334508e-07,17.37,ASK
385,1712302050.3103728,342169471.14908326,16.45,-0.0,17.37,ASK
386,1712302080.210057,342169471.14908326,16.45,-0.0,17.37,ASK
387,1712302105.2600193,342169775.27529687,16.48,1.9914488589750973e-08,17.37,BID
388,1712302110.2348845,342169775.27529687,16.48,0.0,17.37,BID
389,1712302118.3500028,342183775.27529687,16.45,-9.167336989681278e-07,17.37,ASK
390,1712302140.3101594,342183775.27529687,16.45,-0.0,17.37,ASK
391,1712302143.019797,342184079.4015105,16.48,1.99141817427772e-08,17.37,BID
392,1712302170.2894154,342184079.4015105,16.48,0.0,17.37,BID
393,1712302191.969626,342196215.32384056,16.48,7.946598246619741e-07,17.37,BID
394,1712302198.4793377,342207326.32384056,16.48,7.275479416948382e-07,17.37,BID
395,1712302200.409304,342207326.32384056,16.48,0.0,17.37,BID
396,1712302208.5512962,342207933.11995703,16.48,3.9945866248615145e-08,17.37,BID
397,1712302212.7293782,342292933.11995703,16.48,5.59561694441552e-06,17.37,BID
398,1712302212.7328944,342313976.12583727,16.48,1.3852776501751469e-06,17.37,BID
399,1712302214.1693633,342314582.5539755,16.49,3.99216419528946e-08,17.37,BID
400,1712302218.6492662,342315188.9821138,16.49,3.99216419528946e-08,17.37,BID
401,1712302223.3345015,342315795.41025203,16.49,3.99216419528946e-08,17.37,BID
402,1712302225.9391491,342316258.25987065,16.48,-3.0469754925072854e-08,17.37,ASK
403,1712302226.6792524,342316864.6880089,16.49,3.99216419528946e-08,17.37,BID
404,1712302230.1324704,342317326.78625023,16.49,3.0420291166661714e-08,17.37,BID
405,1712302230.319025,342317326.78625023,16.49,0.0,17.37,BID
406,1712302260.2189498,342317326.78625023,16.49,0.0,17.37,BID
407,1712302263.2988348,342338459.17611176,16.48,-1.3909958659816604e-06,17.37,ASK
408,1712302264.3588903,342435183.5118508,16.48,-6.366679397570544e-06,17.37,ASK
409,1712302264.5695086,342456315.90171254,16.48,-1.3909958659973538e-06,17.37,ASK
410,1712302286.3192203,342644385.60908854,16.48,-1.2379299605517204e-05,17.37,ASK
411,1712302286.4587371,343039578.60908854,16.48,-2.6012762061793807e-05,17.37,ASK
412,1712302290.2107134,343039578.60908854,16.48,-0.0,17.37,ASK
413,1712302295.338747,343044637.04430073,16.48,-3.327003770373642e-07,17.37,ASK
414,1712302314.768709,343062808.77178234,16.48,-1.1951799975562863e-06,17.37,ASK
415,1712302320.2985718,343062808.77178234,16.48,-0.0,17.37,ASK
416,1712302327.8787577,343063415.56789887,16.48,3.990882657391279e-08,17.37,BID
417,1712302341.1283584,343180169.8002398,16.47,-7.678896227786468e-06,17.37,ASK
418,1712302350.298282,343180169.8002398,16.47,-0.0,17.37,ASK
419,1712302351.908428,343193493.6199223,16.47,-8.761928491866903e-07,17.37,ASK
420,1712302358.3582995,343194590.6199223,16.47,-7.214024044634702e-08,17.37,ASK
421,1712302375.1584153,343230438.4479903,16.46,-2.357402858984616e-06,17.37,ASK
422,1712302375.1627033,343277362.8708196,16.47,-3.085815082692725e-06,17.37,ASK
423,1712302375.1668448,343644165.3465322,16.46,-2.412143919254525e-05,17.37,ASK
424,1712302380.208196,343644165.3465322,16.46,-0.0,17.37,ASK
425,1712302386.828182,343644334.0376953,16.48,1.1087795465608617e-08,17.37,BID
426,1712302410.1980948,343644334.0376953,16.48,0.0,17.37,BID
427,1712302412.8215191,343668711.0376953,16.46,-1.602260223764044e-06,17.37,ASK
428,1712302429.5679402,343694308.0376953,16.47,-1.6824488225658708e-06,17.37,ASK
429,1712302440.308628,343694308.0376953,16.47,-0.0,17.37,ASK
430,1712302464.2035234,343770558.2925742,16.47,-5.011533138463459e-06,17.37,ASK
431,1712302470.3177173,343770558.2925742,16.47,-0.0,17.37,ASK
432,1712302480.9179971,343792659.5417088,16.47,1.452480403516225e-06,17.37,BID
433,1712302500.221373,343792659.5417088,16.47,0.0,17.37,BID
434,1712302518.9275622,343838430.1867077,16.48,3.026017333368794e-06,17.37,BID
435,1712302518.9319773,343847974.92123073,16.48,6.310274218312526e-07,17.37,BID
436,1712302520.0875626,343946450.92123073,16.48,-6.510506525051648e-06,17.37,ASK
437,1712302530.2372932,343946450.92123073,16.48,-0.0,17.37,ASK
438,1712302553.6373556,344004932.04623324,16.48,-3.8656927479625455e-06,17.37,ASK
439,1712302553.657292,344007966.0268158,16.48,2.005508056636001e-07,17.37,BID
440,1712302560.2972033,344007966.0268158,16.48,0.0,17.37,BID
441,1712302576.997098,344012966.0268158,16.47,-3.304855813338455e-07,17.37,ASK
442,1712302577.0073211,344071577.3054489,16.47,-3.874036498357178e-06,17.37,ASK
443,1712302590.297096,344071577.3054489,16.47,-0.0,17.37,ASK
444,1712302604.6871052,344081577.3054489,16.47,6.60925394589613e-07,17.37,BID
445,1712302605.6871052,344089300.5598508,16.47,5.104494963106412e-07,17.37,BID
446,1712302620.2389965,344089300.5598508,16.47,0.0,17.37,BID
447,1712302632.6072516,344089907.7243924,16.47,4.012827224744507e-08,17.37,BID
448,1712302650.2169096,344089907.7243924,16.47,0.0,17.37,BID
449,1712302653.827092,344196872.3511656,16.47,7.069422756205566e-06,17.37,BID
450,1712302655.0068965,344197406.3511656,16.47,-3.5292711859023414e-08,17.37,ASK
451,1712302664.6869383,344200437.2977675,16.48,2.003189608275386e-07,17.37,BID
452,1712302679.2868772,344255549.3048708,16.48,3.6424198252208976e-06,17.37,BID
453,1712302680.3012695,344255549.3048708,16.48,0.0,17.37,BID
454,1712302697.6267805,344262083.5960709,16.47,-4.317814131329475e-07,17.37,ASK
455,1712302698.9565644,344383442.8193719,16.48,8.019332981794094e-06,17.37,BID
456,1712302701.4302993,344398578.0211824,16.48,1.0001235980544685e-06,17.37,BID
457,1712302701.4338272,344444257.71975404,16.49,3.018482678038886e-06,17.37,BID
458,1712302701.4380963,344462461.6032492,16.48,1.202899947269311e-06,17.37,BID
459,1712302706.426468,344463860.6032492,16.48,-9.24449459741895e-08,17.37,ASK
460,1712302710.3077328,344463860.6032492,16.48,-0.0,17.37,ASK
461,1712302730.596491,344467439.09313047,16.48,-2.364104844755479e-07,17.37,ASK
462,1712302730.5999885,344488865.91712785,16.48,-1.4155484603982548e-06,17.37,ASK
463,1712302740.1963606,344488865.91712785,16.48,-0.0,17.37,ASK
464,1712302755.4264922,344500994.47989315,16.49,8.012433836260013e-07,17.37,BID
465,1712302761.256692,344750364.13507164,16.47,-1.6473987079532883e-05,17.37,ASK
466,1712302761.8363776,344756435.78048754,16.47,4.011081783847524e-07,17.37,BID
467,1712302770.2161393,344756435.78048754,16.47,0.0,17.37,BID
468,1712302779.5963917,344762507.42590344,16.47,4.009914316051608e-07,17.37,BID
469,1712302786.5862954,344762974.5311665,16.46,-3.084916778503082e-08,17.37,ASK
470,1712302795.74623,344766012.19823825,16.47,2.006175236502827e-07,17.37,BID
471,1712302795.886391,344779335.13487613,16.47,8.798905518453979e-07,17.37,BID
472,1712302800.2361655,344779335.13487613,16.47,0.0,17.37,BID
473,1712302830.2274091,344779335.13487613,16.47,0.0,17.37,BID
474,1712302856.898313,344839996.85498697,16.48,-4.025629602467185e-06,17.37,ASK
475,1712302860.3059888,344839996.85498697,16.48,-0.0,17.37,ASK
476,1712302861.3759732,344853319.85498697,16.48,-8.840815123664966e-07,17.37,ASK
477,1712302864.5260754,344900676.46663743,16.48,-3.142468276551651e-06,17.37,ASK
478,1712302884.1962826,344901038.7845986,16.48,2.40425287890616e-08,17.37,BID
479,1712302890.31585,344901038.7845986,16.48,0.0,17.37,BID
480,1712302900.7559354,344901402.8622685,16.48,2.4157686118138057e-08,17.37,BID
481,1712302920.235682,344901402.8622685,16.48,0.0,17.37,BID
482,1712302923.2660108,344919751.21685255,16.46,-1.2174699273842754e-06,17.37,ASK
483,1712302923.2707484,344925822.8622685,16.47,-4.0287240307120274e-07,17.37,ASK
484,1712302940.645762,344971230.43625927,16.47,-3.012932606900952e-06,17.37,ASK
485,1712302950.2223682,344971230.43625927,16.47,-0.0,17.37,ASK
486,1712302980.3083663,344971230.43625927,16.47,-0.0,17.37,ASK
487,1712302981.385576,345034350.5333018,16.47,-4.1878936233773214e-06,17.37,ASK
488,1712302984.195524,345035078.5333018,16.47,-4.830136043304616e-08,17.37,ASK
489,1712302985.9955068,345036171.5333018,16.47,-7.25183886721421e-08,17.37,ASK
490,1712302988.505625,345039280.95038027,16.47,-2.0630367451244178e-07,17.37,ASK
491,1712302988.5097964,345063743.501544,16.47,-1.6230418968012372e-06,17.37,ASK
492,1712303001.905484,345070970.0585002,16.47,-4.794677640521981e-07,17.37,ASK
493,1712303007.6255808,345074245.26382947,16.48,2.1730339711909805e-07,17.37,BID
494,1712303007.63123,345077082.43714094,16.48,1.882408389126721e-07,17.37,BID
495,1712303010.2953994,345077082.43714094,16.48,0.0,17.37,BID
496,1712303040.2352066,345077082.43714094,16.48,0.0,17.37,BID
497,1712303070.2203517,345077082.43714094,16.48,0.0,17.37,BID
498,1712303099.6654367,345108505.4864483,16.47,-2.084616048804611e-06,17.37,ASK
499,1712303099.66987,345169221.94060737,16.47,-4.0279507417804606e-06,17.37,ASK
500,1712303099.6736114,345178543.4342321,16.47,-6.183911376301131e-07,17.37,ASK
501,1712303100.2417903,345178543.4342321,16.47,-0.0,17.37,ASK
502,1712303103.4751656,345179543.4342321,16.47,6.682802434590454e-08,17.37,BID
503,1712303103.55503,345214514.95794713,16.47,2.337077838240682e-06,17.37,BID
504,1712303113.3349726,345300855.80449474,16.46,-5.769988195129262e-06,17.37,ASK
505,1712303129.8754003,345416692.16271526,16.46,-7.741114967301673e-06,17.37,ASK
506,1712303129.8807597,345617365.9482144,16.46,-1.3410632622922393e-05,17.37,ASK
507,1712303130.2148645,345617365.9482144,16.46,-0.0,17.37,ASK
508,1712303130.3449955,345619545.2808837,16.46,-1.4557022642636645e-07,17.37,ASK
509,1712303135.834781,345630048.99911195,16.46,-7.016040562910313e-07,17.37,ASK
510,1712303160.2448668,345630048.99911195,16.46,-0.0,17.37,ASK
511,1712303168.4447882,345630656.16365355,16.47,4.055546387013692e-08,17.37,BID
512,1712303176.0549684,345706052.314214,16.48,5.0360744913278406e-06,17.37,BID
513,1712303176.059698,345764898.18177706,16.47,3.93060083772934e-06,17.37,BID
514,1712303190.2300122,345764898.18177706,16.47,0.0,17.37,BID
515,1712303214.4048393,345776522.9519163,16.48,7.76359554693398e-07,17.37,BID
516,1712303214.584829,345835025.7826123,16.48,3.907107929322342e-06,17.37,BID
517,1712303214.5898082,345970911.6281303,16.48,9.075127787652522e-06,17.37,BID
518,1712303216.5848005,346037214.81296784,16.49,4.428054098167027e-06,17.37,BID
519,1712303216.5946767,346136637.98866713,16.49,6.6399706392219166e-06,17.37,BID
520,1712303218.234846,346157778.98866713,16.5,1.4119003773160294e-06,17.37,BID
521,1712303219.434825,346181439.5268191,16.47,-1.5801675769490606e-06,17.37,ASK
522,1712303220.3147898,346181439.5268191,16.47,-0.0,17.37,ASK
523,1712303246.5950725,346197832.96944207,16.48,-1.0943332175938537e-06,17.37,ASK
524,1712303250.3150487,346197832.96944207,16.48,-0.0,17.37,ASK
525,1712303252.9056468,346301512.09057885,16.5,6.920905064248881e-06,17.37,BID
526,1712303253.105096,346373830.09057885,16.5,-4.827452306197983e-06,17.37,ASK
527,1712303263.8254185,346397832.96944207,16.5,-1.6022671108661774e-06,17.37,ASK
528,1712303280.205891,346397832.96944207,16.5,-0.0,17.37,ASK
529,1712303283.9869251,346491448.0602947,16.51,6.247723337152279e-06,17.37,BID
530,1712303283.990249,346546879.69869703,16.51,3.699420015605504e-06,17.37,BID
531,1712303304.8956275,346547371.69869703,16.5,-3.283530308930903e-08,17.37,ASK
532,1712303310.2357025,346547371.69869703,16.5,-0.0,17.37,ASK
533,1712303315.4157045,346547704.83013254,16.51,2.222900330943096e-08,17.37,BID
534,1712303323.2157865,346548310.5236516,16.51,4.0416369649533575e-08,17.37,BID
535,1712303325.9362438,346548918.7760788,16.51,4.058711900547336e-08,17.37,BID
536,1712303325.9420283,346552548.01726097,16.51,2.4216992348484853e-07,17.37,BID
537,1712303334.5458727,346553002.28740025,16.51,3.031227723615586e-08,17.37,BID
538,1712303340.3194425,346553002.28740025,16.51,0.0,17.37,BID
539,1712303342.557439,346554002.28740025,16.51,6.672701238300323e-08,17.37,BID
540,1712303352.5964942,346555463.7008486,16.51,9.751575326365297e-08,17.37,BID
541,1712303370.3092034,346555463.7008486,16.51,0.0,17.37,BID
542,1712303372.3263776,346602803.77363044,16.5,-3.158853057029736e-06,17.37,ASK
543,1712303394.636609,346617955.288782,16.5,-1.011012597629076e-06,17.37,ASK
544,1712303397.206216,346618409.5589213,16.51,3.0312007013268704e-08,17.37,BID
545,1712303400.2668278,346618409.5589213,16.51,0.0,17.37,BID
546,1712303430.229398,346618409.5589213,16.51,0.0,17.37,BID
547,1712303439.8467376,346635245.91753286,16.51,1.125791229274684e-06,17.37,BID
548,1712303439.851913,346648409.5589213,16.51,8.802088600203727e-07,17.37,BID
549,1712303460.3069224,346648409.5589213,16.51,0.0,17.37,BID
550,1712303489.7870767,346652359.78791445,16.51,2.6412990936695496e-07,17.37,BID
551,1712303489.7912588,346744485.7721664,16.51,6.159953742637963e-06,17.37,BID
552,1712303490.3169403,346744485.7721664,16.51,0.0,17.37,BID
553,1712303494.4570267,346806982.37693846,16.5,-4.178358263682761e-06,17.37,ASK
554,1712303495.0270083,346807285.2789941,16.52,2.02512330358834e-08,17.37,BID
555,1712303520.2424097,346807285.2789941,16.52,0.0,17.37,BID
556,1712303521.1571884,346867855.9027731,16.5,-4.0493117250344645e-06,17.37,ASK
557,1712303521.162474,346928254.61250913,16.5,-4.0378188014622365e-06,17.37,ASK
558,1712303521.1670823,347346971.05990785,16.5,-2.7992338763139728e-05,17.37,ASK
559,1712303539.7679174,347354471.05990785,16.48,-5.013954957533122e-07,17.37,ASK
560,1712303545.127169,347356292.5535326,16.48,-1.217718265321892e-07,17.37,ASK
561,1712303545.1298666,347393704.3141788,16.48,-2.501078436825048e-06,17.37,ASK
562,1712303550.2179055,347393704.3141788,16.48,-0.0,17.37,ASK
563,1712303551.3403883,347404704.3141788,16.48,7.349047249341496e-07,17.37,BID
564,1712303554.94749,347405032.8460268,16.48,2.1949055217854212e-08,17.37,BID
565,1712303571.7598565,347526184.39146614,16.5,8.094076652405622e-06,17.37,BID
566,1712303577.4776049,347531365.97359174,16.48,-3.461790169764388e-07,17.37,ASK
567,1712303580.307449,347531365.97359174,16.48,-0.0,17.37,ASK
568,1712303582.2074163,347601167.4364967,16.5,4.662694791461977e-06,17.37,BID
569,1712303610.307572,347601167.4364967,16.5,0.0,17.37,BID
570,1712303630.6676328,347602983.80104166,16.5,1.2132270057409678e-07,17.37,BID
571,1712303634.1758585,347606014.104072,16.5,2.0240680661261322e-07,17.37,BID
572,1712303640.2283516,347606014.104072,16.5,0.0,17.37,BID
573,1712303663.2877011,347880655.81330323,16.5,1.834438795100322e-05,17.37,BID
574,1712303670.209924,347880655.81330323,16.5,0.0,17.37,BID
575,1712303676.3461049,347880959.0820683,16.52,2.0250370923108607e-08,17.37,BID
576,1712303678.8165572,347886754.7547956,16.5,-3.869983855440532e-07,17.37,ASK
577,1712303678.8206697,347891970.5669168,16.5,-3.482789600432251e-07,17.37,ASK
578,1712303690.4996457,347994873.0592868,16.46,-6.871177909707922e-06,17.37,ASK
579,1712303690.504841,348055589.5134458,16.47,-4.054260970408649e-06,17.37,ASK
580,1712303690.509371,348628867.555276,16.45,-3.827988347437228e-05,17.37,ASK
581,1712303690.5133488,348629473.98341423,16.49,-4.049343734483991e-08,17.37,ASK
582,1712303690.517326,348629801.62772804,16.47,-2.187801596888844e-08,17.37,ASK
583,1712303690.5200653,348632839.29479975,16.46,-2.0283620347186186e-07,17.37,ASK
584,1712303690.5223444,348639884.4492476,16.45,-4.704308758483333e-07,17.37,ASK
585,1712303690.5246582,348640356.7525856,16.46,-3.1537431095637995e-08,17.37,ASK
586,1712303690.5269918,348648188.9459114,16.45,-5.229843566027696e-07,17.37,ASK
587,1712303690.5293152,348648516.9361968,16.47,-2.190111776412018e-08,17.37,ASK
588,1712303690.531795,348691070.12768614,16.45,-2.8414331141555712e-06,17.37,ASK
589,1712303690.657762,348703196.0257984,16.45,8.096908182226531e-07,17.37,BID
590,1712303698.0578532,348724994.43882555,16.43,-1.455560216369466e-06,17.37,ASK
591,1712303698.0679915,348729271.4968671,16.43,-2.855948972366607e-07,17.37,ASK
592,1712303698.0721557,348730171.6793489,16.44,-6.010849534312277e-08,17.37,ASK
593,1712303698.076244,348799878.40986425,16.43,-4.654574790600322e-06,17.37,ASK
594,1712303700.2676997,348799878.40986425,16.43,-0.0,17.37,ASK
595,1712303725.4879642,348844841.6395232,16.43,-3.0039029964344902e-06,17.37,ASK
596,1712303730.2280672,348844841.6395232,16.43,-0.0,17.37,ASK
597,1712303752.1081493,348872724.8708382,16.43,-1.862730704801612e-06,17.37,ASK
598,1712303752.1136746,349164015.5144008,16.43,-1.9459581985147257e-05,17.37,ASK
599,1712303756.5379384,349362917.2215838,16.45,1.3287567463807674e-05,17.37,BID
600,1712303756.5428889,349364227.6462797,16.45,8.754251937064684e-08,17.37,BID
601,1712303760.297995,349364227.6462797,16.45,0.0,17.37,BID
602,1712303790.328044,349364227.6462797,16.45,0.0,17.37,BID
603,1712303820.2193534,349364227.6462797,16.45,0.0,17.37,BID
604,1712303824.618367,349370306.67363536,16.45,-4.058760657119377e-07,17.37,ASK
605,1712303824.6240184,349371460.3940001,16.45,-7.703000088394084e-08,17.37,ASK
606,1712303824.6282265,349372460.3940001,16.46,-6.676661280974306e-08,17.37,ASK
607,1712303824.6306744,349381395.925915,16.45,-5.965951996105501e-07,17.37,ASK
608,1712303824.7381637,349481359.1690307,16.45,6.674207148313701e-06,17.37,BID
609,1712303832.808862,349512649.1706295,16.43,-2.0891274215616776e-06,17.37,ASK
610,1712303832.8144996,349637372.13192594,16.42,-8.327329665363925e-06,17.37,ASK
611,1712303832.8198812,349660939.4591028,16.42,-1.573510608578542e-06,17.37,ASK
612,1712303832.8244016,349785787.2057532,16.42,-8.335661160776005e-06,17.37,ASK
613,1712303832.8268473,349802352.2514014,16.43,-1.105991988970237e-06,17.37,ASK
614,1712303832.8292994,350146643.2262215,16.42,-2.298714220970111e-05,17.37,ASK
615,1712303832.83177,350149686.4398551,16.43,-2.0318506637169535e-07,17.37,ASK
616,1712303832.834247,350150529.28394765,16.42,-5.6273845186124464e-08,17.37,ASK
617,1712303832.8367774,350165636.03367686,16.43,-1.008626509984262e-06,17.37,ASK
618,1712303832.839434,350171723.1241146,16.42,-4.064144103924921e-07,17.37,ASK
619,1712303832.8419378,350173723.1241146,16.42,-1.3353322561948613e-07,17.37,ASK
620,1712303844.5682223,350178723.1241146,16.42,-3.338330640487153e-07,17.37,ASK
621,1712303850.2081492,350178723.1241146,16.42,-0.0,17.37,ASK
622,1712303860.1483126,350413685.53012955,16.43,1.56736440206673e-05,17.37,BID
623,1712303880.3293064,350413685.53012955,16.43,0.0,17.37,BID
624,1712303906.5483692,350413685.5301296,16.43,3.975025124298554e-18,17.37,BID
625,1712303910.3183,350413685.5301296,16.43,0.0,17.37,BID
626,1712303914.1185577,350445526.9657819,16.42,-2.1235007303314783e-06,17.37,ASK
627,1712303914.1241958,350472978.9731927,16.43,-1.8307703968613176e-06,17.37,ASK
628,1712303914.1298356,350625903.606433,16.43,-1.0198521634428802e-05,17.37,ASK
629,1712303914.133089,350632596.0580147,16.42,-4.463186263540734e-07,17.37,ASK
630,1712303927.6684096,350632915.31401473,16.42,-2.1291136387643065e-08,17.37,ASK
631,1712303927.671156,350734033.9513101,16.42,-6.743587270733396e-06,17.37,ASK
632,1712303927.675073,350735862.10487497,16.41,-1.2191929637060768e-07,17.37,ASK
633,1712303927.6793587,350937288.31883126,16.41,-1.3433085025266258e-05,17.37,ASK
634,1712303940.225618,350937288.31883126,16.41,-0.0,17.37,ASK
635,1712303960.688379,350993417.7899809,16.41,-3.741121309483701e-06,17.37,ASK
636,1712303970.198377,350993417.7899809,16.41,-0.0,17.37,ASK
637,1712303972.779047,350994041.79242206,16.41,-4.158823294723551e-08,17.37,ASK
638,1712303972.7851932,350994353.8240967,16.41,-2.0796146160696563e-08,17.37,ASK
639,1712303972.7904816,351012646.50702345,16.4,-1.2191624721288269e-06,17.37,ASK
640,1712303972.7930388,351068420.8470437,16.4,-3.717223030247998e-06,17.37,ASK
641,1712304000.3183336,351068420.8470437,16.4,-0.0,17.37,ASK
642,1712304009.698452,351141415.6142777,16.46,4.868366648394961e-06,17.37,BID
643,1712304009.745784,351168420.8470437,16.46,-1.8011068397340808e-06,17.37,ASK
644,1712304016.2283628,351173480.3779885,16.48,3.374440749887361e-07,17.37,BID
645,1712304019.1983786,351180814.41925067,16.48,4.891419375875263e-07,17.37,BID
646,1712304027.5686796,351223797.5509685,16.41,-2.8667485742903047e-06,17.37,ASK
647,1712304027.5744553,351472359.6082507,16.41,-1.6577780511981104e-05,17.37,ASK
648,1712304030.2109916,351472359.6082507,16.41,-0.0,17.37,ASK
649,1712304035.558466,351490574.5444984,16.47,1.2143030313515397e-06,17.37,BID
650,1712304060.3492448,351490574.5444984,16.47,0.0,17.37,BID
651,1712304090.3184414,351490574.5444984,16.47,0.0,17.37,BID
652,1712304120.238608,351490574.5444984,16.47,0.0,17.37,BID
653,1712304133.6945326,351505755.2894843,16.46,1.0120077138183792e-06,17.37,BID
654,1712304137.0986454,351510883.5226897,16.42,-3.418680418457374e-07,17.37,ASK
655,1712304150.2048388,351510883.5226897,16.42,-0.0,17.37,ASK
656,1712304162.5191338,351548518.6992705,16.44,-2.5088518924930945e-06,17.37,ASK
657,1712304180.3085358,351548518.6992705,16.44,-0.0,17.37,ASK
658,1712304182.2890034,351560698.9672364,16.44,-8.119326323033362e-07,17.37,ASK
659,1712304182.293515,351599041.3878237,16.44,-2.5558930693029355e-06,17.37,ASK
660,1712304182.3685098,351601789.2988131,16.44,1.831748373029021e-07,17.37,BID
661,1712304183.558611,351603567.3401756,16.44,1.1852364889331545e-07,17.37,BID
662,1712304194.618551,351911921.27242225,16.44,2.0554771092946507e-05,17.37,BID
663,1712304207.9184408,351942070.3693727,16.44,-2.0097288267442656e-06,17.37,ASK
664,1712304207.9285734,352246706.1662097,16.44,-2.0306921416825385e-05,17.37,ASK
665,1712304208.0585346,352368405.16755337,16.44,8.112415160830662e-06,17.37,BID
666,1712304210.308449,352368405.16755337,16.44,0.0,17.37,BID
667,1712304213.098446,352374487.8926142,16.43,-4.0510844940557673e-07,17.37,ASK
668,1712304217.7186627,352419468.6280529,16.47,2.995709292216116e-06,17.37,BID
669,1712304217.7247946,352480666.6960185,16.47,4.0757808666807695e-06,17.37,BID
670,1712304217.8587272,352512420.01944697,16.47,-2.1147659131314794e-06,17.37,ASK
671,1712304235.3288052,352513584.76797736,16.47,7.757205304775088e-08,17.37,BID
672,1712304240.2183554,352513584.76797736,16.47,0.0,17.37,BID
673,1712304270.208568,352513584.76797736,16.47,0.0,17.37,BID
674,1712304300.33136,352513584.76797736,16.47,0.0,17.37,BID
675,1712304330.332472,352513584.76797736,16.47,0.0,17.37,BID
676,1712304358.0086572,352522312.3419894,16.47,5.817322957382e-07,17.37,BID
677,1712304358.0141408,352607418.7249681,16.47,5.672725488647232e-06,17.37,BID
678,1712304360.1987588,352607418.7249681,16.47,0.0,17.37,BID
679,1712304377.338554,352665360.7684391,16.47,-3.861701558206885e-06,17.37,ASK
680,1712304390.1985495,352665360.7684391,16.47,-0.0,17.37,ASK
681,1712304420.3124566,352665360.7684391,16.47,-0.0,17.37,ASK
682,1712304450.3113835,352665360.7684391,16.47,-0.0,17.37,ASK
683,1712304456.5754974,352668360.7684391,16.47,-1.9993026115556801e-07,17.37,ASK
684,1712304480.2327902,352668360.7684391,16.47,-0.0,17.37,ASK
685,1712304498.6900332,352683575.7046868,16.47,-1.013972053630456e-06,17.37,ASK
686,1712304510.2019582,352683575.7046868,16.47,-0.0,17.37,ASK
687,1712304540.3067367,352683575.7046868,16.47,-0.0,17.37,ASK
688,1712304570.3090436,352683575.7046868,16.47,-0.0,17.37,ASK
689,1712304587.3783488,352780821.7046868,16.49,6.480676490443803e-06,17.37,BID
690,1712304587.3819149,352898328.0774239,16.49,7.830870033464892e-06,17.37,BID
691,1712304587.478477,352911027.4087499,16.49,-8.463099558728949e-07,17.37,ASK
692,1712304600.268463,352911027.4087499,16.49,-0.0,17.37,ASK
693,1712304630.220291,352911027.4087499,16.49,-0.0,17.37,ASK
694,1712304635.198765,352913193.8360771,16.49,1.452189391376067e-07,17.37,BID
695,1712304660.3086004,352913193.8360771,16.49,0.0,17.37,BID
696,1712304660.3127356,352916371.4539314,16.5,2.130000775815353e-07,17.37,BID
697,1712304685.1386108,352928485.6998387,16.5,-8.12034497668961e-07,17.37,ASK
698,1712304685.144011,352930303.8816569,16.5,-1.218752178798029e-07,17.37,ASK
699,1712304685.148758,352954459.1776761,16.5,-1.6191625809050652e-06,17.37,ASK
700,1712304690.3114798,352954459.1776761,16.5,-0.0,17.37,ASK
701,1712304695.538674,352963895.7282793,16.5,6.32516045287051e-07,17.37,BID
702,1712304695.5448475,353016402.04122055,16.52,3.5194094548338183e-06,17.37,BID
703,1712304695.549152,353314841.5969955,16.52,2.0003899254305685e-05,17.37,BID
704,1712304696.198444,353339498.5969955,16.53,1.652717055662008e-06,17.37,BID
705,1712304716.4287548,353453774.37847835,16.53,7.65971258084328e-06,17.37,BID
706,1712304717.3584542,353474788.72417647,16.53,-1.4085560915300936e-06,17.37,ASK
707,1712304720.213041,353474788.72417647,16.53,-0.0,17.37,ASK
708,1712304724.8886044,353535358.4316185,16.53,-4.057546966459799e-06,17.37,ASK
709,1712304750.2284198,353535358.4316185,16.53,-0.0,17.37,ASK
710,1712304759.4483848,353535811.8778096,16.54,3.03741903339052e-08,17.37,BID
711,1712304759.458171,353636530.006483,16.55,6.7466254445012185e-06,17.37,BID
712,1712304765.058298,353658531.006483,16.55,-1.4737417023080803e-06,17.37,ASK
713,1712304768.648487,353744494.0306849,16.56,5.758251607782127e-06,17.37,BID
714,1712304768.6533258,353779776.1604685,16.56,2.36338102851607e-06,17.37,BID
715,1712304772.6382563,353844233.5792096,16.56,4.317694014904041e-06,17.37,BID
716,1712304772.6481276,353870694.8651787,16.56,1.7725149142916566e-06,17.37,BID
717,1712304772.7184105,353872585.87603724,16.56,1.2666976781698857e-07,17.37,BID
718,1712304772.7284377,353873038.774588,16.56,3.0337506529404855e-08,17.37,BID
719,1712304779.0682623,353874433.0484155,16.57,9.339573128555148e-08,17.37,BID
720,1712304779.071163,353880471.0994143,16.57,4.044601407938169e-07,17.37,BID
721,1712304779.4124875,353923242.94632745,16.57,-2.865081336332868e-06,17.37,ASK
722,1712304780.3083348,353923242.94632745,16.57,-0.0,17.37,ASK
723,1712304782.7683947,353928009.37310886,16.57,-3.191428178458912e-07,17.37,ASK
724,1712304789.0508378,353935766.28510886,16.57,-5.193749672427268e-07,17.37,ASK
725,1712304789.6788156,353985156.46204686,16.59,3.3069888544930344e-06,17.37,BID
726,1712304789.6850517,353985766.28510886,16.59,4.0831561947779066e-08,17.37,BID
727,1712304793.108506,354012022.05415016,16.59,1.7579919929163638e-06,17.37,BID
728,1712304803.3382497,354012034.1368119,16.59,8.09011633693533e-10,17.37,BID
729,1712304803.3432052,354012422.05415016,16.59,2.597355169783297e-08,17.37,BID
730,1712304806.1376908,354072699.3296173,16.57,-4.035949869127528e-06,17.37,ASK
731,1712304810.3116915,354072699.3296173,16.57,-0.0,17.37,ASK
732,1712304811.1031013,354141665.3930337,16.57,-4.616953859431748e-06,17.37,ASK
733,1712304818.878526,354202848.9793565,16.57,-4.095953589546377e-06,17.37,ASK
734,1712304818.8846729,354204039.98720205,16.57,-7.973237845683656e-08,17.37,ASK
735,1712304837.828347,354210631.45645005,16.57,4.412678914285341e-07,17.37,BID
736,1712304840.2099705,354210631.45645005,16.57,0.0,17.37,BID
737,1712304840.8584847,354211915.42703265,16.59,8.59426471249209e-08,17.37,BID
738,1712304840.8649323,354270548.63547355,16.59,3.9246172857145074e-06,17.37,BID
739,1712304849.2785463,354275992.7638524,16.59,3.644030560410306e-07,17.37,BID
740,1712304849.2846196,354276766.8299813,16.59,5.18121622640997e-08,17.37,BID
741,1712304849.289441,354360359.1283618,16.6,5.59525545165028e-06,17.37,BID
742,1712304855.8994231,354361991.94912905,16.6,1.0929295492979065e-07,17.37,BID
743,1712304855.9058604,354363180.97351927,16.6,7.958741810453222e-08,17.37,BID
744,1712304855.9125452,354438839.0021604,16.63,5.064174635902047e-06,17.37,BID
745,1712304855.9171724,354439918.7862036,16.64,7.227540899497084e-08,17.37,BID
746,1712304855.920047,354440999.8672846,16.62,7.236222629973741e-08,17.37,BID
747,1712304855.922937,354443377.9160651,16.6,1.591748362130541e-07,17.37,BID
748,1712304855.9258192,354444458.348238,16.63,7.23187915950021e-08,17.37,BID
749,1712304855.9287207,354449920.366462,16.64,3.656005138864054e-07,17.37,BID
750,1712304861.2984169,354592702.3408594,16.64,9.557119927581509e-06,17.37,BID
751,1712304870.2182257,354592702.3408594,16.64,0.0,17.37,BID
752,1712304876.639623,354727930.7002374,16.64,9.0476726494869e-06,17.37,BID
753,1712304881.338616,354738107.2826193,16.64,6.808807450266015e-07,17.37,BID
754,1712304881.3452578,354739107.2826193,16.64,6.690662144467433e-08,17.37,BID
755,1712304894.9284618,354746742.9515583,16.64,5.10876811178157e-07,17.37,BID
756,1712304894.9350026,354763250.1364068,16.64,1.1044399677750089e-06,17.37,BID
757,1712304895.0881088,354810030.1364068,16.64,-3.1298917511818653e-06,17.37,ASK
758,1712304895.1882536,354829251.5133885,16.64,-1.286037393362336e-06,17.37,ASK
759,1712304895.194534,354847314.7709164,16.6,-1.2085515334760543e-06,17.37,ASK
760,1712304895.2011049,354891720.1364068,16.58,-2.971012978977056e-06,17.37,ASK
761,1712304900.2481544,354891720.1364068,16.58,-0.0,17.37,ASK
762,1712304911.788196,354894076.1266857,16.61,-1.579411327741582e-07,17.37,ASK
763,1712304916.488716,354899975.83170044,16.61,-3.955050669821073e-07,17.37,ASK
764,1712304930.2198613,354899975.83170044,16.61,-0.0,17.37,ASK
765,1712304937.8282688,354923985.4355419,16.66,1.6095436397312192e-06,17.37,BID
766,1712304938.4882083,354935990.2374627,16.61,-8.047718198676074e-07,17.37,ASK
767,1712304946.9483037,354953292.4158641,16.61,-1.159894656461123e-06,17.37,ASK
768,1712304946.9549763,354969543.243072,16.61,-1.089414708609004e-06,17.37,ASK
769,1712304947.2082596,354976100.8618292,16.61,-4.396063188795349e-07,17.37,ASK
770,1712304947.488246,355000182.7402158,16.61,1.614388744011388e-06,17.37,BID
771,1712304947.568259,355019624.19666046,16.61,1.3033064924453891e-06,17.37,BID
772,1712304950.1612444,355029592.1542349,16.61,6.682268820824675e-07,17.37,BID
773,1712304954.2483542,355029690.09834325,16.61,6.565927439369805e-09,17.37,BID
774,1712304960.298216,355029690.09834325,16.61,0.0,17.37,BID
775,1712304990.3087373,355029690.09834325,16.61,0.0,17.37,BID
776,1712305020.2179968,355029690.09834325,16.61,0.0,17.37,BID
777,1712305027.168156,355030141.60525435,16.61,-3.026351763556609e-08,17.37,ASK
778,1712305044.478068,355062684.1304503,16.62,-2.1812540649191184e-06,17.37,ASK
779,1712305050.2079818,355062684.1304503,16.62,-0.0,17.37,ASK
780,1712305057.1281798,355079932.9197966,16.63,1.1561060128696454e-06,17.37,BID
781,1712305057.1335342,355102795.1180775,16.63,1.5323466690551051e-06,17.37,BID
782,1712305072.4881392,355103252.15646875,16.63,-3.063315468747243e-08,17.37,ASK
783,1712305077.9519868,355104287.15646875,16.63,-6.937122944099856e-08,17.37,ASK
784,1712305080.3430257,355104287.15646875,16.63,-0.0,17.37,ASK
785,1712305100.6181738,355141469.20928985,16.66,2.492024263265423e-06,17.37,BID
786,1712305105.108134,355142074.9028089,16.63,-4.059493306763408e-08,17.37,ASK
787,1712305110.3002262,355142074.9028089,16.63,-0.0,17.37,ASK
788,1712305117.4180954,355159968.4081662,16.63,-1.199212114617776e-06,17.37,ASK
789,1712305117.424767,355166213.38096625,16.63,-4.185343725382667e-07,17.37,ASK
790,1712305119.1779947,355167015.33494085,16.63,-5.374647965877874e-08,17.37,ASK
791,1712305119.1845322,355171486.61289245,16.63,-2.9966239595333545e-07,17.37,ASK
792,1712305134.258001,355190935.3874321,16.63,-1.303445332631238e-06,17.37,ASK
793,1712305134.2650614,355212562.5099773,16.63,-1.4494369237656998e-06,17.37,ASK
794,1712305140.2400184,355212562.5099773,16.63,-0.0,17.37,ASK
795,1712305157.938087,355224582.95796126,16.63,-8.0554000953098e-07,17.37,ASK
796,1712305162.5879085,355224582.9579613,16.63,-3.994354135923028e-18,17.37,ASK
797,1712305162.6482992,355272596.2782127,16.61,-3.217571466926681e-06,17.37,ASK
798,1712305162.6604552,355304537.8001288,16.61,-2.14053368917808e-06,17.37,ASK
799,1712305162.667648,355306525.30727834,16.61,-1.331910865800463e-07,17.37,ASK
800,1712305170.2010045,355306525.30727834,16.61,-0.0,17.37,ASK
801,1712305175.807934,355306982.3456696,16.62,-3.062483214546526e-08,17.37,ASK
802,1712305186.3078792,355331028.0867836,16.62,-1.6112361664943564e-06,17.37,ASK
803,1712305200.3177626,355331028.0867836,16.62,-0.0,17.37,ASK
804,1712305210.977883,355332062.0867836,16.62,-6.951834208764923e-08,17.37,ASK
805,1712305217.9877326,355352343.0553855,16.62,-1.3635389875575802e-06,17.37,ASK
806,1712305222.8479238,355412992.34239244,16.62,-4.077599498571426e-06,17.37,ASK
807,1712305226.5078392,355413491.34239244,16.62,-3.354898713901061e-08,17.37,ASK
808,1712305230.1877468,355413491.34239244,16.62,-0.0,17.37,ASK
809,1712305236.5378284,355414397.13959247,16.62,-6.089334413963238e-08,17.37,ASK
810,1712305240.1176343,355468589.0462556,16.62,-3.643118373441969e-06,17.37,ASK
811,1712305240.3378143,355470400.4075623,16.62,-1.2177101829062756e-07,17.37,ASK
812,1712305243.2678776,355488504.26618034,16.62,-1.217054427915032e-06,17.37,ASK
813,1712305255.275631,355500517.4903375,16.64,8.076039457934646e-07,17.37,BID
814,1712305260.3077936,355500517.4903375,16.64,0.0,17.37,BID
815,1712305290.3093364,355500517.4903375,16.64,0.0,17.37,BID
816,1712305319.3935757,355502019.89418364,16.62,-1.0099114703229885e-07,17.37,ASK
817,1712305320.2280777,355502019.89418364,16.62,-0.0,17.37,ASK
818,1712305344.2282538,355536665.0901833,16.62,-2.328836031281881e-06,17.37,ASK
819,1712305350.2182312,355536665.0901833,16.62,-0.0,17.37,ASK
820,1712305377.759653,355586741.29462177,16.62,-3.365971882604796e-06,17.37,ASK
821,1712305380.3091822,355586741.29462177,16.62,-0.0,17.37,ASK
822,1712305383.5984535,355590663.465394,16.64,2.636217776435359e-07,17.37,BID
823,1712305410.1990485,355590663.465394,16.64,0.0,17.37,BID
824,1712305415.303846,355591479.493394,16.65,5.48476394305896e-08,17.37,BID
825,1712305429.3788097,355639756.7206492,16.65,-3.2448542858976742e-06,17.37,ASK
826,1712305429.3854835,355641328.7028765,16.65,-1.056575440989073e-07,17.37,ASK
827,1712305435.3393047,355680137.04621387,16.66,2.608422777494579e-06,17.37,BID
828,1712305435.346325,355737664.0016386,16.66,3.866555692557161e-06,17.37,BID
829,1712305440.2026072,355740213.439075,16.68,1.713551805368263e-07,17.37,BID
830,1712305440.2062645,355742818.8950089,16.67,1.7512034834209232e-07,17.37,BID
831,1712305440.3186474,355742818.8950089,16.67,0.0,17.37,BID
832,1712305465.1688542,355744468.8950089,16.68,-1.108824590135369e-07,17.37,ASK
833,1712305465.4187407,355753461.7007644,16.68,-6.043299488447742e-07,17.37,ASK
834,1712305465.6586676,355765452.1084382,16.68,-8.057732651210249e-07,17.37,ASK
835,1712305465.7786584,355777442.5161121,16.68,-8.057732651250304e-07,17.37,ASK
836,1712305468.8288906,356001763.9587837,16.68,-1.5074735256297464e-05,17.37,ASK
837,1712305470.3112476,356001763.9587837,16.68,-0.0,17.37,ASK
838,1712305470.5354855,356002363.11995804,16.69,4.025284018787412e-08,17.37,BID
839,1712305473.6691113,356007758.5965938,16.69,3.624788588638364e-07,17.37,BID
840,1712305473.6753705,356011346.04611033,16.69,2.4101199852631896e-07,17.37,BID
841,1712305489.158786,356017936.81902826,16.69,4.427812420666152e-07,17.37,BID
842,1712305489.895218,356027078.46072984,16.69,6.141536838788129e-07,17.37,BID
843,1712305500.2047267,356027078.46072984,16.69,0.0,17.37,BID
844,1712305518.7991033,356079037.0324294,16.69,3.507397123432749e-06,17.37,BID
845,1712305518.8057852,356130995.60412896,16.69,3.507397123432749e-06,17.37,BID
846,1712305523.7390049,356131896.505129,16.69,-6.081417315027431e-08,17.37,ASK
847,1712305530.21904,356131896.505129,16.69,-0.0,17.37,ASK
848,1712305545.0905871,356235813.6485281,16.69,-7.01396595426765e-06,17.37,ASK
849,1712305545.1790502,356317791.6833931,16.69,-5.533169280189252e-06,17.37,ASK
850,1712305545.4991636,356392976.7990438,16.69,-5.074676075495651e-06,17.37,ASK
851,1712305545.5057974,356421708.8267931,16.69,-1.939289878828322e-06,17.37,ASK
852,1712305545.5393865,356561353.50490105,16.68,-9.425422850415992e-06,17.37,ASK
853,1712305545.5593028,356561653.32504493,16.68,-2.0236586695713266e-08,17.37,ASK
854,1712305545.566075,356657908.68979186,16.68,-6.496828426639472e-06,17.37,ASK
855,1712305560.3191588,356657908.68979186,16.68,-0.0,17.37,ASK
856,1712305567.6993897,356680556.9685781,16.68,1.5277576183070105e-06,17.37,BID
857,1712305567.8232465,356721705.0290323,16.68,-2.77567507141574e-06,17.37,ASK
858,1712305569.949395,356723162.94470286,16.65,-9.834485850294237e-08,17.37,ASK
859,1712305569.9557989,356727922.94983226,16.65,-3.2108992335585946e-07,17.37,ASK
1060,1712305570.399153,356728322.94983226,16.65,-2.6982317424228572e-08,17.37,ASK
860,1712305570.399153,356728322.94983226,16.65,-2.698231742422857e-08,17.37,ASK
861,1712305581.609259,356741148.5562136,16.65,-8.651614563499463e-07,17.37,ASK
862,1712305581.6164567,356802010.1898578,16.65,-4.105469794859829e-06,17.37,ASK
863,1712305590.3092835,356802010.1898578,16.65,-0.0,17.37,ASK
864,1712305592.489191,356802610.1898578,16.69,4.04669215021881e-08,17.37,BID
865,1712305605.459602,356804610.1898578,16.69,1.3488973834062698e-07,17.37,BID
866,1712305620.2392108,356804610.1898578,16.69,0.0,17.37,BID
867,1712305628.5003877,356825804.1898578,16.66,-1.4294223737013712e-06,17.37,ASK
868,1712305630.8586738,356836498.8073737,16.66,-7.212949681719781e-07,17.37,ASK
869,1712305630.864464,356851049.1898578,16.65,-9.813457709094182e-07,17.37,ASK
870,1712305649.269459,356872256.1898578,16.65,-1.4302991544345088e-06,17.37,ASK
871,1712305650.2195938,356872256.1898578,16.65,-0.0,17.37,ASK
872,1712305650.614148,356895223.1898578,16.66,-1.5488840850592678e-06,17.37,ASK
873,1712305651.069312,356919354.1898578,16.66,-1.627383718228989e-06,17.37,ASK
874,1712305664.462827,356923555.87053,16.66,-2.833594428404057e-07,17.37,ASK
875,1712305666.5094993,356928306.1749047,16.65,-3.203583770258297e-07,17.37,ASK
876,1712305666.515401,356950711.65845704,16.66,-1.5110156699730698e-06,17.37,ASK
877,1712305680.3095305,356950711.65845704,16.66,-0.0,17.37,ASK
878,1712305695.1796007,356962144.909932,16.65,-7.709853463354401e-07,17.37,ASK
879,1712305695.186978,356968147.3108924,16.66,-4.047635262301199e-07,17.37,ASK
880,1712305708.1395476,356977150.912333,16.66,-6.071452893471895e-07,17.37,ASK
881,1712305710.3094718,356977150.912333,16.66,-0.0,17.37,ASK
882,1712305712.68126,356977450.6127524,16.69,2.020927911857435e-08,17.37,BID
883,1712305720.629593,356989592.6846145,16.69,8.187593459421813e-07,17.37,BID
884,1712305720.6361763,357059207.7128123,16.69,4.694252809761615e-06,17.37,BID
885,1712305720.9096322,357059814.14095056,16.66,-4.089242029519165e-08,17.37,ASK
886,1712305729.4697037,357062953.4389888,16.66,-2.116878929479141e-07,17.37,ASK
887,1712305729.4746373,357147389.49750525,16.66,-5.693658613620897e-06,17.37,ASK
888,1712305737.4153216,357162953.4389888,16.66,-1.0495014931623138e-06,17.37,ASK
889,1712305737.4264202,357231046.88326305,16.66,-4.591649969635659e-06,17.37,ASK
890,1712305740.1996386,357231046.88326305,16.66,-0.0,17.37,ASK
891,1712305755.5196722,357253430.64676845,16.66,1.5089423658983215e-06,17.37,BID
892,1712305760.419695,357278752.5323373,16.66,1.7070081137187414e-06,17.37,BID
893,1712305764.17,357281183.7860241,16.66,-1.638965533853346e-07,17.37,ASK
894,1712305764.1764302,357321029.0518842,16.65,-2.686063481780676e-06,17.37,ASK
895,1712305764.1797276,357324030.2523644,16.66,-2.0231801287884689e-07,17.37,ASK
896,1712305764.1849728,357325832.0541662,16.65,-1.2146371511802465e-07,17.37,ASK
897,1712305764.188285,357336132.5950316,16.64,-6.943837884840982e-07,17.37,ASK
898,1712305764.1915493,357342846.6046354,16.66,-4.5260724515186214e-07,17.37,ASK
899,1712305764.1948106,357343146.96499574,16.65,-2.0248001307761445e-08,17.37,ASK
900,1712305764.1980984,357433274.36638826,16.63,-6.07570099892683e-06,17.37,ASK
901,1712305764.2014103,357433637.6682208,16.65,-2.4491034611811688e-08,17.37,ASK
902,1712305764.204727,357450720.8211832,16.64,-1.1516156897319226e-06,17.37,ASK
903,1712305767.299755,357468760.5084953,16.63,1.2160979294732831e-06,17.37,BID
904,1712305767.8896549,357480765.31041604,16.63,8.092720515073511e-07,17.37,BID
905,1712305768.8698423,357519411.16864705,16.62,-2.6052085806393683e-06,17.37,ASK
906,1712305768.8773062,357526796.1344373,16.62,-4.978379864030861e-07,17.37,ASK
907,1712305768.8831704,357980765.31041604,16.62,-3.060313437822948e-05,17.37,ASK
908,1712305768.9896915,357981746.5378529,16.62,-6.614685906922486e-08,17.37,ASK
909,1712305768.99604,358000921.7162914,16.62,-1.2926440682149004e-06,17.37,ASK
910,1712305769.629749,358000921.716292,16.61,-3.616280895560353e-17,17.37,ASK
911,1712305770.219596,358000921.716292,16.61,-0.0,17.37,ASK
912,1712305774.7496977,358006934.94539595,16.63,4.050164765868946e-07,17.37,BID
913,1712305777.4398425,358015938.54683656,16.61,-6.0643073280758e-07,17.37,ASK
914,1712305777.4458294,358045662.589514,16.6,-2.002040305955917e-06,17.37,ASK
915,1712305777.4522002,358135165.5865019,16.6,-6.028406344939465e-06,17.37,ASK
916,1712305778.4698286,358135699.13527906,16.59,-3.5936772419115e-08,17.37,ASK
917,1712305778.4748485,358136000.4003393,16.6,-2.0291479188571067e-08,17.37,ASK
918,1712305778.4794474,358136603.173094,16.59,-4.0599300817759814e-08,17.37,ASK
1118,1712305778.4794474,358136603.173094,16.59,-4.059930081775981e-08,17.37,ASK
919,1712305800.302834,358136603.173094,16.59,-0.0,17.37,ASK
920,1712305808.6873295,358142630.90064067,16.59,-4.092020491674815e-07,17.37,ASK
921,1712305808.7398047,358142630.90064085,16.59,1.2139073602642564e-17,17.37,BID
922,1712305808.7474575,358172675.41706985,16.59,2.039620668612176e-06,17.37,BID
923,1712305830.2196293,358172675.41706985,16.59,0.0,17.37,BID
924,1712305834.2199025,358210374.63535005,16.63,2.5591685353678028e-06,17.37,BID
925,1712305860.3300965,358210374.63535005,16.63,0.0,17.37,BID
926,1712305870.070304,358216387.8644541,16.63,4.081838434463997e-07,17.37,BID
927,1712305890.3102686,358216387.8644541,16.63,0.0,17.37,BID
928,1712305920.2003083,358216387.8644541,16.63,0.0,17.37,BID
929,1712305950.2302332,358216387.8644541,16.63,0.0,17.37,BID
930,1712305966.0501344,358216989.54917127,16.62,4.084266689656868e-08,17.37,BID
931,1712305973.5911362,358235072.7318114,16.59,-1.2274957031723003e-06,17.37,ASK
932,1712305973.5988328,358253825.2333184,16.59,-1.2729294108032643e-06,17.37,ASK
933,1712305973.6055994,358256840.9148624,16.58,-2.0470600839850402e-07,17.37,ASK
934,1712305973.609083,358406320.2948271,16.58,-1.014673690306584e-05,17.37,ASK
935,1712305973.612582,358469049.8766157,16.57,-4.258116153535967e-06,17.37,ASK
936,1712305973.616053,358469787.4520077,16.58,-5.0066995532400384e-08,17.37,ASK
937,1712305973.6195536,358470143.9848985,16.57,-2.4201635309547853e-08,17.37,ASK
938,1712305980.2502706,358470143.9848985,16.57,-0.0,17.37,ASK
939,1712305994.900241,358494299.2809177,16.57,-1.6392057529510522e-06,17.37,ASK
940,1712305994.911901,358506216.2288744,16.57,-8.086975888304587e-07,17.37,ASK
941,1712306000.4405577,358543177.21977305,16.62,2.5082147148070697e-06,17.37,BID
942,1712306000.4504378,358561890.4020554,16.62,1.269897749497135e-06,17.37,BID
943,1712306010.202447,358561890.4020554,16.62,0.0,17.37,BID
944,1712306016.060363,358621709.355124,16.61,4.058962413071767e-06,17.37,BID
945,1712306021.4202445,358623515.496003,16.61,1.2255409973599152e-07,17.37,BID
946,1712306040.3204656,358623515.496003,16.61,0.0,17.37,BID
947,1712306062.1406405,358625324.9049294,16.58,-1.227673234164647e-07,17.37,ASK
948,1712306070.320215,358625324.9049294,16.58,-0.0,17.37,ASK
949,1712306078.00028,358665324.9049294,16.57,-2.713970772072398e-06,17.37,ASK
950,1712306088.780435,358670588.26777536,16.57,-3.571153231684963e-07,17.37,ASK
951,1712306088.788257,358686032.3952064,16.57,-1.0478727611997667e-06,17.37,ASK
952,1712306095.3704188,358750600.86584413,16.57,-4.3809235527059416e-06,17.37,ASK
953,1712306095.3780887,358766921.3483202,16.57,-1.107332810653368e-06,17.37,ASK
954,1712306097.2704809,358768731.8492254,16.57,-1.2284116348915344e-07,17.37,ASK
955,1712306097.2801404,358870876.643978,16.57,-6.930449686947112e-06,17.37,ASK
956,1712306097.3702664,358875575.70686543,16.57,3.1882798331539165e-07,17.37,BID
957,1712306100.240333,358875575.70686543,16.57,0.0,17.37,BID
958,1712306102.371158,358875925.70686543,16.57,2.3828868012501523e-08,17.37,BID
959,1712306115.3806918,358878945.0305369,16.56,-2.055630435835585e-07,17.37,ASK
960,1712306115.388875,358879775.525706,16.56,-5.6542170770225686e-08,17.37,ASK
961,1712306115.3946738,358920925.70686543,16.56,-2.801606387253554e-06,17.37,ASK
962,1712306130.200562,358920925.70686543,16.56,-0.0,17.37,ASK
963,1712306131.7005012,358921275.70686543,16.56,-2.3827649706953058e-08,17.37,ASK
964,1712306131.708532,358940511.9991359,16.56,-1.3095875253760111e-06,17.37,ASK
965,1712306148.550106,358940819.78428984,16.56,2.0953705236387164e-08,17.37,BID
966,1712306151.5800998,358976800.2677966,16.55,-2.449515306529663e-06,17.37,ASK
967,1712306151.68936,359035251.2677966,16.55,-3.979285580060323e-06,17.37,ASK
968,1712306160.3002355,359035251.2677966,16.55,-0.0,17.37,ASK
969,1712306163.979961,359036458.9972652,16.56,8.22104227225491e-08,17.37,BID
970,1712306169.0502405,359037666.72673374,16.56,8.22104227225491e-08,17.37,BID
971,1712306190.2970152,359180448.7011312,16.55,-9.71920183924464e-06,17.37,ASK
972,1712306190.3099148,359180448.7011312,16.55,-0.0,17.37,ASK
973,1712306190.4099276,359196881.570098,16.55,-1.1184062264104032e-06,17.37,ASK
974,1712306190.4140587,359213314.4390648,16.55,-1.1184062264104032e-06,17.37,ASK
975,1712306191.3502028,359292282.6299589,16.55,-5.374503780362053e-06,17.37,ASK
976,1712306191.3602288,359292584.8051855,16.55,-2.0565773118763192e-08,17.37,ASK
977,1712306191.3639016,359339663.5444954,16.55,-3.2041364950984687e-06,17.37,ASK
978,1712306199.6802795,359358769.7776271,16.55,1.300352977979562e-06,17.37,BID
979,1712306199.7603772,359358769.7776272,16.55,-4.0566383127855e-18,17.37,ASK
980,1712306199.7698977,359439663.5444954,16.55,-5.5055567427641705e-06,17.37,ASK
981,1712306202.250173,359439971.32964927,16.56,2.0947579705972e-08,17.37,BID
982,1712306210.9602304,359445003.24978656,16.56,3.424679417638261e-07,17.37,BID
983,1712306210.9679778,360499433.68197846,16.56,7.176358328307203e-05,17.37,BID
984,1712306211.0601811,360505024.7043532,16.57,3.805199352922386e-07,17.37,BID
985,1712306211.0718396,360531245.7043532,16.57,1.784577587877278e-06,17.37,BID
986,1712306211.0755072,360541352.2954269,16.58,6.878454643165651e-07,17.37,BID
987,1712306211.0791693,360547564.5425099,16.57,4.227999281033888e-07,17.37,BID
988,1712306220.2151928,360547564.5425099,16.57,0.0,17.37,BID
989,1712306221.9233088,360571719.8385292,16.58,-1.6414586724587809e-06,17.37,ASK
990,1712306230.830082,360572026.88247854,16.58,2.0864987666075642e-08,17.37,BID
991,1712306230.9200091,360854587.75009954,16.58,1.920125451098732e-05,17.37,BID
992,1712306230.9800274,361047440.36916256,16.58,1.3105184213641116e-05,17.37,BID
993,1712306231.0199883,361240292.9882256,16.58,1.3105184213641116e-05,17.37,BID
994,1712306231.102584,361330001.23678416,16.58,6.096070297386704e-06,17.37,BID
995,1712306233.6201434,361330308.09598994,16.61,2.0852433526536773e-08,17.37,BID
996,1712306241.3301337,361430308.09598994,16.61,6.795440102039085e-06,17.37,BID
997,1712306250.225016,361430308.09598994,16.61,0.0,17.37,BID
998,1712306258.6200674,361471296.5588234,16.6,2.782578394218425e-06,17.37,BID
999,1712306265.1602206,361471813.890519,16.6,3.512002888995595e-08,17.37,BID
1000,1712306265.5401037,361501919.3197321,16.6,2.043763319874244e-06,17.37,BID
1201,1712306280.3142154,361501919.3197321,16.6,0.0,17.37,BID
1202,1712306286.5105104,361504013.2602145,16.6,1.4213959187109572e-07,17.37,BID
1203,1712306286.5133717,361570375.6446145,16.6,4.504770939572186e-06,17.37,BID
1204,1712306310.33007,361570375.6446145,16.6,0.0,17.37,BID
1205,1712306330.849881,361763228.2636776,16.6,-1.3090094218429393e-05,17.37,ASK
1206,1712306330.9388387,362045789.13129854,16.6,-1.917914518128188e-05,17.37,ASK
1207,1712306330.9539232,362051813.2276841,16.6,-4.088924985863512e-07,17.37,ASK
1208,1712306330.955997,362110052.0003797,16.6,-3.95302394883614e-06,17.37,ASK
1209,1712306340.206762,362110052.0003797,16.6,-0.0,17.37,ASK
1210,1712306346.8500962,362116076.0967653,16.6,4.086440114853374e-07,17.37,BID
1211,1712306352.1501122,362134139.3497773,16.6,1.2253190684403914e-06,17.37,BID
1212,1712306365.9601104,362158734.8352,16.57,-1.6684324393741868e-06,17.37,ASK
1213,1712306368.910065,362169862.4771895,16.57,-7.548425473180683e-07,17.37,ASK
1214,1712306370.2152424,362169862.4771895,16.57,-0.0,17.37,ASK
1215,1712306384.390309,362170451.9068365,16.6,3.9981214810412366e-08,17.37,BID
1216,1712306384.3932316,362170465.9774912,16.6,9.544173261910895e-10,17.37,BID
1217,1712306400.2401166,362170465.9774912,16.6,0.0,17.37,BID
1218,1712306413.7704773,362170827.24264175,16.6,2.46346891306984e-08,17.37,BID
1219,1712306426.2904265,362233874.8867539,16.57,-4.299222083210671e-06,17.37,ASK
1220,1712306426.2926235,364992898.2967076,16.56,-0.0001881379477251,17.37,ASK
1221,1712306426.2940288,365078025.015183,16.57,-5.80479529559552e-06,17.37,ASK
1222,1712306430.2086413,365078025.015183,16.57,-0.0,17.37,ASK
1223,1712306432.3503048,365309948.3625985,16.56,-1.5763108404815362e-05,17.37,ASK
1224,1712306432.3525915,365731794.2833469,16.56,-2.867155486063743e-05,17.37,ASK
1225,1712306432.3967938,365821502.2833469,16.56,-6.097173676291242e-06,17.37,ASK
1226,1712306433.500076,365914857.95916015,16.57,6.345094853312678e-06,17.37,BID
1227,1712306438.3301027,365917842.729906,16.56,-2.0286558190466605e-07,17.37,ASK
1228,1712306444.9800234,365987164.2084305,16.56,-4.711565234552182e-06,17.37,ASK
1229,1712306447.4702322,365988654.91452587,16.57,1.0131865567821097e-07,17.37,BID
1230,1712306453.9701018,365997707.4190521,16.57,6.152705700941347e-07,17.37,BID
1231,1712306460.310047,365997707.4190521,16.57,0.0,17.37,BID
1232,1712306465.6801083,365998830.6737464,16.56,-7.626517721170418e-08,17.37,ASK
1233,1712306471.640005,366221727.8092384,16.56,-1.5133958152858267e-05,17.37,ASK
1234,1712306471.7202032,367202555.25265497,16.56,-6.65948508089813e-05,17.37,ASK
1235,1712306475.3301842,367215553.0298783,16.56,-8.825049103664623e-07,17.37,ASK
1236,1712306489.2012846,367228601.83527833,16.57,8.859695501814366e-07,17.37,BID
1237,1712306490.3434107,367228601.83527833,16.57,0.0,17.37,BID
1238,1712306495.9182346,367238350.16819584,16.56,-6.60963917421662e-07,17.37,ASK
1239,1712306507.2503104,367245272.1914547,16.56,-4.693323102911775e-07,17.37,ASK
1240,1712306520.2199533,367245272.1914547,16.56,-0.0,17.37,ASK
1241,1712306540.08989,367286260.6542882,16.56,-2.779079059379645e-06,17.37,ASK
1242,1712306550.1902587,367286260.6542882,16.56,-0.0,17.37,ASK
1243,1712306550.2366471,367288997.0053602,16.57,1.855201556994675e-07,17.37,BID
1244,1712306550.2387817,367293278.5695913,16.57,2.90283096687359e-07,17.37,BID
1245,1712306556.1342876,367293803.5039745,16.57,3.558969808513714e-08,17.37,BID
1246,1712306558.988317,367294803.5039745,16.57,6.779837485071124e-08,17.37,BID
1247,1712306580.2601182,367294803.5039745,16.57,0.0,17.37,BID
1248,1712306595.8001118,367525803.5039745,16.56,-1.566127428612864e-05,17.37,ASK
1249,1712306595.8200054,367627715.55180174,16.56,-6.90940490945249e-06,17.37,ASK
1250,1712306595.9198906,367930540.1631416,16.56,-2.0530819475251195e-05,17.37,ASK
1251,1712306596.0301447,368082437.7241684,16.56,-1.0298308946475296e-05,17.37,ASK
1252,1712306596.905085,368327932.6951295,16.56,-1.664400032938042e-05,17.37,ASK
1253,1712306600.6101708,368342250.4861058,16.57,9.707136435111322e-07,17.37,BID
1254,1712306600.6133907,368368855.4781936,16.57,1.803757915445717e-06,17.37,BID
1255,1712306600.8500988,368369389.4781936,16.56,-3.620398471338828e-08,17.37,ASK
1256,1712306602.7300882,368389981.3093247,16.56,-1.3960792874323652e-06,17.37,ASK
1257,1712306606.8300705,368413230.37578434,16.56,-1.5762337953294483e-06,17.37,ASK
1258,1712306606.8315637,368436997.2966717,16.56,-1.6113431469849542e-06,17.37,ASK
1259,1712306606.8329036,368437313.4391493,16.56,-2.1433740500797783e-08,17.37,ASK
1260,1712306608.3000166,368454170.4391493,16.56,-1.1428662365422963e-06,17.37,ASK
1261,1712306610.2100208,368454170.4391493,16.56,-0.0,17.37,ASK
1262,1712306611.7364302,368515493.1875518,16.57,4.152138010076133e-06,17.37,BID
1263,1712306640.3106034,368515493.1875518,16.57,0.0,17.37,BID
1264,1712306643.7029808,368589322.19114506,16.56,-4.99858748508292e-06,17.37,ASK
1265,1712306647.6000395,368595357.19416255,16.57,4.085994539738093e-07,17.37,BID
1266,1712306661.2100544,368622262.95413816,16.56,-1.8216525829288976e-06,17.37,ASK
1267,1712306661.2199633,368636279.9772267,16.56,-9.490215603391828e-07,17.37,ASK
1268,1712306669.2902868,368642318.62456965,16.56,-4.088461927745936e-07,17.37,ASK
1269,1712306669.292723,368645440.4310192,16.56,-2.113616856520552e-07,17.37,ASK
1270,1712306670.3099654,368645440.4310192,16.56,-0.0,17.37,ASK
1271,1712306686.770386,368646044.6606265,16.55,-4.0903363352809444e-08,17.37,ASK
1272,1712306686.7736316,368682186.02014303,16.55,-2.446591730278142e-06,17.37,ASK
1273,1712306700.2398832,368682186.02014303,16.55,-0.0,17.37,ASK
1274,1712306700.7604616,368682790.6150645,16.54,-4.1229995427298463e-08,17.37,ASK
1275,1712306700.7629778,368685813.5896715,16.54,-2.0614997713649242e-07,17.37,ASK
1276,1712306700.7654824,368746346.2773228,16.52,-4.127991067549599e-06,17.37,ASK
1277,1712306700.7673037,368746648.8181576,16.53,-2.063159446600053e-08,17.37,ASK
1278,1712306700.7693255,368749675.4525402,16.52,-2.06399553380122e-07,17.37,ASK
1279,1712306700.7711332,368780091.2420139,16.53,-2.0741868919302234e-06,17.37,ASK
1280,1712306700.7729409,368890888.9466445,16.52,-7.555784366536726e-06,17.37,ASK
1281,1712306700.7746725,369193369.2854225,16.53,-2.062746897637925e-05,17.37,ASK
1282,1712306721.7000632,369225956.8013333,16.55,2.222286500283307e-06,17.37,BID
1283,1712306721.701642,369234285.9336306,16.53,5.680002831138332e-07,17.37,BID
1284,1712306722.419863,369325254.393424,16.52,-6.203540665814314e-06,17.37,ASK
1285,1712306730.206923,369325254.393424,16.52,-0.0,17.37,ASK
1286,1712306733.9800277,369335430.97580594,16.53,-6.934834421249276e-07,17.37,ASK
1287,1712306750.191238,369335739.1329056,16.55,2.0999372694154536e-08,17.37,BID
1288,1712306756.7499156,369346286.6598719,16.55,7.187614694186191e-07,17.37,BID
1289,1712306756.7525673,369348636.79283696,16.55,1.601498653397102e-07,17.37,BID
1290,1712306760.322286,369348636.79283696,16.55,0.0,17.37,BID
1291,1712306760.5513246,369360525.1005751,16.53,-8.101076543233514e-07,17.37,ASK
1292,1712306760.553787,369368389.5893833,16.53,-5.359116470751532e-07,17.37,ASK
1293,1712306772.349866,369368994.55006087,16.53,4.1223972852559735e-08,17.37,BID
1294,1712306775.7100308,369378811.6761899,16.53,6.689706555190535e-07,17.37,BID
1295,1712306775.7128313,369415352.0328295,16.53,2.4899778216949005e-06,17.37,BID
1296,1712306775.7142937,369444087.5308608,16.53,1.958129568883755e-06,17.37,BID
1297,1712306782.5200107,369505410.2792633,16.52,-4.178729972279881e-06,17.37,ASK
1298,1712306790.322768,369505410.2792633,16.52,-0.0,17.37,ASK
1299,1712306791.3799186,369505910.2792633,16.53,3.4065599312963914e-08,17.37,BID
1300,1712306791.989871,369542229.89185417,16.52,-2.474498739443909e-06,17.37,ASK
1301,1712306794.8798263,369554493.8144541,16.53,8.355557465916493e-07,17.37,BID
1302,1712306820.219885,369554493.8144541,16.53,0.0,17.37,BID
1303,1712306821.9398875,369565389.6983541,16.53,7.42308615001431e-07,17.37,BID
1304,1712306826.8801274,369615725.8870973,16.53,3.4292753936595845e-06,17.37,BID
1305,1712306832.3598616,369691280.78101605,16.53,5.14736107471534e-06,17.37,BID
1306,1712306850.2492118,369691280.78101605,16.53,0.0,17.37,BID
1307,1712306880.320764,369691280.78101605,16.53,0.0,17.37,BID
1308,1712306910.2998178,369691280.78101605,16.53,0.0,17.37,BID
1309,1712306935.4899914,369697326.73023,16.54,-4.118315686891856e-07,17.37,ASK
1310,1712306935.4933937,369700116.19453216,16.53,-1.900097765771809e-07,17.37,ASK
1311,1712306936.6698918,369718265.0148589,16.53,-1.2362421317917386e-06,17.37,ASK
1312,1712306940.2420192,369718265.0148589,16.53,-0.0,17.37,ASK
1313,1712306945.9500356,369759814.7930544,16.53,-2.8301578072779623e-06,17.37,ASK
1314,1712306945.953407,369853076.2370559,16.53,-6.352491284480611e-06,17.37,ASK
1315,1712306970.219949,369853076.2370559,16.53,-0.0,17.37,ASK
1316,1712306992.5604234,369859122.18626994,16.54,-4.117565542911759e-07,17.37,ASK
1317,1712307000.2298028,369859122.18626994,16.54,-0.0,17.37,ASK
1318,1712307013.8397615,369930344.8804699,16.54,4.8577147977960215e-06,17.37,BID
1319,1712307014.0598202,369934895.023778,16.54,3.103406677865014e-07,17.37,BID
1320,1712307015.7498477,369939754.5328314,16.53,-3.314408322265563e-07,17.37,ASK
1321,1712307020.4900606,369964370.036446,16.54,1.6788903804751092e-06,17.37,BID
1322,1712307030.1968205,369964370.036446,16.54,0.0,17.37,BID
1323,1712307034.4597366,369967577.4729636,16.54,2.1873592908332685e-07,17.37,BID
1324,1712307044.2565382,369978854.73039,16.54,7.690694319854582e-07,17.37,BID
1325,1712307044.2644148,369988794.5705956,16.54,6.77862264908277e-07,17.37,BID
1326,1712307045.4204006,370061876.8683686,16.54,-4.98395656952848e-06,17.37,ASK
1327,1712307045.4259074,370126837.5273386,16.53,-4.430089267855766e-06,17.37,ASK
1328,1712307060.3113174,370126837.5273386,16.53,-0.0,17.37,ASK
1329,1712307060.6801045,370218624.9720133,16.53,-6.258435396503723e-06,17.37,ASK
1330,1712307060.682875,370242654.5334168,16.53,-1.638431685109385e-06,17.37,ASK
1331,1712307060.6855805,370248099.1795148,16.53,-3.7123776548820266e-07,17.37,ASK
1332,1712307064.63018,370248704.5063913,16.52,-4.127360952145766e-08,17.37,ASK
1333,1712307064.632093,370260818.3767729,16.51,-8.259721735749051e-07,17.37,ASK
1334,1712307064.6346705,370281930.5837253,16.52,-1.4395147806705483e-06,17.37,ASK
1335,1712307064.637648,370283443.5959895,16.5,-1.031632326567012e-07,17.37,ASK
1336,1712307064.6426954,370301614.40156186,16.51,-1.2389582603582936e-06,17.37,ASK
1337,1712307064.644481,370303097.8798802,16.5,-1.0114949000173037e-07,17.37,ASK
1338,1712307064.6460593,370652796.45674187,16.52,-2.38438487888536e-05,17.37,ASK
1339,1712307064.6476724,370664659.43434393,16.5,-8.088652995607361e-07,17.37,ASK
1340,1712307064.6494124,370846578.7714653,16.51,-1.2403988615042806e-05,17.37,ASK
1341,1712307064.6511998,371248666.2582406,16.5,-2.7415934375831127e-05,17.37,ASK
1342,1712307064.6528234,371278666.2582406,16.5,-2.0455200878571066e-06,17.37,ASK
1343,1712307068.6517367,371506678.00484055,16.5,1.5546753597920916e-05,17.37,BID
1344,1712307090.2997692,371506678.00484055,16.5,0.0,17.37,BID
1345,1712307091.109763,371507127.9441977,16.49,-3.0631088111366925e-08,17.37,ASK
1346,1712307091.1204329,371507431.2189097,16.49,-2.06464144030434e-08,17.37,ASK
1347,1712307091.1240036,371525264.79158247,16.49,-1.2140785801150126e-06,17.37,ASK
1348,1712307091.9395776,371534361.2136564,16.49,6.192685783334034e-07,17.37,BID
1349,1712307092.03973,371546489.7764217,16.49,8.256914377792239e-07,17.37,BID
1350,1712307092.160204,371558618.339187,16.49,8.256914377792239e-07,17.37,BID
1351,1712307104.0197752,371567523.4793681,16.48,-6.062464400782389e-07,17.37,ASK
1352,1712307120.2197597,371567523.4793681,16.48,-0.0,17.37,ASK
1353,1712307121.2476482,371573587.7607507,16.49,4.128175235722525e-07,17.37,BID
1354,1712307134.6300929,371583227.8171953,16.49,6.562334392918449e-07,17.37,BID
1355,1712307134.6438425,371839287.19608617,16.5,1.743088620262936e-05,17.37,BID
1356,1712307134.645717,372021179.2271861,16.5,1.2382047121265627e-05,17.37,BID
1357,1712307134.6474583,372044959.1874001,16.49,1.618787728799545e-06,17.37,BID
1358,1712307145.4497414,372045870.48760015,16.5,-6.20354940804159e-08,17.37,ASK
1359,1712307146.0596828,372047051.5899623,16.5,-8.040190114329135e-08,17.37,ASK
1360,1712307150.2267776,372047051.5899623,16.5,-0.0,17.37,ASK
1361,1712307171.4899414,372077336.2659163,16.52,2.0604774644146125e-06,17.37,BID
1362,1712307180.3196971,372077336.2659163,16.52,0.0,17.37,BID
1363,1712307191.4832697,372083393.2011071,16.51,-4.120814660057567e-07,17.37,ASK
1364,1712307191.4935105,372083974.606316,16.51,-3.955569992057846e-08,17.37,ASK
1365,1712307191.495467,372091973.0697904,16.5,-5.441726633140899e-07,17.37,ASK
1366,1712307191.5997,372093153.4571996,16.5,-8.030724429430213e-08,17.37,ASK
1367,1712307191.6522536,372094335.9920692,16.5,-8.045334601115755e-08,17.37,ASK
1368,1712307193.513716,372095516.3794784,16.5,-8.030724429430213e-08,17.37,ASK
1369,1712307207.4198155,372098963.724398,16.51,-2.345389051610198e-07,17.37,ASK
1370,1712307207.4223042,372111070.2619282,16.51,-8.236640440361181e-07,17.37,ASK
1371,1712307210.3331494,372111070.2619282,16.51,-0.0,17.37,ASK
1372,1712307240.2150474,372111070.2619282,16.51,-0.0,17.37,ASK
1373,1712307245.099727,372111470.2619282,16.51,-2.721282908613309e-08,17.37,ASK
1374,1712307256.3595304,372112650.6493374,16.51,-8.03042020556519e-08,17.37,ASK
1375,1712307270.2279785,372112650.6493374,16.51,-0.0,17.37,ASK
1376,1712307300.2397869,372112650.6493374,16.51,-0.0,17.37,ASK
1377,1712307330.2100627,372112650.6493374,16.51,-0.0,17.37,ASK
1378,1712307333.5117035,372118707.5845282,16.51,-4.129644777080587e-07,17.37,ASK
1379,1712307333.5167863,372124764.519719,16.51,-4.129644777080587e-07,17.37,ASK
1380,1712307333.5203724,372129797.033765,16.5,-3.431189981573766e-07,17.37,ASK
1381,1712307333.5235484,372148924.5974554,16.51,-1.3041256180593811e-06,17.37,ASK
1382,1712307333.526589,372197533.1999641,16.5,-3.314155676885858e-06,17.37,ASK
1383,1712307333.529397,372282552.14605737,16.51,-5.796628750798004e-06,17.37,ASK
1384,1712307333.5313065,372322363.3733301,16.5,-2.7143468040714925e-06,17.37,ASK
1385,1712307333.5330665,372323329.2138501,16.51,-6.585142705623715e-08,17.37,ASK
1386,1712307360.319677,372323329.2138501,16.51,-0.0,17.37,ASK
1387,1712307365.2819762,372326200.9869757,16.51,-1.957523310709205e-07,17.37,ASK
1388,1712307368.879714,372329450.4989834,16.51,-2.215006278431973e-07,17.37,ASK
1389,1712307371.3701427,372332471.6470196,16.55,2.0593436345475242e-07,17.37,BID
1390,1712307390.3198576,372332471.6470196,16.55,0.0,17.37,BID
1391,1712307415.3308177,372339259.4675116,16.5,-4.626820936742544e-07,17.37,ASK
1392,1712307415.336067,372345323.7488943,16.49,-4.1336308319992164e-07,17.37,ASK
1393,1712307415.340279,372351316.3341426,16.51,-4.084760185554066e-07,17.37,ASK
1394,1712307415.3427348,372356517.3881337,16.49,-3.545224203740811e-07,17.37,ASK
1395,1712307420.2022848,372356517.3881337,16.49,-0.0,17.37,ASK
1396,1712307447.9401462,372365422.5283147,16.49,-6.069897542542366e-07,17.37,ASK
1397,1712307449.1629698,372370357.479771,16.49,-3.363748251925996e-07,17.37,ASK
1398,1712307450.221277,372370357.479771,16.49,-0.0,17.37,ASK
1399,1712307480.3201544,372370357.479771,16.49,-0.0,17.37,ASK
1400,1712307482.082811,372552175.6615892,16.5,-1.239284890375498e-05,17.37,ASK
1401,1712307503.250213,372553293.8936123,16.5,-7.621944276025796e-08,17.37,ASK
1402,1712307510.31011,372553293.8936123,16.5,-0.0,17.37,ASK
1403,1712307520.600509,372558134.14902943,16.52,-3.298471845819725e-07,17.37,ASK
1404,1712307520.6049397,372561005.0812328,16.52,-1.956444077422724e-07,17.37,ASK
1405,1712307535.330186,372563637.2997558,16.52,1.793768704758034e-07,17.37,BID
1406,1712307540.225773,372563637.2997558,16.52,0.0,17.37,BID
1407,1712307554.9203262,372574990.3990245,16.52,7.736666563948194e-07,17.37,BID
1408,1712307554.9302611,372588613.0080276,16.52,9.283243376420324e-07,17.37,BID
1409,1712307556.8704014,372676030.6802832,16.52,5.957152016669508e-06,17.37,BID
1410,1712307570.2302852,372676030.6802832,16.52,0.0,17.37,BID
1411,1712307597.660403,372736563.3679345,16.52,4.1245298817308365e-06,17.37,BID
1412,1712307600.292048,372736563.3679345,16.52,0.0,17.37,BID
1413,1712307615.7703474,372766563.3679345,16.52,-2.051640834995713e-06,17.37,ASK
1414,1712307616.1703904,372767168.6948111,16.54,4.1397111279703947e-08,17.37,BID
1415,1712307630.211649,372767168.6948111,16.54,0.0,17.37,BID
1416,1712307654.0506802,372767644.6948111,16.52,-3.2551575686242654e-08,17.37,ASK
1417,1712307660.3103802,372767644.6948111,16.52,-0.0,17.37,ASK
1418,1712307688.950843,372778184.6149079,16.52,-7.207790383626578e-07,17.37,ASK
1419,1712307689.1117847,372780634.7905642,16.52,1.675567971295772e-07,17.37,BID
1420,1712307690.3205323,372780634.7905642,16.52,0.0,17.37,BID
1421,1712307720.2017963,372780634.7905642,16.52,0.0,17.37,BID
1422,1712307741.671058,372780998.0923968,16.52,-2.4844258806092483e-08,17.37,ASK
1423,1712307750.2027843,372780998.0923968,16.52,-0.0,17.37,ASK
1424,1712307780.3007689,372780998.0923968,16.52,-0.0,17.37,ASK
1425,1712307810.312529,372780998.0923968,16.52,-0.0,17.37,ASK
1426,1712307821.3466156,372781594.0923968,16.52,-4.0757218500552514e-08,17.37,ASK
1427,1712307840.2376125,372781594.0923968,16.52,-0.0,17.37,ASK
1428,1712307870.2106962,372781594.0923968,16.52,-0.0,17.37,ASK
1429,1712307894.5507977,372781898.28947705,16.52,-2.0802380065989576e-08,17.37,ASK
1430,1712307900.3138883,372781898.28947705,16.52,-0.0,17.37,ASK
1431,1712307916.9010625,372785625.7295542,16.54,2.553512622266467e-07,17.37,BID
1432,1712307916.905453,372800027.0681953,16.54,9.865752161455176e-07,17.37,BID
1433,1712307922.2507522,372800621.0681953,16.52,-4.069244484798724e-08,17.37,ASK
1434,1712307930.3007555,372800621.0681953,16.52,-0.0,17.37,ASK
1435,1712307960.2271435,372800621.0681953,16.52,-0.0,17.37,ASK
1436,1712307962.0208433,372801750.3094992,16.52,-7.735793720061416e-08,17.37,ASK
1437,1712307962.0238502,372803137.0902474,16.52,-9.500050844484125e-08,17.37,ASK
1438,1712307968.0651827,372803567.7227596,16.52,-2.9500198691422572e-08,17.37,ASK
1439,1712307968.070824,372805024.1067864,16.52,-9.976863553960661e-08,17.37,ASK
1440,1712307982.3210747,372806961.15279126,16.52,-1.326960700748464e-07,17.37,ASK
1441,1712307982.325569,372830045.8220332,16.52,-1.58140017311799e-06,17.37,ASK
1442,1712307990.2039006,372830045.8220332,16.52,-0.0,17.37,ASK
1443,1712308001.4309833,372858483.2312341,16.52,1.948021255640544e-06,17.37,BID
1444,1712308014.3212187,372873175.5909366,16.51,-1.0064569804393956e-06,17.37,ASK
1445,1712308018.450944,372880705.463818,16.52,5.158118421226749e-07,17.37,BID
1446,1712308020.3208368,372880705.463818,16.52,0.0,17.37,BID
1447,1712308038.5010731,372892812.00134826,16.52,8.292752883941391e-07,17.37,BID
1448,1712308040.300984,372951380.65890807,16.52,4.0118440361003145e-06,17.37,BID
1449,1712308047.8810697,372997220.9868569,16.51,-3.139977147444469e-06,17.37,ASK
1450,1712308047.8861127,373003277.9220477,16.51,-4.148887875299025e-07,17.37,ASK
1451,1712308047.8882265,373129747.28386354,16.51,-8.662915902285505e-06,17.37,ASK
1452,1712308047.970867,373134747.28386354,16.5,-3.424906941057424e-07,17.37,ASK
1453,1712308047.981072,373221934.0758393,16.5,-5.972132980124602e-06,17.37,ASK
1454,1712308047.9844632,373224358.31826353,16.5,-1.6605609411237e-07,17.37,ASK
1455,1712308050.3325107,373224358.31826353,16.5,-0.0,17.37,ASK
1456,1712308070.086522,373247873.31826353,16.5,-1.6101080108461684e-06,17.37,ASK
1457,1712308073.3218465,373266055.1364453,16.5,-1.244936895865841e-06,17.37,ASK
1458,1712308073.3239598,373326256.716263,16.5,-4.12209423474368e-06,17.37,ASK
1459,1712308073.3259838,373545228.8442766,16.48,-1.499335647317659e-05,17.37,ASK
1460,1712308073.3280115,373586800.206221,16.49,-2.84645472627802e-06,17.37,ASK
1461,1712308073.330042,373711136.03587896,16.48,-8.513464400064006e-06,17.37,ASK
1462,1712308073.332072,373810296.11274177,16.47,-6.789642105589431e-06,17.37,ASK
1463,1712308073.3340907,373931581.7403948,16.49,-8.304612404197375e-06,17.37,ASK
1464,1712308073.336128,374007664.8497293,16.5,-5.209526847948679e-06,17.37,ASK
1465,1712308073.3433144,374008759.7095482,16.48,-7.4966726141674e-08,17.37,ASK
1466,1712308073.3453631,374028759.7095482,16.47,-1.369430585452833e-06,17.37,ASK
1467,1712308080.1895535,374028759.7095482,16.47,-0.0,17.37,ASK
1468,1712308094.8032286,374040892.0107018,16.47,-8.299636324395414e-07,17.37,ASK
1469,1712308094.807719,374176533.391034,16.47,-9.279147566840263e-06,17.37,ASK
1470,1712308102.2839942,374177747.8506329,16.46,-8.308047149032498e-08,17.37,ASK
1471,1712308102.2861693,374239560.0186679,16.46,-4.228534295498713e-06,17.37,ASK
1472,1712308110.2937872,374239560.0186679,16.46,-0.0,17.37,ASK
1473,1712308113.171133,374298397.731591,16.46,4.0240979719903455e-06,17.37,BID
1474,1712308140.3126729,374298397.731591,16.46,0.0,17.37,BID
1475,1712308144.9712396,374304473.0657343,16.46,-4.154838684523789e-07,17.37,ASK
1476,1712308144.975764,374305265.477642,16.46,-5.419197644767326e-08,17.37,ASK
1477,1712308145.056352,374359151.0730248,16.46,3.685162839648195e-06,17.37,BID
1478,1712308146.231131,374449151.0730248,16.46,6.154978027291328e-06,17.37,BID
1479,1712308154.2411604,374452713.84542185,16.52,2.436531757821806e-07,17.37,BID
1480,1712308155.291059,374481811.6185311,16.46,-1.9899572681176296e-06,17.37,ASK
1481,1712308170.292069,374481811.6185311,16.46,-0.0,17.37,ASK
1482,1712308170.871874,374496471.5760296,16.47,-1.0023676570736629e-06,17.37,ASK
1483,1712308170.8755891,374509656.80054414,16.48,-9.015334871269422e-07,17.37,ASK
1484,1712308170.8792052,374517559.5361064,16.45,-5.403458046087715e-07,17.37,ASK
1485,1712308170.8828278,374770950.7129329,16.46,-1.732550181444074e-05,17.37,ASK
1486,1712308170.888006,374778108.4315431,16.45,-4.894056230445195e-07,17.37,ASK
1487,1712308170.8900905,374779538.346385,16.44,-9.77697506990626e-08,17.37,ASK
1488,1712308170.892177,374791225.27647614,16.45,-7.99088314894225e-07,17.37,ASK
1489,1712308170.894308,374866028.53073406,16.44,-5.114637114058344e-06,17.37,ASK
1490,1712308170.896441,374906445.45860606,16.43,-2.763488318537713e-06,17.37,ASK
1491,1712308170.8990085,374924682.54067296,16.45,-1.2469518567982506e-06,17.37,ASK
1492,1712308170.901122,374925970.1791392,16.43,-8.80416708370407e-08,17.37,ASK
1493,1712308170.9032826,374944207.261206,16.45,-1.246951856794175e-06,17.37,ASK
