,time,acc_trade_volume,trade_price,dev,high,ask_bid
0,1712300395.475283,189092.53901255,3920.0,0.0,4071.0,ASK
1,1712300400.8633552,189092.53901255,3920.0,-0.0,4071.0,ASK
2,1712300430.7245426,189092.53901255,3920.0,-0.0,4071.0,ASK
3,1712300461.022473,189092.53901255,3920.0,-0.0,4071.0,ASK
4,1712300491.0028336,189092.53901255,3920.0,-0.0,4071.0,ASK
5,1712300520.6938145,189092.53901255,3920.0,-0.0,4071.0,ASK
6,1712300550.6937218,189092.53901255,3920.0,-0.0,4071.0,ASK
7,1712300580.942815,189092.53901255,3920.0,-0.0,4071.0,ASK
8,1712300584.0033536,189146.52645203,3920.0,-1.935556337013932e-08,4071.0,ASK
9,1712300585.3443131,189216.01349094,3920.0,-2.4912475901442235e-08,4071.0,ASK
10,1712300587.6128263,189270.38395313,3920.0,-1.949288457682508e-08,4071.0,ASK
11,1712300587.6332018,189325.54017028,3920.0,-1.977459324959706e-08,4071.0,ASK
12,1712300587.7128744,189337.65446502,3920.0,-4.343213936111001e-09,4071.0,ASK
13,1712300587.714109,189346.54722012,3920.0,-3.1882283459121563e-09,4071.0,ASK
14,1712300604.70361,189354.54722012,3919.0,-2.868158009577033e-09,4071.0,ASK
15,1712300604.70732,189357.10084626,3916.0,-9.155254083623907e-10,4071.0,ASK
16,1712300604.7088983,189359.65773708,3911.0,-9.166958606273263e-10,4071.0,ASK
17,1712300604.7117808,189362.21071129,3917.0,-9.152916785834372e-10,4071.0,ASK
18,1712300604.7130437,189489.76306579,3918.0,-4.573003839994398e-08,4071.0,ASK
19,1712300604.7142792,189491.76306579,3915.0,-7.17039502394258e-10,4071.0,ASK
20,1712300604.715551,189517.13089937,3912.0,-9.094869383514234e-09,4071.0,ASK
21,1712300604.7168016,189519.68452551,3916.0,-9.155254083623907e-10,4071.0,ASK
22,1712300604.7183545,189545.22730967,3915.0,-9.157592621926273e-09,4071.0,ASK
23,1712300604.7196314,189597.22730967,3911.0,-1.864302706225072e-08,4071.0,ASK
24,1712300604.7209244,189609.1744361,3915.0,-4.283280795201973e-09,4071.0,ASK
25,1712300604.7217095,189723.61495223,3911.0,-4.102918536980195e-08,4071.0,ASK
26,1712300611.0029154,189723.61495223,3911.0,-0.0,4071.0,ASK
27,1712300640.7244298,189723.61495223,3911.0,-0.0,4071.0,ASK
28,1712300670.7043786,189723.61495223,3911.0,-0.0,4071.0,ASK
29,1712300700.995626,189723.61495223,3911.0,-0.0,4071.0,ASK
30,1712300711.0836236,189780.07195651,3911.0,-2.0250615621090065e-08,4071.0,ASK
31,1712300711.1748073,189797.03446164,3911.0,-6.084296815593483e-09,4071.0,ASK
32,1712300711.5175009,189888.34038776,3911.0,-3.275060796025117e-08,4071.0,ASK
33,1712300721.9342134,190023.61495223,3911.0,-4.852175993624879e-08,4071.0,ASK
34,1712300722.5636542,190074.76585223,3910.0,-1.834736411864116e-08,4071.0,ASK
35,1712300722.5650537,190077.32339697,3910.0,-9.173681126743143e-10,4071.0,ASK
36,1712300730.9932387,190077.32339697,3910.0,-0.0,4071.0,ASK
37,1712300741.053444,190077.32339698,3910.0,-3.589331424662362e-18,4071.0,ASK
38,1712300760.6633546,190077.32339698,3910.0,-0.0,4071.0,ASK
39,1712300775.3535054,190230.7760824,3909.0,5.5014790043045386e-08,4071.0,BID
40,1712300779.272397,190233.33624625,3906.0,-9.178521463975272e-10,4071.0,ASK
41,1712300779.274074,190236.03916986,3907.0,-9.690333831609974e-10,4071.0,ASK
42,1712300779.2748466,190415.2460824,3906.0,-6.424801651835539e-08,4071.0,ASK
43,1712300779.307857,190415.25063938,3906.0,-1.6337367962481669e-12,4071.0,ASK
44,1712300779.4636478,190417.81145884,3905.0,-9.180871911364771e-10,4071.0,ASK
45,1712300779.476339,190779.93671146,3905.0,-1.298266282381928e-07,4071.0,ASK
46,1712300790.6432793,190779.93671146,3905.0,-0.0,4071.0,ASK
47,1712300799.0634773,190779.93671147,3905.0,-3.585803205132755e-18,4071.0,ASK
48,1712300805.0335066,190784.2593479,3903.0,-1.548198227828975e-09,4071.0,ASK
49,1712300805.034972,190896.08908908,3902.0,-4.00530116094836e-08,4071.0,ASK
50,1712300810.7736592,190926.08908908,3904.0,1.0744819183211974e-08,4071.0,BID
51,1712300814.6233776,190961.09934424,3902.0,-1.2539295375082116e-08,4071.0,ASK
52,1712300818.0635264,191024.69934423,3902.0,-2.2779016664825672e-08,4071.0,ASK
53,1712300819.7460594,191337.46097545,3902.0,-1.1201890583017645e-07,4071.0,ASK
54,1712300819.9835806,191580.65614091,3902.0,-8.710293596996654e-08,4071.0,ASK
55,1712300820.2537415,191799.43477047,3902.0,-7.835789385910183e-08,4071.0,ASK
56,1712300820.8737032,191990.88123061,3902.0,-6.856858658234185e-08,4071.0,ASK
57,1712300820.9969065,191990.88123061,3902.0,-0.0,4071.0,ASK
58,1712300821.0535672,192177.95666174,3902.0,-6.688985366549521e-08,4071.0,ASK
59,1712300821.173348,192368.19010369,3902.0,-6.8019017876674e-08,4071.0,ASK
60,1712300821.275262,192567.63382789,3902.0,-7.13122051658876e-08,4071.0,ASK
61,1712300821.5409167,193148.65382789,3902.0,-2.077469101205269e-07,4071.0,ASK
62,1712300821.6935215,193204.15382789,3902.0,-1.984433154054843e-08,4071.0,ASK
63,1712300824.3835456,193256.79081449,3902.0,-1.8820645286231534e-08,4071.0,ASK
64,1712300825.1766143,193322.04792751,3902.0,-2.3333041191852265e-08,4071.0,ASK
65,1712300833.7638493,193347.68238021,3901.0,-9.16574014845732e-09,4071.0,ASK
66,1712300833.7655137,193350.26160341,3900.0,-9.222155008659735e-10,4071.0,ASK
67,1712300833.768724,193407.82412579,3902.0,-2.0581797809351185e-08,4071.0,ASK
68,1712300833.7703283,193419.22758751,3900.0,-4.077370722184261e-09,4071.0,ASK
69,1712300833.7755811,193426.91792751,3901.0,-2.7497235426947993e-09,4071.0,ASK
70,1712300844.7536876,193459.47438725,3901.0,-1.1640741997607852e-08,4071.0,ASK
71,1712300850.9946496,193459.47438725,3901.0,-0.0,4071.0,ASK
72,1712300853.0437465,194040.66438725,3901.0,-2.0738278368725533e-07,4071.0,ASK
73,1712300857.32364,194330.66438725,3901.0,-1.0347908131472293e-07,4071.0,ASK
74,1712300859.553749,194389.76438724,3901.0,-2.1088323119533528e-08,4071.0,ASK
75,1712300861.864137,194589.14546171,3901.0,-7.114403592309718e-08,4071.0,ASK
76,1712300863.6636522,194635.65344581,3901.0,-1.6595184374025612e-08,4071.0,ASK
77,1712300880.6335738,194635.65344581,3901.0,-0.0,4071.0,ASK
78,1712300899.174085,194645.65344581,3901.0,-3.562411772850801e-09,4071.0,ASK
79,1712300899.179061,194800.06460333,3901.0,-5.500761254088468e-08,4071.0,ASK
80,1712300899.180765,195056.40344581,3901.0,-9.1318451028962e-08,4071.0,ASK
81,1712300900.3941703,195183.14047354,3900.0,-4.5148947964149535e-08,4071.0,ASK
82,1712300900.395939,195183.1461581,3901.0,-2.025074343251612e-12,4071.0,ASK
83,1712300903.993893,195215.5461581,3900.0,-1.1542214144044892e-08,4071.0,ASK
84,1712300908.0837655,195343.68557378,3902.0,4.564853629846343e-08,4071.0,BID
85,1712300910.6836512,195343.68557378,3902.0,0.0,4071.0,BID
86,1712300940.953794,195343.68557378,3902.0,0.0,4071.0,BID
87,1712300954.2240045,195369.2937684,3905.0,9.113726049416e-09,4071.0,BID
88,1712300956.4940045,195625.57259976,3902.0,-9.120733015108133e-08,4071.0,ASK
89,1712300956.495931,195627.3237684,3902.0,-6.232251624219593e-10,4071.0,ASK
90,1712300970.995752,195627.3237684,3902.0,-0.0,4071.0,ASK
91,1712300973.6440098,195627.33028476,3902.0,-2.318200727566209e-12,4071.0,ASK
92,1712300981.6279988,195723.75322942,3900.0,-3.4302546233943274e-08,4071.0,ASK
93,1712300982.1841114,196305.05322942,3900.0,-2.0679797942395974e-07,4071.0,ASK
94,1712300984.693973,196317.84749758,3901.0,4.551572000158981e-09,4071.0,BID
95,1712300986.123891,196348.98118439,3900.0,-1.1075836098962812e-08,4071.0,ASK
96,1712300989.393975,196528.96873287,3900.0,-6.403072655623224e-08,4071.0,ASK
97,1712300989.998683,196758.95282259,3900.0,-8.181703948693312e-08,4071.0,ASK
98,1712300990.194201,196978.93760407,3900.0,-7.825977690363192e-08,4071.0,ASK
99,1712300990.3345072,197003.95427321,3900.0,-8.899701754805182e-09,4071.0,ASK
100,1712300990.3367872,197038.8444623,3900.0,-1.2412215044787528e-08,4071.0,ASK
101,1712300990.3376424,197167.0495905,3900.0,-4.5609085607344804e-08,4071.0,ASK
102,1712300993.9741414,197455.47614068,3900.0,-1.026079955091034e-07,4071.0,ASK
103,1712300993.9767156,197628.89264023,3900.0,-6.169307019734839e-08,4071.0,ASK
104,1712301000.7762506,197628.89264023,3900.0,-0.0,4071.0,ASK
105,1712301030.6640124,197628.89264023,3900.0,-0.0,4071.0,ASK
106,1712301044.2042615,197689.45537998,3902.0,2.1618695825737522e-08,4071.0,BID
107,1712301044.2840984,198141.45030296,3902.0,1.6134575144750605e-07,4071.0,BID
108,1712301044.294029,198141.45030297,3902.0,3.573819150986596e-18,4071.0,BID
109,1712301044.4040222,198218.38320567,3902.0,-2.7462248724671932e-08,4071.0,ASK
110,1712301044.584107,198275.29575505,3902.0,-2.0315710596858363e-08,4071.0,ASK
111,1712301044.6540158,198332.68797188,3902.0,-2.0486934434179085e-08,4071.0,ASK
112,1712301060.9940712,198332.68797188,3902.0,-0.0,4071.0,ASK
113,1712301064.324185,198395.7337285,3900.0,2.2483002540044865e-08,4071.0,BID
114,1712301064.3640146,198467.3168169,3900.0,2.5527534993705545e-08,4071.0,BID
115,1712301065.2741532,198966.68687276,3900.0,1.780823775657563e-07,4071.0,BID
116,1712301065.294137,199185.64830729,3900.0,7.808472374090312e-08,4071.0,BID
117,1712301065.3145342,199320.92938812,3900.0,4.824313398685396e-08,4071.0,BID
118,1712301065.4543302,199358.32899751,3900.0,1.3337226135290989e-08,4071.0,BID
119,1712301091.0040622,199358.32899751,3900.0,0.0,4071.0,BID
120,1712301091.1067605,199358.32899752,3900.0,3.5652335287474e-18,4071.0,BID
121,1712301095.384222,199359.86273985,3912.0,5.461749677482385e-10,4071.0,BID
122,1712301120.6354008,199359.86273985,3912.0,0.0,4071.0,BID
123,1712301150.689202,199359.86273985,3912.0,0.0,4071.0,BID
124,1712301180.9557502,199359.86273985,3912.0,0.0,4071.0,BID
125,1712301210.992975,199359.86273985,3912.0,0.0,4071.0,BID
126,1712301240.682135,199359.86273985,3912.0,0.0,4071.0,BID
127,1712301267.9122956,199362.88053088,3905.0,1.0746514356063843e-09,4071.0,BID
128,1712301270.643564,199362.88053088,3905.0,0.0,4071.0,BID
129,1712301280.5612829,199375.76732985,3906.0,-4.589038392422798e-09,4071.0,ASK
130,1712301300.7705877,199375.76732985,3906.0,-0.0,4071.0,ASK
131,1712301328.911209,199954.71732985,3906.0,-2.072732276029955e-07,4071.0,ASK
132,1712301329.0101557,200014.32590676,3906.0,2.1340810309965283e-08,4071.0,BID
133,1712301330.7199943,200014.32590676,3906.0,0.0,4071.0,BID
134,1712301360.6632495,200014.32590676,3906.0,0.0,4071.0,BID
135,1712301363.3093934,200341.65814898,3908.0,-1.1708554989976957e-07,4071.0,ASK
136,1712301390.638765,200341.65814898,3908.0,-0.0,4071.0,ASK
137,1712301420.9680471,200341.65814898,3908.0,-0.0,4071.0,ASK
138,1712301437.3923328,200344.22158898,3913.0,9.165137746234564e-10,4071.0,BID
139,1712301437.3933165,200369.76437298,3915.0,9.132382025028937e-09,4071.0,BID
140,1712301442.187764,200369.76437315,3915.0,6.078935622806886e-17,4071.0,BID
141,1712301445.9776638,200501.58831913,3915.0,-4.7131379051576966e-08,4071.0,ASK
142,1712301447.6276588,200504.15175913,3917.0,9.165137746234564e-10,4071.0,BID
143,1712301450.967405,200504.15175913,3917.0,0.0,4071.0,BID
144,1712301471.8708048,200555.7139637,3917.0,-1.8430985129961923e-08,4071.0,ASK
145,1712301471.8871655,201194.72974048,3917.0,-2.2841712021171013e-07,4071.0,ASK
146,1712301471.8894074,201255.33764588,3917.0,-2.1664384067783882e-08,4071.0,ASK
147,1712301475.619882,201268.10251695,3918.0,-4.562821757504115e-09,4071.0,ASK
148,1712301477.6871595,201319.16200123,3917.0,-1.8251287030037265e-08,4071.0,ASK
149,1712301477.709545,201319.16200124,3917.0,-3.5787030669305724e-18,4071.0,ASK
150,1712301480.6693015,201319.16200124,3917.0,-0.0,4071.0,ASK
151,1712301493.6667583,201500.88765208,3918.0,6.488405739812229e-08,4071.0,BID
152,1712301510.6913114,201500.88765208,3918.0,0.0,4071.0,BID
153,1712301541.001445,201500.88765208,3918.0,0.0,4071.0,BID
154,1712301570.9974864,201500.88765208,3918.0,0.0,4071.0,BID
155,1712301579.2354636,201526.43043624,3914.0,9.11758057419846e-09,4071.0,BID
156,1712301600.6950352,201526.43043624,3914.0,0.0,4071.0,BID
157,1712301617.884947,201527.93043624,3914.0,-5.36164602386099e-10,4071.0,ASK
158,1712301630.71467,201527.93043624,3914.0,-0.0,4071.0,ASK
159,1712301645.204532,201583.12738604,3914.0,1.972972569117371e-08,4071.0,BID
160,1712301645.20635,201591.83396815,3914.0,3.112100892538353e-09,4071.0,BID
161,1712301645.3248792,201612.05179915,3914.0,7.226708380559145e-09,4071.0,BID
162,1712301645.3845968,201612.05179964,3914.0,1.7514390836965812e-16,4071.0,BID
163,1712301660.964108,201612.05179964,3914.0,0.0,4071.0,BID
164,1712301691.023793,201612.05179964,3914.0,0.0,4071.0,BID
165,1712301708.6637237,201617.15644486,3918.0,1.8244015101458966e-09,4071.0,BID
166,1712301720.703438,201617.15644486,3918.0,0.0,4071.0,BID
167,1712301736.0334206,201655.98352177,3914.0,-1.3876708049699362e-08,4071.0,ASK
168,1712301750.6982248,201655.98352177,3914.0,-0.0,4071.0,ASK
169,1712301776.0855014,201693.80437536,3914.0,-1.3516352028276044e-08,4071.0,ASK
170,1712301776.087411,201751.78171311,3914.0,-2.0719841894268853e-08,4071.0,ASK
171,1712301781.012783,201751.78171311,3914.0,-0.0,4071.0,ASK
172,1712301810.992509,201751.78171311,3914.0,-0.0,4071.0,ASK
173,1712301840.6920676,201751.78171311,3914.0,-0.0,4071.0,ASK
174,1712301853.0222862,202135.12366524,3911.0,-1.3697973645501434e-07,4071.0,ASK
175,1712301853.1021135,202200.71230535,3911.0,2.3436815581460812e-08,4071.0,BID
176,1712301853.1220334,202250.44827453,3911.0,1.7772174197885496e-08,4071.0,BID
177,1712301870.7718267,202250.44827453,3911.0,0.0,4071.0,BID
178,1712301880.14197,202476.63576115,3914.0,8.076738058038729e-08,4071.0,BID
179,1712301880.2417848,202879.25690684,3914.0,1.4376858680199533e-07,4071.0,BID
180,1712301880.3218603,203016.92757959,3914.0,4.915965859525425e-08,4071.0,BID
181,1712301901.0215282,203016.92757959,3914.0,0.0,4071.0,BID
182,1712301930.9786038,203016.92757959,3914.0,0.0,4071.0,BID
183,1712301960.7352538,203016.92757959,3914.0,0.0,4071.0,BID
184,1712301990.703113,203016.92757959,3914.0,0.0,4071.0,BID
185,1712302021.033129,203016.92757959,3914.0,0.0,4071.0,BID
186,1712302050.981866,203016.92757959,3914.0,0.0,4071.0,BID
187,1712302078.7900686,203042.47688976,3914.0,9.13373385434567e-09,4071.0,BID
188,1712302080.6636682,203042.47688976,3914.0,0.0,4071.0,BID
189,1712302110.669902,203042.47688976,3914.0,0.0,4071.0,BID
190,1712302140.9796329,203042.47688976,3914.0,0.0,4071.0,BID
191,1712302162.3397512,203302.36449061,3913.0,-9.290502582796405e-08,4071.0,ASK
192,1712302170.9723003,203302.36449061,3913.0,-0.0,4071.0,ASK
193,1712302201.0917675,203302.36449061,3913.0,-0.0,4071.0,ASK
194,1712302231.0116909,203302.36449061,3913.0,-0.0,4071.0,ASK
195,1712302260.7207296,203302.36449061,3913.0,-0.0,4071.0,ASK
196,1712302290.6886692,203302.36449061,3913.0,-0.0,4071.0,ASK
197,1712302321.018929,203302.36449061,3913.0,-0.0,4071.0,ASK
198,1712302350.9685533,203302.36449061,3913.0,-0.0,4071.0,ASK
199,1712302369.0184195,203304.91942162,3914.0,-9.151401393924599e-10,4071.0,ASK
200,1712302369.0210676,203312.36449061,3914.0,-2.666718375806012e-09,4071.0,ASK
201,1712302380.708095,203312.36449061,3914.0,-0.0,4071.0,ASK
202,1712302410.660948,203312.36449061,3914.0,-0.0,4071.0,ASK
203,1712302441.0819943,203312.36449061,3914.0,-0.0,4071.0,ASK
204,1712302470.9979663,203312.36449061,3914.0,-0.0,4071.0,ASK
205,1712302500.712324,203312.36449061,3914.0,-0.0,4071.0,ASK
206,1712302510.7015276,203325.12284733,3919.0,4.606489921087342e-09,4071.0,BID
207,1712302530.709396,203325.12284733,3919.0,0.0,4071.0,BID
208,1712302540.677702,203327.67451867,3919.0,9.212813510385559e-10,4071.0,BID
209,1712302542.5980244,203441.03838967,3919.0,4.093004400529681e-08,4071.0,BID
210,1712302560.9403715,203441.03838967,3919.0,0.0,4071.0,BID
211,1712302590.947077,203441.03838967,3919.0,0.0,4071.0,BID
212,1712302618.1871464,203448.29561883,3919.0,2.6197940784715556e-09,4071.0,BID
213,1712302618.1971428,203544.345142,3919.0,3.467300900844836e-08,4071.0,BID
214,1712302620.6891413,203544.345142,3919.0,0.0,4071.0,BID
215,1712302624.817107,203594.08111119,3919.0,-1.795161133329436e-08,4071.0,ASK
216,1712302625.0969748,203661.3312129,3919.0,-2.4273130848436134e-08,4071.0,ASK
217,1712302650.669845,203661.3312129,3919.0,-0.0,4071.0,ASK
218,1712302660.5769677,203663.8946729,3921.0,9.250975613159775e-10,4071.0,BID
219,1712302660.579816,203855.62433046,3921.0,6.919110836150058e-08,4071.0,BID
220,1712302661.6903908,203855.62433124,3921.0,2.814789593578387e-16,4071.0,BID
221,1712302661.6958065,203946.70390324,3921.0,3.2868657963361694e-08,4071.0,BID
222,1712302680.9365883,203946.70390324,3921.0,0.0,4071.0,BID
223,1712302696.339897,203972.18161024,3925.0,9.190645088924866e-09,4071.0,BID
224,1712302696.3566575,203972.18161025,3925.0,3.6115551490152215e-18,4071.0,BID
225,1712302709.8868794,203976.85450744,3925.0,1.685667380128123e-09,4071.0,BID
226,1712302711.016617,203976.85450744,3925.0,0.0,4071.0,BID
227,1712302740.6491437,203976.85450744,3925.0,0.0,4071.0,BID
228,1712302770.6891472,203976.85450744,3925.0,0.0,4071.0,BID
229,1712302800.706027,203976.85450744,3925.0,0.0,4071.0,BID
230,1712302830.6982656,203976.85450744,3925.0,0.0,4071.0,BID
231,1712302860.9378264,203976.85450744,3925.0,0.0,4071.0,BID
232,1712302890.9958966,203976.85450744,3925.0,0.0,4071.0,BID
233,1712302920.705787,203976.85450744,3925.0,0.0,4071.0,BID
234,1712302950.678724,203976.85450744,3925.0,0.0,4071.0,BID
235,1712302979.8966908,204002.33221444,3925.0,-9.245658582093084e-09,4071.0,ASK
236,1712302980.9685807,204002.33221444,3925.0,-0.0,4071.0,ASK
237,1712303010.9284332,204002.33221444,3925.0,-0.0,4071.0,ASK
238,1712303040.707611,204002.33221444,3925.0,-0.0,4071.0,ASK
239,1712303070.6888905,204002.33221444,3925.0,-0.0,4071.0,ASK
240,1712303100.6892262,204002.33221444,3925.0,-0.0,4071.0,ASK
241,1712303130.6966455,204002.33221444,3925.0,-0.0,4071.0,ASK
242,1712303136.91521,204027.85543966,3918.0,-9.294882216690793e-09,4071.0,ASK
243,1712303136.9215496,204054.16069744,3918.0,-9.579677749864934e-09,4071.0,ASK
244,1712303140.3621883,204054.16069835,3918.0,-3.313940475887756e-16,4071.0,ASK
245,1712303153.1249604,204057.16069835,3920.0,1.092520494949583e-09,4071.0,BID
246,1712303160.7178953,204057.16069835,3920.0,0.0,4071.0,BID
247,1712303188.6349795,204082.71653785,3913.0,-9.306031432446073e-09,4071.0,ASK
248,1712303188.6451118,204411.32617703,3912.0,-1.1966156037301237e-07,4071.0,ASK
249,1712303190.7195942,204411.32617703,3912.0,-0.0,4071.0,ASK
250,1712303221.0048697,204411.32617703,3912.0,-0.0,4071.0,ASK
251,1712303250.998115,204411.32617703,3912.0,-0.0,4071.0,ASK
252,1712303280.605354,204411.32617703,3912.0,-0.0,4071.0,ASK
253,1712303310.697782,204411.32617703,3912.0,-0.0,4071.0,ASK
254,1712303340.9658406,204411.32617703,3912.0,-0.0,4071.0,ASK
255,1712303370.9788463,204411.32617703,3912.0,-0.0,4071.0,ASK
256,1712303376.8861468,204436.88854922,3924.0,9.30371627005366e-09,4071.0,BID
257,1712303400.7284837,204436.88854922,3924.0,0.0,4071.0,BID
258,1712303430.689833,204436.88854922,3924.0,0.0,4071.0,BID
259,1712303460.9802496,204436.88854922,3924.0,0.0,4071.0,BID
260,1712303490.9968994,204436.88854922,3924.0,0.0,4071.0,BID
261,1712303520.700344,204436.88854922,3924.0,0.0,4071.0,BID
262,1712303550.7073638,204436.88854922,3924.0,0.0,4071.0,BID
263,1712303556.9672549,204691.73054719,3923.0,9.292777985923717e-08,4071.0,BID
264,1712303580.986263,204691.73054719,3923.0,0.0,4071.0,BID
265,1712303610.940795,204691.73054719,3923.0,0.0,4071.0,BID
266,1712303622.4375918,204717.22124308,3923.0,9.29175941352286e-09,4071.0,BID
267,1712303640.7193327,204717.22124308,3923.0,0.0,4071.0,BID
268,1712303670.617612,204717.22124308,3923.0,0.0,4071.0,BID
269,1712303700.7414696,204717.22124308,3923.0,0.0,4071.0,BID
270,1712303730.667934,204717.22124308,3923.0,0.0,4071.0,BID
271,1712303760.9579165,204717.22124308,3923.0,0.0,4071.0,BID
272,1712303790.9979086,204717.22124308,3923.0,0.0,4071.0,BID
273,1712303820.6795442,204717.22124308,3923.0,0.0,4071.0,BID
274,1712303835.3390503,204719.77031266,3922.0,9.320417157800035e-10,4071.0,BID
275,1712303850.6881418,204719.77031266,3922.0,0.0,4071.0,BID
276,1712303880.9881542,204719.77031266,3922.0,0.0,4071.0,BID
277,1712303911.001523,204719.77031266,3922.0,0.0,4071.0,BID
278,1712303940.678305,204719.77031266,3922.0,0.0,4071.0,BID
279,1712303970.6183908,204719.77031266,3922.0,0.0,4071.0,BID
280,1712304000.968531,204719.77031266,3922.0,0.0,4071.0,BID
281,1712304022.3284423,204721.04542739,3917.0,4.67920849217775e-10,4071.0,BID
282,1712304030.680814,204721.04542739,3917.0,0.0,4071.0,BID
283,1712304060.9721756,204721.04542739,3917.0,0.0,4071.0,BID
284,1712304076.008717,204746.60126689,3913.0,-9.378048831715902e-09,4071.0,ASK
285,1712304076.011925,204964.33401028,3913.0,-7.98998717993154e-08,4071.0,ASK
286,1712304076.014978,208312.41895999,3912.0,-1.228623467880957e-06,4071.0,ASK
287,1712304076.0179832,208567.39091307,3913.0,-9.356528580096885e-08,4071.0,ASK
288,1712304077.698438,208606.64200207,3912.0,-1.4403699371325157e-08,4071.0,ASK
289,1712304077.7786496,208904.15489253,3912.0,-1.091762379708771e-07,4071.0,ASK
290,1712304083.538419,209058.11094378,3912.0,-5.6496182274109566e-08,4071.0,ASK
291,1712304083.55838,209109.33944588,3912.0,-1.8798967424621985e-08,4071.0,ASK
292,1712304083.621727,209165.35309048,3912.0,-2.0554937915496897e-08,4071.0,ASK
293,1712304083.638496,209555.98861066,3912.0,-1.43348802282508e-07,4071.0,ASK
294,1712304083.6665812,209793.82900975,3912.0,-8.72786384818251e-08,4071.0,ASK
295,1712304086.5097027,209820.07900975,3912.0,-9.632780086618961e-09,4071.0,ASK
296,1712304091.0285003,209820.07900975,3912.0,-0.0,4071.0,ASK
297,1712304112.6483362,209827.7477214,3914.0,2.793683643958265e-09,4071.0,BID
298,1712304120.718591,209827.7477214,3914.0,0.0,4071.0,BID
299,1712304132.1985788,209830.24148698,3912.0,-9.084597587307163e-10,4071.0,ASK
300,1712304150.0685222,210292.4384952,3912.0,-1.6837484081933584e-07,4071.0,ASK
301,1712304150.66414,210292.4384952,3912.0,-0.0,4071.0,ASK
302,1712304180.9797778,210292.4384952,3912.0,-0.0,4071.0,ASK
303,1712304211.0153456,210292.4384952,3912.0,-0.0,4071.0,ASK
304,1712304240.6290169,210292.4384952,3912.0,-0.0,4071.0,ASK
305,1712304270.678543,210292.4384952,3912.0,-0.0,4071.0,ASK
306,1712304286.0285852,210316.79054499,3912.0,-8.865394803463846e-09,4071.0,ASK
307,1712304293.4285295,210363.45361496,3912.0,-1.6987750172690354e-08,4071.0,ASK
308,1712304301.0110185,210363.45361496,3912.0,-0.0,4071.0,ASK
309,1712304308.0526872,210605.99178411,3912.0,-8.967603532348533e-08,4071.0,ASK
310,1712304308.0542274,210736.95489801,3912.0,-4.8422286971694724e-08,4071.0,ASK
311,1712304312.5886943,210843.8321832,3912.0,3.951679537931806e-08,4071.0,BID
312,1712304312.5922098,211029.46727071,3912.0,6.863669633182811e-08,4071.0,BID
313,1712304330.9785914,211029.46727071,3912.0,0.0,4071.0,BID
314,1712304360.6355815,211029.46727071,3912.0,0.0,4071.0,BID
315,1712304369.1086078,211118.93557337,3912.0,3.304816361897129e-08,4071.0,BID
316,1712304390.699026,211118.93557337,3912.0,0.0,4071.0,BID
317,1712304420.9861028,211118.93557337,3912.0,0.0,4071.0,BID
318,1712304450.948347,211118.93557337,3912.0,0.0,4071.0,BID
319,1712304480.6788068,211118.93557337,3912.0,0.0,4071.0,BID
320,1712304510.6788542,211118.93557337,3912.0,0.0,4071.0,BID
321,1712304511.998666,211139.81747522,3912.0,-7.712444293202613e-09,4071.0,ASK
322,1712304512.0021763,211195.62268994,3912.0,-2.0610891330173777e-08,4071.0,ASK
323,1712304540.9683568,211195.62268994,3912.0,-0.0,4071.0,ASK
324,1712304570.988614,211195.62268994,3912.0,-0.0,4071.0,ASK
325,1712304592.1385343,211198.17305974,3921.0,9.418397799503764e-10,4071.0,BID
326,1712304600.7514396,211198.17305974,3921.0,0.0,4071.0,BID
327,1712304630.683555,211198.17305974,3921.0,0.0,4071.0,BID
328,1712304660.9822164,211198.17305974,3921.0,0.0,4071.0,BID
329,1712304688.955311,211218.02412363,3921.0,7.367639368380541e-09,4071.0,BID
330,1712304689.028329,211327.51944983,3921.0,-4.063873253518879e-08,4071.0,ASK
331,1712304690.978331,211327.51944983,3921.0,-0.0,4071.0,ASK
332,1712304690.9930398,211513.15453734,3921.0,-6.888472023972508e-08,4071.0,ASK
333,1712304720.6795335,211513.15453734,3921.0,-0.0,4071.0,ASK
334,1712304750.6982555,211513.15453734,3921.0,-0.0,4071.0,ASK
335,1712304777.6782205,211550.05161007,3924.0,1.36879200025714e-08,4071.0,BID
336,1712304777.6883738,211572.04145446,3924.0,8.15769947610985e-09,4071.0,BID
337,1712304777.6916728,211745.46245334,3924.0,6.433498876199896e-08,4071.0,BID
338,1712304777.744903,211745.46245345,3924.0,4.080116744438096e-17,4071.0,BID
339,1712304777.8083663,211847.4772456,3925.0,3.784501616825261e-08,4071.0,BID
340,1712304780.9981594,211847.4772456,3925.0,0.0,4071.0,BID
341,1712304784.2682755,211884.09224559,3928.0,-1.3576669889705346e-08,4071.0,ASK
342,1712304810.9621558,211884.09224559,3928.0,-0.0,4071.0,ASK
343,1712304840.7083623,211884.09224559,3928.0,-0.0,4071.0,ASK
344,1712304870.6989484,211884.09224559,3928.0,-0.0,4071.0,ASK
345,1712304877.5484483,211914.02470239,3928.0,-1.1098222426862812e-08,4071.0,ASK
346,1712304879.538275,211944.15680392,3928.0,-1.1172245806731248e-08,4071.0,ASK
347,1712304884.358245,211987.74018899,3928.0,-1.6159652542209307e-08,4071.0,ASK
348,1712304884.457598,212019.87361173,3928.0,-1.191428673189216e-08,4071.0,ASK
349,1712304885.4611075,212257.71402078,3930.0,8.81854028679026e-08,4071.0,BID
350,1712304885.4665468,212283.15931341,3930.0,9.434491769632504e-09,4071.0,BID
351,1712304885.8382154,213174.01155548,3930.0,-3.303062090101115e-07,4071.0,ASK
352,1712304894.0382867,213250.32801439,3931.0,2.8296275226356683e-08,4071.0,BID
353,1712304900.753935,213250.32801439,3931.0,0.0,4071.0,BID
354,1712304910.838451,213288.70239368,3928.0,-1.4219784134085392e-08,4071.0,ASK
355,1712304912.84848,213788.70239368,3928.0,-1.852770572081768e-07,4071.0,ASK
356,1712304916.798693,213830.96478515,3928.0,-1.5660503044281004e-08,4071.0,ASK
357,1712304919.4082086,213863.21765751,3928.0,-1.1951434554742424e-08,4071.0,ASK
358,1712304919.4483466,213878.29410242,3928.0,-5.586638692180994e-09,4071.0,ASK
359,1712304919.451184,213895.77022129,3928.0,-6.475847751304888e-09,4071.0,ASK
360,1712304920.2082863,214005.58534478,3928.0,-4.069244583435934e-08,4071.0,ASK
361,1712304920.211979,214144.26275912,3928.0,-5.1387486460307024e-08,4071.0,ASK
362,1712304920.328349,214174.79366139,3928.0,-1.1313351452990176e-08,4071.0,ASK
363,1712304922.4783156,214270.80983918,3928.0,-3.557918973061906e-08,4071.0,ASK
364,1712304925.2882185,214338.02116363,3928.0,-2.490543281032253e-08,4071.0,ASK
365,1712304930.713327,214338.02116363,3928.0,-0.0,4071.0,ASK
366,1712304932.1983435,214465.30598225,3928.0,-4.7091359278574935e-08,4071.0,ASK
367,1712304932.201409,214494.84116363,3928.0,-1.09270834715616e-08,4071.0,ASK
368,1712304960.9782853,214494.84116363,3928.0,-0.0,4071.0,ASK
369,1712304987.8279934,214494.84758737,3928.0,-2.376039250491061e-12,4071.0,ASK
370,1712304990.9820752,214494.84758737,3928.0,-0.0,4071.0,ASK
371,1712305015.0382254,214563.50645458,3929.0,2.5395822631907355e-08,4071.0,BID
372,1712305015.04195,214571.20485344,3928.0,2.84751525830111e-09,4071.0,BID
373,1712305020.681765,214571.20485344,3928.0,0.0,4071.0,BID
374,1712305046.3483677,214573.4686791,3926.0,-8.372601878529941e-10,4071.0,ASK
375,1712305046.3568225,214603.00485344,3926.0,-1.0923748817373349e-08,4071.0,ASK
376,1712305050.6761296,214603.00485344,3926.0,-0.0,4071.0,ASK
377,1712305079.4280264,214628.02792247,3925.0,-9.254180882420482e-09,4071.0,ASK
378,1712305081.0138595,214628.02792247,3925.0,-0.0,4071.0,ASK
379,1712305081.317985,214665.54560365,3926.0,-1.387450903443942e-08,4071.0,ASK
380,1712305110.298024,214795.54560365,3925.0,-4.8075630416050594e-08,4071.0,ASK
381,1712305110.9578123,214795.54560365,3925.0,-0.0,4071.0,ASK
382,1712305140.6603217,214795.54560365,3925.0,-0.0,4071.0,ASK
383,1712305143.1049523,214966.13560365,3925.0,-6.30709846260785e-08,4071.0,ASK
384,1712305154.2879205,215543.11560365,3925.0,-2.1332256702945282e-07,4071.0,ASK
385,1712305160.559234,215581.64935682,3925.0,-1.4246800831065864e-08,4071.0,ASK
386,1712305166.4983287,215588.08620428,3927.0,2.3798482161292196e-09,4071.0,BID
387,1712305170.6715806,215588.08620428,3927.0,0.0,4071.0,BID
388,1712305182.9318814,215835.52131057,3925.0,-9.137726613475737e-08,4071.0,ASK
389,1712305200.8108268,215835.52131057,3925.0,-0.0,4071.0,ASK
390,1712305204.917827,215883.21205269,3925.0,-1.7614404500101597e-08,4071.0,ASK
391,1712305205.2981832,216069.45645719,3925.0,-6.878870260581882e-08,4071.0,ASK
392,1712305205.378015,216102.80111657,3925.0,-1.2315730310068872e-08,4071.0,ASK
393,1712305205.5778189,216275.42855257,3925.0,-6.37593241444718e-08,4071.0,ASK
394,1712305205.737812,216465.31873216,3925.0,-7.013525655522226e-08,4071.0,ASK
395,1712305205.9115016,216637.94616815,3925.0,-6.3759324140774e-08,4071.0,ASK
396,1712305205.9176652,216692.25748768,3925.0,-2.0059691013586663e-08,4071.0,ASK
397,1712305205.9199834,216745.82365972,3925.0,-1.97844734615386e-08,4071.0,ASK
398,1712305205.9377077,216978.13157672,3925.0,-8.580209568385733e-08,4071.0,ASK
399,1712305205.9977837,217150.24542437,3925.0,-6.356963213000776e-08,4071.0,ASK
400,1712305208.9680092,217194.73008271,3925.0,-1.6430248958556834e-08,4071.0,ASK
401,1712305208.9713569,217207.61670637,3925.0,-4.7596282149775136e-09,4071.0,ASK
402,1712305208.9877768,217207.61670691,3925.0,-1.9944428155129624e-16,4071.0,ASK
403,1712305230.6264112,217207.61670691,3925.0,-0.0,4071.0,ASK
404,1712305254.6691964,217240.7214382,3921.0,-1.2202840990769122e-08,4071.0,ASK
405,1712305256.1402256,217285.51944891,3921.0,-1.6513138155619277e-08,4071.0,ASK
406,1712305258.3365424,217340.86697576,3927.0,2.04018290759108e-08,4071.0,BID
407,1712305258.339358,217520.17581791,3927.0,6.60956063901071e-08,4071.0,BID
408,1712305258.3880515,217520.17581841,3927.0,1.8430800422929361e-16,4071.0,BID
409,1712305260.9577124,217520.17581841,3927.0,0.0,4071.0,BID
410,1712305262.2487955,217673.62850341,3933.0,5.653911453087143e-08,4071.0,BID
411,1712305268.228042,217920.15850219,3935.0,9.08331309831305e-08,4071.0,BID
412,1712305268.231209,217920.15850261,3933.0,1.547465905795339e-16,4071.0,BID
413,1712305268.2343795,217944.81138241,3935.0,9.083268855989362e-09,4071.0,BID
414,1712305284.0579314,218537.92138241,3938.0,2.1852934159741242e-07,4071.0,BID
415,1712305284.838156,218539.92138241,3935.0,-7.3689312807883e-10,4071.0,ASK
416,1712305284.8421843,218777.76179146,3935.0,-8.763148150421118e-08,4071.0,ASK
417,1712305290.9778628,218777.76179146,3935.0,-0.0,4071.0,ASK
418,1712305320.6889076,218777.76179146,3935.0,-0.0,4071.0,ASK
419,1712305329.1382484,218828.91269146,3940.0,1.8812063206698552e-08,4071.0,BID
420,1712305350.6894302,218828.91269146,3940.0,0.0,4071.0,BID
421,1712305380.7857914,218828.91269146,3940.0,0.0,4071.0,BID
422,1712305410.6686049,218828.91269146,3940.0,0.0,4071.0,BID
423,1712305432.1287155,218854.29340211,3940.0,-9.333719372085888e-09,4071.0,ASK
424,1712305432.1319466,219588.08251087,3940.0,-2.698498759118981e-07,4071.0,ASK
425,1712305440.9885485,219588.08251087,3940.0,-0.0,4071.0,ASK
426,1712305470.9803517,219588.08251087,3940.0,-0.0,4071.0,ASK
427,1712305500.6950898,219588.08251087,3940.0,-0.0,4071.0,ASK
428,1712305521.1144023,219841.88961687,3940.0,9.336552873147806e-08,4071.0,BID
429,1712305521.117245,219841.88961747,3940.0,2.2071779108346995e-16,4071.0,BID
430,1712305530.6908224,219841.88961747,3940.0,0.0,4071.0,BID
431,1712305560.9990008,219841.88961747,3940.0,0.0,4071.0,BID
432,1712305563.249232,219855.82385527,3937.0,-5.123966378765136e-09,4071.0,ASK
433,1712305577.7623978,219865.82385527,3949.0,3.677249127161044e-09,4071.0,BID
434,1712305581.769365,219885.82385527,3949.0,7.354498254322088e-09,4071.0,BID
435,1712305590.9694066,219885.82385527,3949.0,0.0,4071.0,BID
436,1712305620.7335682,219885.82385527,3949.0,0.0,4071.0,BID
437,1712305650.689389,219885.82385527,3949.0,0.0,4071.0,BID
438,1712305680.999406,219885.82385527,3949.0,0.0,4071.0,BID
439,1712305694.9502106,219888.35742506,3947.0,9.315973522762527e-10,4071.0,BID
440,1712305711.0191016,219888.35742506,3947.0,0.0,4071.0,BID
441,1712305740.6495836,219888.35742506,3947.0,0.0,4071.0,BID
442,1712305770.6849666,219888.35742506,3947.0,0.0,4071.0,BID
443,1712305800.7395897,219888.35742506,3947.0,0.0,4071.0,BID
444,1712305806.680102,220000.35742506,3935.0,-4.135580039029347e-08,4071.0,ASK
445,1712305806.8596272,220088.35742506,3935.0,-3.249384316380201e-08,4071.0,ASK
446,1712305807.4496934,220122.22781897,3928.0,-1.2506582586444004e-08,4071.0,ASK
447,1712305807.4535823,220176.35742506,3935.0,-1.9987260577358008e-08,4071.0,ASK
448,1712305809.369673,220177.46329505,3943.0,4.083405228888123e-10,4071.0,BID
449,1712305809.3826315,220179.14717905,3943.0,6.217711659315633e-10,4071.0,BID
450,1712305830.674364,220179.14717905,3943.0,0.0,4071.0,BID
451,1712305843.3929224,220185.14717905,3937.0,2.214553799806733e-09,4071.0,BID
452,1712305860.9999807,220185.14717905,3937.0,0.0,4071.0,BID
453,1712305890.980024,220185.14717905,3937.0,0.0,4071.0,BID
454,1712305920.6701114,220185.14717905,3937.0,0.0,4071.0,BID
455,1712305950.7002242,220185.14717905,3937.0,0.0,4071.0,BID
456,1712305965.7723887,220347.84717905,3935.0,6.005079364001051e-08,4071.0,BID
457,1712305965.776763,220962.14717905,3934.0,2.267314230673333e-07,4071.0,BID
458,1712305980.7330124,220962.14717905,3934.0,0.0,4071.0,BID
459,1712306004.04026,220967.506419,3934.0,1.975807725948197e-09,4071.0,BID
460,1712306010.6341116,220967.506419,3934.0,0.0,4071.0,BID
461,1712306041.0001757,220967.506419,3934.0,0.0,4071.0,BID
462,1712306042.070455,221046.29739739,3935.0,2.9047890234038493e-08,4071.0,BID
463,1712306070.9900746,221046.29739739,3935.0,0.0,4071.0,BID
464,1712306092.260671,221114.29739739,3936.0,2.50667122485794e-08,4071.0,BID
465,1712306092.2651005,221228.2907984,3940.0,4.202117325521341e-08,4071.0,BID
466,1712306092.2684724,221253.70375901,3935.0,9.367931926403433e-09,4071.0,BID
467,1712306095.3905432,221283.70375901,3928.0,-1.1058843639079144e-08,4071.0,ASK
468,1712306095.3927228,221457.64181123,3926.0,-6.411845741289105e-08,4071.0,ASK
469,1712306100.6531386,221457.64181123,3926.0,-0.0,4071.0,ASK
470,1712306108.8804111,221465.25795746,3939.0,2.807009309946868e-09,4071.0,BID
471,1712306126.851078,221672.26785845,3939.0,7.629563584789521e-08,4071.0,BID
472,1712306130.0466404,221799.33266149,3928.0,-4.6831044773520233e-08,4071.0,ASK
473,1712306130.049493,221877.74183506,3928.0,-2.8898510289705586e-08,4071.0,ASK
474,1712306130.624349,221877.74183506,3928.0,-0.0,4071.0,ASK
475,1712306160.973777,221877.74183506,3928.0,-0.0,4071.0,ASK
476,1712306190.9932885,221877.74183506,3928.0,-0.0,4071.0,ASK
477,1712306220.675397,221877.74183506,3928.0,-0.0,4071.0,ASK
478,1712306237.9099815,221928.65833106,3928.0,-1.8754377808220585e-08,4071.0,ASK
479,1712306237.9300158,221928.658332,3928.0,-3.462341761856136e-16,4071.0,ASK
480,1712306250.6830766,221928.658332,3928.0,-0.0,4071.0,ASK
481,1712306264.1501482,221933.7525755,3926.0,-1.876254989093653e-09,4071.0,ASK
482,1712306267.240168,221935.7525755,3921.0,-7.36617709417469e-10,4071.0,ASK
483,1712306267.2446702,222191.54279263,3920.0,-9.420980191685197e-08,4071.0,ASK
484,1712306273.3449805,222250.48477863,3920.0,2.1708855357914857e-08,4071.0,BID
485,1712306275.4100535,222305.65850223,3920.0,2.0320970949139292e-08,4071.0,BID
486,1712306277.840209,222356.90003423,3920.0,1.8872709964435624e-08,4071.0,BID
487,1712306280.9799943,222356.90003423,3920.0,0.0,4071.0,BID
488,1712306291.2345014,222364.22198144,3918.0,-2.695071642315712e-09,4071.0,ASK
489,1712306297.4701524,222446.61817234,3918.0,-3.0328494751515355e-08,4071.0,ASK
490,1712306298.072039,222446.61817332,3920.0,3.60713823162754e-16,4071.0,BID
491,1712306298.0742438,222449.16399718,3928.0,9.37070084590879e-10,4071.0,BID
492,1712306301.7301502,222451.70982202,3918.0,-9.37070445304702e-10,4071.0,ASK
493,1712306310.9998388,222451.70982202,3918.0,-0.0,4071.0,ASK
494,1712306340.637818,222451.70982202,3918.0,-0.0,4071.0,ASK
495,1712306370.6300309,222451.70982202,3918.0,-0.0,4071.0,ASK
496,1712306400.7460234,222451.70982202,3918.0,-0.0,4071.0,ASK
497,1712306419.5233247,222706.81478589,3918.0,-9.401032692872353e-08,4071.0,ASK
498,1712306419.5279417,222732.33801225,3918.0,-9.405723894901057e-09,4071.0,ASK
499,1712306419.6002684,222808.92723869,3917.0,-2.8224375204678883e-08,4071.0,ASK
500,1712306419.604512,223224.87856861,3917.0,-1.5328482801355949e-07,4071.0,ASK
501,1712306430.622804,223224.87856861,3917.0,-0.0,4071.0,ASK
502,1712306460.9899747,223224.87856861,3917.0,-0.0,4071.0,ASK
503,1712306491.0156138,223224.87856861,3917.0,-0.0,4071.0,ASK
504,1712306520.699539,223224.87856861,3917.0,-0.0,4071.0,ASK
505,1712306550.6134665,223224.87856861,3917.0,-0.0,4071.0,ASK
506,1712306552.550127,223280.62804461,3912.0,-2.0521682942688297e-08,4071.0,ASK
507,1712306580.7723868,223280.62804461,3912.0,-0.0,4071.0,ASK
508,1712306590.900075,223282.62804461,3911.0,-7.361516932403596e-10,4071.0,ASK
509,1712306590.910008,223282.6280456,3912.0,-3.643935778711467e-16,4071.0,ASK
510,1712306590.9142723,223699.63418061,3911.0,-1.5348988618962025e-07,4071.0,ASK
511,1712306590.91986,223699.63418213,3911.0,-5.594666920830935e-16,4071.0,ASK
512,1712306590.9999497,223955.2608445,3910.0,-9.409000017053644e-08,4071.0,ASK
513,1712306591.0100985,224028.72197467,3910.0,-2.7039267681000216e-08,4071.0,ASK
514,1712306597.3298817,224038.72197467,3909.0,3.680758466201798e-09,4071.0,BID
515,1712306610.6497982,224038.72197467,3909.0,0.0,4071.0,BID
516,1712306612.1701076,224126.89202291,3909.0,3.2417891347226963e-08,4071.0,BID
517,1712306612.4103088,224242.04248926,3909.0,4.233790704702755e-08,4071.0,BID
518,1712306612.415171,224255.19089671,3909.0,4.8343360654981925e-09,4071.0,BID
519,1712306612.51027,224373.69263215,3909.0,4.357008372610879e-08,4071.0,BID
520,1712306612.515458,224373.69263216,3909.0,3.681054761050532e-18,4071.0,BID
521,1712306640.9699566,224373.69263216,3909.0,0.0,4071.0,BID
522,1712306664.1199927,224378.16405292,3908.0,-1.6432369397720123e-09,4071.0,ASK
523,1712306670.9802072,224378.16405292,3908.0,-0.0,4071.0,ASK
524,1712306700.724599,224378.16405292,3908.0,-0.0,4071.0,ASK
525,1712306720.4398625,224629.18573384,3908.0,-9.235943689824021e-08,4071.0,ASK
526,1712306720.4546983,225417.18573384,3905.0,-2.899320728356305e-07,4071.0,ASK
527,1712306720.4593945,225418.72558584,3909.0,-5.665640637370603e-10,4071.0,ASK
528,1712306720.4640925,225674.61094919,3908.0,-9.41489515283848e-08,4071.0,ASK
529,1712306720.466652,225745.33306101,3901.0,-2.6021076745279752e-08,4071.0,ASK
530,1712306720.4687252,225803.00962101,3908.0,-2.1221173343688413e-08,4071.0,ASK
531,1712306720.4708242,226078.67898728,3905.0,-1.0142816088826069e-07,4071.0,ASK
532,1712306720.4729204,226129.93475355,3902.0,-1.8858744364775905e-08,4071.0,ASK
533,1712306720.475163,226915.93475355,3903.0,-2.89196204630464e-07,4071.0,ASK
534,1712306720.4772494,226925.93475355,3901.0,-3.6793410258328734e-09,4071.0,ASK
535,1712306730.674342,226925.93475355,3901.0,-0.0,4071.0,ASK
536,1712306736.3057415,227204.52305355,3908.0,1.021282991397066e-07,4071.0,BID
537,1712306760.9814467,227204.52305355,3908.0,0.0,4071.0,BID
538,1712306788.0700862,227304.52305355,3908.0,3.6644594988810994e-08,4071.0,BID
539,1712306790.9933524,227304.52305355,3908.0,0.0,4071.0,BID
540,1712306798.0301244,227325.07045121,3902.0,-7.528432528430554e-09,4071.0,ASK
541,1712306808.1098268,227326.60576339,3908.0,5.625283721308211e-10,4071.0,BID
542,1712306820.6899714,227326.60576339,3908.0,0.0,4071.0,BID
543,1712306850.6932025,227326.60576339,3908.0,0.0,4071.0,BID
544,1712306881.002173,227326.60576339,3908.0,0.0,4071.0,BID
545,1712306910.9662185,227326.60576339,3908.0,0.0,4071.0,BID
546,1712306913.380133,227355.89873259,3908.0,1.0732414048852309e-08,4071.0,BID
547,1712306925.0700402,227357.43247492,3912.0,5.619354466086322e-10,4071.0,BID
548,1712306940.659698,227357.43247492,3912.0,0.0,4071.0,BID
549,1712306970.7082736,227357.43247492,3912.0,0.0,4071.0,BID
550,1712306982.6499135,227375.78686292,3912.0,-6.7244189401026085e-09,4071.0,ASK
551,1712306982.6522646,227475.78686292,3912.0,-3.663657399037242e-08,4071.0,ASK
552,1712306982.709891,227557.43247446,3912.0,-2.9912154881736026e-08,4071.0,ASK
553,1712306982.7146726,227611.70997092,3912.0,-1.9885415150693444e-08,4071.0,ASK
554,1712307000.7096877,227611.70997092,3912.0,-0.0,4071.0,ASK
555,1712307008.190014,227630.06435938,3912.0,-6.773674724572815e-09,4071.0,ASK
556,1712307030.6894815,227630.06435938,3912.0,-0.0,4071.0,ASK
557,1712307046.9774132,227651.8962285,3904.0,8.056823130164991e-09,4071.0,BID
558,1712307047.1897557,227728.77987694,3902.0,-2.8373106932706948e-08,4071.0,ASK
559,1712307047.199833,227741.5938185,3902.0,-4.7288512120319246e-09,4071.0,ASK
560,1712307050.410781,227918.43640565,3901.0,-6.52619085757673e-08,4071.0,ASK
561,1712307050.4152496,227918.43640662,3902.0,-3.5796894001995115e-16,4071.0,ASK
562,1712307050.420063,227995.33976473,3901.0,-2.8380380580425762e-08,4071.0,ASK
563,1712307050.509709,228791.17317153,3900.0,-2.93694001389341e-07,4071.0,ASK
564,1712307050.513624,229511.53642903,3901.0,-2.658425315415228e-07,4071.0,ASK
565,1712307050.7897382,231027.73309333,3900.0,-5.59536532930853e-07,4071.0,ASK
566,1712307051.2099063,231155.93822153,3900.0,-4.731276266862424e-08,4071.0,ASK
567,1712307051.2150488,231726.84167857,3900.0,-2.1068595421154013e-07,4071.0,ASK
568,1712307051.2199223,231999.93655035,3900.0,-1.0078280826948065e-07,4071.0,ASK
569,1712307053.159907,232222.39859999,3900.0,8.209729443095373e-08,4071.0,BID
570,1712307058.029926,232273.15967491,3901.0,1.8732844186607545e-08,4071.0,BID
571,1712307058.039624,232322.39859999,3900.0,1.8171110696394665e-08,4071.0,BID
572,1712307060.9799695,232322.39859999,3900.0,0.0,4071.0,BID
573,1712307069.8598292,232522.39859999,3900.0,-7.331275988696851e-08,4071.0,ASK
574,1712307069.86489,232524.96270255,3900.0,-9.399071765308026e-10,4071.0,ASK
575,1712307082.4298384,232563.6535207,3899.0,-1.4182653304308e-08,4071.0,ASK
576,1712307082.4348795,232926.86817655,3899.0,-1.3314134425879304e-07,4071.0,ASK
577,1712307082.512849,232946.349067,3899.0,-7.140989219729463e-09,4071.0,ASK
578,1712307085.509858,232948.91448516,3898.0,-9.403894278675055e-10,4071.0,ASK
579,1712307085.5129986,233004.13760182,3898.0,-2.0242795459521643e-08,4071.0,ASK
580,1712307085.629772,233056.47933958,3898.0,-1.9186586262327065e-08,4071.0,ASK
581,1712307090.973316,233056.47933958,3898.0,-0.0,4071.0,ASK
582,1712307092.9496992,233116.56493712,3898.0,-2.20021201745179e-08,4071.0,ASK
583,1712307110.471313,233142.10460836,3902.0,9.352106641958747e-09,4071.0,BID
584,1712307120.69749,233142.10460836,3902.0,0.0,4071.0,BID
585,1712307150.7136962,233142.10460836,3902.0,0.0,4071.0,BID
586,1712307180.9739337,233142.10460836,3902.0,0.0,4071.0,BID
587,1712307210.3701863,233219.06715325,3898.0,-2.8178669016320986e-08,4071.0,ASK
588,1712307210.372857,233356.56878977,3898.0,-5.03441396102113e-08,4071.0,ASK
589,1712307210.5335252,233400.89482549,3898.0,1.6229305971417423e-08,4071.0,BID
590,1712307210.989516,233400.89482549,3898.0,0.0,4071.0,BID
591,1712307240.6716456,233400.89482549,3898.0,0.0,4071.0,BID
592,1712307270.7065938,233400.89482549,3898.0,0.0,4071.0,BID
593,1712307300.6787376,233400.89482549,3898.0,0.0,4071.0,BID
594,1712307312.649552,233450.89482549,3898.0,-1.830031788337909e-08,4071.0,ASK
595,1712307327.1996598,233503.55625691,3900.0,1.9274418703599884e-08,4071.0,BID
596,1712307330.6795833,233503.55625691,3900.0,0.0,4071.0,BID
597,1712307360.9796536,233503.55625691,3900.0,0.0,4071.0,BID
598,1712307385.150192,234217.02227538,3900.0,-2.6109484707263373e-07,4071.0,ASK
599,1712307385.1556065,234249.95426717,3901.0,-1.205155275459667e-08,4071.0,ASK
600,1712307385.1609025,234349.95426717,3900.0,-3.659527438076728e-08,4071.0,ASK
601,1712307390.9940047,234349.95426717,3900.0,-0.0,4071.0,ASK
602,1712307420.6909246,234349.95426717,3900.0,-0.0,4071.0,ASK
603,1712307450.6499832,234349.95426717,3900.0,-0.0,4071.0,ASK
604,1712307480.980235,234349.95426717,3900.0,-0.0,4071.0,ASK
605,1712307510.9936805,234349.95426717,3900.0,-0.0,4071.0,ASK
606,1712307540.6821268,234349.95426717,3900.0,-0.0,4071.0,ASK
607,1712307570.736112,234349.95426717,3900.0,-0.0,4071.0,ASK
608,1712307600.821215,234349.95426717,3900.0,-0.0,4071.0,ASK
609,1712307630.6803424,234349.95426717,3900.0,-0.0,4071.0,ASK
610,1712307642.1195228,234362.74860657,3904.0,4.6814615147734885e-09,4071.0,BID
611,1712307654.0804718,234379.44781271,3904.0,6.110256139639075e-09,4071.0,BID
612,1712307660.9826598,234379.44781271,3904.0,0.0,4071.0,BID
613,1712307683.3707364,234384.57076352,3901.0,1.874413827215521e-09,4071.0,BID
614,1712307690.9804945,234384.57076352,3901.0,0.0,4071.0,BID
615,1712307720.6641068,234384.57076352,3901.0,0.0,4071.0,BID
616,1712307747.1506047,234416.21074015,3901.0,-1.157652654436735e-08,4071.0,ASK
617,1712307750.6306906,234416.21074015,3901.0,-0.0,4071.0,ASK
618,1712307753.4410248,234440.30028382,3901.0,-8.81355418314057e-09,4071.0,ASK
619,1712307753.445343,234508.66030719,3901.0,-2.5010634414100522e-08,4071.0,ASK
620,1712307753.94073,234510.20521622,3901.0,-5.652302771038178e-10,4071.0,ASK
621,1712307753.9460983,234511.48719519,3901.0,-4.690330073772338e-10,4071.0,ASK
622,1712307755.4506972,234556.90715467,3900.0,-1.6617636239075456e-08,4071.0,ASK
623,1712307755.4561744,234562.03535979,3900.0,-1.876237852672202e-09,4071.0,ASK
624,1712307780.9405577,234562.03535979,3900.0,-0.0,4071.0,ASK
625,1712307783.15059,234600.82916153,3900.0,-1.4190394733267322e-08,4071.0,ASK
626,1712307783.170667,234631.13160204,3900.0,-1.1084337521230964e-08,4071.0,ASK
627,1712307791.6205854,234637.57390973,3900.0,-2.356533389718012e-09,4071.0,ASK
628,1712307791.6306005,234716.39916952,3900.0,-2.8833512087026023e-08,4071.0,ASK
629,1712307800.0208669,234752.97262439,3898.0,-1.33782134796363e-08,4071.0,ASK
630,1712307810.356278,234766.39916952,3898.0,-4.9112994023017405e-09,4071.0,ASK
631,1712307810.3606708,234829.62055489,3898.0,-2.31257668427642e-08,4071.0,ASK
632,1712307810.986765,234829.62055489,3898.0,-0.0,4071.0,ASK
633,1712307814.7564368,234869.93508537,3898.0,-1.4741036583197728e-08,4071.0,ASK
634,1712307816.1219428,234872.50116183,3897.0,-9.382876725042407e-10,4071.0,ASK
635,1712307816.126472,234927.90858595,3897.0,-2.025976381738101e-08,4071.0,ASK
636,1712307816.6411393,234930.47466241,3897.0,-9.382876725042407e-10,4071.0,ASK
637,1712307816.6466165,234995.28249937,3897.0,-2.369703142093281e-08,4071.0,ASK
638,1712307840.6535616,234995.28249937,3897.0,-0.0,4071.0,ASK
639,1712307847.1607058,235184.73051291,3899.0,6.925545078515556e-08,4071.0,BID
640,1712307866.9710689,235260.54051291,3897.0,-2.77134377179084e-08,4071.0,ASK
641,1712307870.6908526,235260.54051291,3897.0,-0.0,4071.0,ASK
642,1712307878.1508214,235331.54051291,3899.0,2.5945264927055842e-08,4071.0,BID
643,1712307878.1552625,235773.49255189,3899.0,1.6150088361110786e-07,4071.0,BID
644,1712307881.5453906,235801.71939304,3899.0,1.0314829178740831e-08,4071.0,BID
645,1712307882.4707806,235801.72413518,3897.0,-1.7329025189348919e-12,4071.0,ASK
646,1712307882.83081,235826.87144575,3897.0,9.189487816078461e-09,4071.0,BID
647,1712307887.7309542,235831.38830459,3897.0,1.6505788625559172e-09,4071.0,BID
648,1712307900.9707065,235831.38830459,3897.0,0.0,4071.0,BID
649,1712307901.2407637,235844.21868693,3897.0,4.725644697063826e-09,4071.0,BID
650,1712307902.020856,235847.03362516,3896.0,-1.0367888942561546e-09,4071.0,ASK
651,1712307902.0256617,235848.73554627,3896.0,-6.268460483265113e-10,4071.0,ASK
652,1712307904.8910496,235849.16784879,3896.0,-1.5922425825080368e-10,4071.0,ASK
653,1712307904.896178,236108.40809519,3896.0,-9.548252446428381e-08,4071.0,ASK
654,1712307904.9005291,236249.98392944,3896.0,-5.214475084423415e-08,4071.0,ASK
655,1712307904.905458,238964.56184984,3895.0,-9.998245114104118e-07,4071.0,ASK
656,1712307904.90824,238965.85805107,3896.0,-4.77412621583922e-10,4071.0,ASK
657,1712307904.9107533,238990.19614017,3895.0,-8.964125826044692e-09,4071.0,ASK
658,1712307904.9133103,238991.49300714,3894.0,-4.776578247732612e-10,4071.0,ASK
659,1712307904.9158654,238997.92763338,3893.0,-2.369980610304531e-09,4071.0,ASK
660,1712307904.9184084,238999.22416739,3893.0,-4.7753519003412e-10,4071.0,ASK
661,1712307904.9209638,239001.81990113,3891.0,-9.560522093811307e-10,4071.0,ASK
662,1712307904.92354,239204.51566492,3891.0,-7.465624452086201e-08,4071.0,ASK
663,1712307904.926088,239209.65177175,3894.0,-1.8917141642052e-09,4071.0,ASK
664,1712307904.9286466,239210.96335665,3893.0,-4.830786848845843e-10,4071.0,ASK
665,1712307904.9313948,239263.30286555,3890.0,-1.9277517701795623e-08,4071.0,ASK
666,1712307904.9339185,239267.63694828,3892.0,-1.5963152559990063e-09,4071.0,ASK
667,1712307904.936477,239275.34903054,3890.0,-2.8404890571063182e-09,4071.0,ASK
668,1712307905.3707793,239313.08449643,3894.0,1.3898604074976864e-08,4071.0,BID
669,1712307907.5209172,239314.36779127,3894.0,4.726589819892385e-10,4071.0,BID
670,1712307908.260855,239352.03902628,3890.0,-1.3874946766143542e-08,4071.0,ASK
671,1712307930.970784,239352.03902628,3890.0,-0.0,4071.0,ASK
672,1712307946.5108666,240152.03538422,3895.0,2.931713504302074e-07,4071.0,BID
673,1712307948.3007936,240407.28241263,3895.0,9.353932086009205e-08,4071.0,BID
674,1712307960.6955445,240407.28241263,3895.0,0.0,4071.0,BID
675,1712307966.3908672,240639.24472911,3895.0,8.487842185175075e-08,4071.0,BID
676,1712307974.3811305,240779.19408488,3895.0,5.120952677651912e-08,4071.0,BID
677,1712307976.5139055,240864.82873329,3891.0,-3.13349768323097e-08,4071.0,ASK
678,1712307990.64505,240864.82873329,3891.0,-0.0,4071.0,ASK
679,1712308020.993466,240864.82873329,3891.0,-0.0,4071.0,ASK
680,1712308051.0543818,240864.82873329,3891.0,-0.0,4071.0,ASK
681,1712308065.8202026,240961.34499129,3890.0,-3.529370672362234e-08,4071.0,ASK
682,1712308071.6913593,241169.22258656,3890.0,-7.601590689383841e-08,4071.0,ASK
683,1712308071.6960056,241181.78340602,3890.0,-4.593193803983113e-09,4071.0,ASK
684,1712308071.6986215,241362.11023608,3889.0,-6.594124540694034e-08,4071.0,ASK
685,1712308071.7012427,241790.70555282,3890.0,-1.5672714344288278e-07,4071.0,ASK
686,1712308073.3897483,241798.42160282,3888.0,-2.821576503352817e-09,4071.0,ASK
687,1712308073.392533,241829.10045545,3889.0,-1.1218528875632973e-08,4071.0,ASK
688,1712308073.395213,241880.54078465,3888.0,-1.881050851091055e-08,4071.0,ASK
689,1712308073.3979006,241885.68481757,3888.0,-1.8810508510963767e-09,4071.0,ASK
690,1712308073.4005609,241890.83414815,3884.0,-1.88298807972146e-09,4071.0,ASK
691,1712308073.4032588,241904.29475323,3888.0,-4.9222240673293375e-09,4071.0,ASK
692,1712308073.4059267,241917.1647661,3885.0,-4.70625850168112e-09,4071.0,ASK
693,1712308073.4085867,241919.74009445,3883.0,-9.41736505182667e-10,4071.0,ASK
694,1712308073.5926528,241950.8821216,3883.0,1.1387900813672494e-08,4071.0,BID
695,1712308073.6028569,242061.61252084,3883.0,4.049148109497624e-08,4071.0,BID
696,1712308080.621094,242061.61252084,3883.0,0.0,4071.0,BID
697,1712308086.6008928,242107.09334268,3889.0,1.6603001956034736e-08,4071.0,BID
698,1712308086.610914,242318.61252084,3889.0,7.721613609103146e-08,4071.0,BID
699,1712308110.7723365,242318.61252084,3889.0,0.0,4071.0,BID
700,1712308126.861271,242353.14146556,3889.0,1.2600366921164882e-08,4071.0,BID
701,1712308126.8660903,242483.37605902,3889.0,4.7525450798765623e-08,4071.0,BID
702,1712308140.9909923,242483.37605902,3889.0,0.0,4071.0,BID
703,1712308142.745822,242491.09012433,3889.0,2.814373020665707e-09,4071.0,BID
704,1712308154.8211648,242503.94689985,3889.0,4.690621702337676e-09,4071.0,BID
705,1712308160.2311175,242555.37400193,3889.0,1.876248680931885e-08,4071.0,BID
706,1712308170.9610114,242555.37400193,3889.0,0.0,4071.0,BID
707,1712308200.7708287,242555.37400193,3889.0,0.0,4071.0,BID
708,1712308230.711182,242555.37400193,3889.0,0.0,4071.0,BID
709,1712308260.984275,242555.37400193,3889.0,0.0,4071.0,BID
710,1712308266.4512374,242575.37400193,3889.0,-7.3050640330923824e-09,4071.0,ASK
711,1712308285.4014788,242576.91959698,3882.0,-5.645335404753506e-10,4071.0,ASK
712,1712308285.4074502,242586.70059086,3882.0,-3.572539330036264e-09,4071.0,ASK
713,1712308290.991598,242586.70059086,3882.0,-0.0,4071.0,ASK
714,1712308309.9915526,242608.71098154,3890.0,8.039008174774448e-09,4071.0,BID
715,1712308309.9966817,243100.3338835,3894.0,1.795588540532005e-07,4071.0,BID
716,1712308313.62157,243254.41708843,3894.0,5.6276881316502616e-08,4071.0,BID
717,1712308320.6829855,243254.41708843,3894.0,0.0,4071.0,BID
718,1712308321.65141,243255.95792047,3894.0,5.622349024616001e-10,4071.0,BID
719,1712308348.2521122,243281.63845462,3894.0,9.370581762321131e-09,4071.0,BID
720,1712308350.6852243,243281.63845462,3894.0,0.0,4071.0,BID
721,1712308380.3315742,243307.31898877,3894.0,9.370219337351709e-09,4071.0,BID
722,1712308380.971395,243307.31898877,3894.0,0.0,4071.0,BID
723,1712308410.958575,243307.31898877,3894.0,0.0,4071.0,BID
724,1712308418.3278823,243407.31898877,3894.0,3.6486302808020976e-08,4071.0,BID
725,1712308436.3318276,243412.4550956,3894.0,1.8739754905277124e-09,4071.0,BID
726,1712308440.6883557,243412.4550956,3894.0,0.0,4071.0,BID
727,1712308442.7915604,243413.99592764,3894.0,5.62108678942416e-10,4071.0,BID
728,1712308462.8070178,243416.56398105,3894.0,9.368478018791031e-10,4071.0,BID
729,1712308470.7239554,243416.56398105,3894.0,0.0,4071.0,BID
730,1712308500.721501,243416.56398105,3894.0,0.0,4071.0,BID
731,1712308506.9237492,243442.2445152,3894.0,9.379828783744765e-09,4071.0,BID
732,1712308530.701983,243442.2445152,3894.0,0.0,4071.0,BID
733,1712308536.6813452,243570.64718597,3894.0,4.68974309948927e-08,4071.0,BID
734,1712308539.66125,243571.93146948,3893.0,4.69068103700667e-10,4071.0,BID
735,1712308551.001403,243700.36712321,3893.0,4.6909477598594064e-08,4071.0,BID
736,1712308560.721067,243700.36712321,3893.0,0.0,4071.0,BID
737,1712308590.6710937,243700.36712321,3893.0,0.0,4071.0,BID
738,1712308600.9711862,243713.2136426,3887.0,4.690305038011344e-09,4071.0,BID
739,1712308612.8311622,243773.92684322,3887.0,-2.216658241012179e-08,4071.0,ASK
740,1712308612.8344617,243813.2136426,3887.0,-1.4343735253514512e-08,4071.0,ASK
741,1712308620.68491,243838.94042417,3887.0,9.392929675838068e-09,4071.0,BID
742,1712308620.9711454,243838.94042417,3887.0,0.0,4071.0,BID
743,1712308635.8067534,243844.6967321,3884.0,-2.1012330884603593e-09,4071.0,ASK
744,1712308638.0212195,243870.45001564,3883.0,-9.400756903319052e-09,4071.0,ASK
745,1712308638.0310805,243897.45488279,3883.0,-9.857624208946928e-09,4071.0,ASK
746,1712308638.5112042,243900.45962139,3883.0,1.0968239095684018e-09,4071.0,BID
747,1712308650.981079,243900.45962139,3883.0,0.0,4071.0,BID
748,1712308654.3212166,243944.98815125,3883.0,-1.6252893916842493e-08,4071.0,ASK
749,1712308680.662043,243944.98815125,3883.0,-0.0,4071.0,ASK
750,1712308683.5911975,243994.2108027,3883.0,-1.7965112465412207e-08,4071.0,ASK
751,1712308690.8613448,244044.37123645,3883.0,-1.8307380994061825e-08,4071.0,ASK
752,1712308692.8516665,244095.26401254,3883.0,-1.857466875920828e-08,4071.0,ASK
753,1712308702.8111477,244120.95114328,3893.0,9.375199812766516e-09,4071.0,BID
754,1712308710.751323,244120.95114328,3893.0,0.0,4071.0,BID
755,1712308715.2114358,244159.09532389,3884.0,-1.3918258457056074e-08,4071.0,ASK
756,1712308740.9911766,244159.09532389,3884.0,-0.0,4071.0,ASK
757,1712308741.271211,244159.52444423,3884.0,-1.5657132628382274e-10,4071.0,ASK
758,1712308741.2760246,244209.25575764,3884.0,-1.814525430991609e-08,4071.0,ASK
759,1712308741.291423,244240.67233578,3884.0,-1.1462834194577528e-08,4071.0,ASK
760,1712308741.2942207,244256.68524231,3884.0,-5.842561583528449e-09,4071.0,ASK
761,1712308743.7214217,244395.15225339,3884.0,-5.05218735903103e-08,4071.0,ASK
762,1712308743.7277384,244495.15225339,3884.0,-3.648657770269805e-08,4071.0,ASK
763,1712308743.7342143,244701.17524231,3883.0,-7.517073793772146e-08,4071.0,ASK
764,1712308770.7282276,244714.04856877,3884.0,-4.6970362617450935e-09,4071.0,ASK
765,1712308770.7365725,244735.17690126,3882.0,-7.709005451253411e-09,4071.0,ASK
766,1712308770.7394884,244735.18018068,3883.0,-1.1965481243869076e-12,4071.0,ASK
767,1712308770.7423148,245049.2560256,3882.0,-1.1459552720214397e-07,4071.0,ASK
768,1712308770.9712152,245049.2560256,3882.0,-0.0,4071.0,ASK
769,1712308800.7526524,245049.2560256,3882.0,-0.0,4071.0,ASK
770,1712308815.0132885,245149.2560256,3882.0,-3.6493057475694745e-08,4071.0,ASK
771,1712308815.1122406,245524.88054248,3881.0,-1.3707687083781697e-07,4071.0,ASK
772,1712308815.2952309,245553.98965489,3881.0,-1.0622805122442685e-08,4071.0,ASK
773,1712308815.351067,245664.58712583,3881.0,-4.036039863680024e-08,4071.0,ASK
774,1712308815.361025,245781.88679086,3881.0,-4.280623417819701e-08,4071.0,ASK
775,1712308816.3829389,245784.46411045,3880.0,-9.40542719309754e-10,4071.0,ASK
776,1712308816.3861024,245817.71136944,3880.0,-1.2132941332308094e-08,4071.0,ASK
777,1712308816.4814863,245829.78250346,3880.0,-4.4051258758945565e-09,4071.0,ASK
778,1712308816.4877903,245846.49672244,3880.0,-6.0995295389821195e-09,4071.0,ASK
779,1712308817.00132,246020.4766046,3880.0,-6.349057839279402e-08,4071.0,ASK
780,1712308817.0065844,246022.04164186,3880.0,-5.71129946810264e-10,4071.0,ASK
781,1712308817.1859996,246218.31061426,3880.0,-7.162454890488517e-08,4071.0,ASK
782,1712308818.2955642,246253.58369917,3880.0,-1.2872227149658512e-08,4071.0,ASK
783,1712308818.4158745,246288.98639263,3880.0,-1.291952527230071e-08,4071.0,ASK
784,1712308819.4330113,246325.30209929,3880.0,-1.3252711704142377e-08,4071.0,ASK
785,1712308819.4511318,246550.42766064,3880.0,-8.21552004959345e-08,4071.0,ASK
786,1712308819.652291,246601.78602915,3880.0,-1.8742238938934152e-08,4071.0,ASK
787,1712308819.7111876,246666.2524843,3880.0,-2.3525780530428173e-08,4071.0,ASK
788,1712308820.1952147,246699.85997491,3880.0,-1.2264400864450084e-08,4071.0,ASK
789,1712308820.7812362,246736.05822463,3880.0,-1.3209848075507364e-08,4071.0,ASK
790,1712308821.021741,246748.08398888,3880.0,-4.38856905965204e-09,4071.0,ASK
791,1712308821.02744,246772.20273013,3880.0,-8.8016661067714e-09,4071.0,ASK
792,1712308821.2412806,246811.72336588,3880.0,-1.442228831900717e-08,4071.0,ASK
793,1712308821.2464228,246819.83003971,3880.0,-2.958373140154181e-09,4071.0,ASK
794,1712308821.8013074,246865.71480566,3880.0,-1.674475401072241e-08,4071.0,ASK
795,1712308822.4907196,246906.47882531,3880.0,-1.4876037120277882e-08,4071.0,ASK
796,1712308822.9513814,246944.65884254,3880.0,-1.3933055631968402e-08,4071.0,ASK
797,1712308822.9578834,246949.90338311,3880.0,-1.9138932045508848e-09,4071.0,ASK
798,1712308824.419116,246963.26975763,3880.0,-4.877798736001262e-09,4071.0,ASK
799,1712308824.4244075,247014.81614938,3880.0,-1.8810854367969663e-08,4071.0,ASK
800,1712308824.4274013,247094.81614938,3880.0,-2.91944459805558e-08,4071.0,ASK
801,1712308830.6512797,247094.81614938,3880.0,-0.0,4071.0,ASK
802,1712308842.601354,247120.59598954,3879.0,-9.380679107254152e-09,4071.0,ASK
803,1712308842.6080732,247122.76852094,3879.0,-7.905332146188495e-10,4071.0,ASK
804,1712308852.5233884,247125.34650495,3879.0,9.380679085374798e-10,4071.0,BID
805,1712308857.5612364,247187.74379216,3879.0,-2.2704909140158523e-08,4071.0,ASK
806,1712308861.0078087,247187.74379216,3879.0,-0.0,4071.0,ASK
807,1712308864.6013498,247225.34650495,3879.0,-1.3680950658759504e-08,4071.0,ASK
808,1712308880.3130026,247240.932783,3877.0,-5.670737165872162e-09,4071.0,ASK
809,1712308880.318315,247276.932783,3877.0,-1.309783755406315e-08,4071.0,ASK
810,1712308881.1005225,247321.8062899,3875.0,-1.6326275107151893e-08,4071.0,ASK
811,1712308881.103804,247329.54822538,3875.0,-2.8167392575221436e-09,4071.0,ASK
812,1712308891.3333857,247329.54822538,3875.0,-0.0,4071.0,ASK
813,1712308892.828387,247442.54822538,3875.0,-4.1104435331009006e-08,4071.0,ASK
814,1712308905.2396977,247533.04914664,3875.0,-3.2920258985211724e-08,4071.0,ASK
815,1712308905.5812533,247535.04914664,3875.0,-7.275121297523718e-10,4071.0,ASK
816,1712308905.794849,247587.96415014,3875.0,-1.924815344607168e-08,4071.0,ASK
817,1712308907.7713315,247655.96415014,3878.0,2.4735412411580643e-08,4071.0,BID
818,1712308907.778133,247687.96415014,3876.0,1.1640194076037948e-08,4071.0,BID
819,1712308908.731244,247741.06228512,3875.0,-1.9314768632583545e-08,4071.0,ASK
820,1712308913.53203,247789.76182157,3875.0,-1.7714751740347655e-08,4071.0,ASK
821,1712308915.0101197,247792.48191407,3874.0,-9.894501439017776e-10,4071.0,ASK
822,1712308915.0134065,247818.30169201,3873.0,-9.392100819428624e-09,4071.0,ASK
823,1712308915.016481,247929.34362117,3875.0,-4.0392175187506137e-08,4071.0,ASK
824,1712308915.0195236,247955.18341445,3870.0,-9.399381520746864e-09,4071.0,ASK
825,1712308915.0225658,247956.47373704,3875.0,-4.69362667762211e-10,4071.0,ASK
1026,1712308915.0256574,247957.77373704,3875.0,-4.728828843348064e-10,4071.0,ASK
826,1712308915.0256574,247957.77373704,3875.0,-4.728828843348063e-10,4071.0,ASK
827,1712308915.028692,247959.0920949,3873.0,-4.79560667252228e-10,4071.0,ASK
828,1712308915.0317645,247966.80417716,3870.0,-2.805316694898045e-09,4071.0,ASK
829,1712308915.0348058,247969.80417716,3872.0,-1.0912681946285575e-09,4071.0,ASK
830,1712308915.0378587,248271.76182157,3870.0,-1.0983892448986236e-07,4071.0,ASK
831,1712308920.7363632,248271.76182157,3870.0,-0.0,4071.0,ASK
832,1712308920.7395496,248322.5715695,3871.0,-1.845785018494252e-08,4071.0,ASK
833,1712308923.893711,248361.84842983,3870.0,-1.4268254286650065e-08,4071.0,ASK
834,1712308923.8989315,248548.87909095,3871.0,-6.794333889827207e-08,4071.0,ASK
835,1712308923.9019432,248678.07805736,3870.0,-4.693459942627656e-08,4071.0,ASK
836,1712308924.046833,248839.36743512,3870.0,5.8592205086665257e-08,4071.0,BID
837,1712308925.4412265,248847.12137512,3869.0,-2.8168032453268876e-09,4071.0,ASK
838,1712308925.5012774,249227.88176509,3869.0,1.3832027358427017e-07,4071.0,BID
839,1712308925.5279627,249418.9026779,3869.0,6.93928927908788e-08,4071.0,BID
840,1712308925.5311365,249418.90267791,3870.0,3.6264220615620505e-18,4071.0,BID
841,1712308926.2080178,249421.49066962,3864.0,-9.40149581705795e-10,4071.0,ASK
842,1712308926.2213795,249424.07665358,3867.0,-9.39420218742228e-10,4071.0,ASK
843,1712308926.2246068,250200.67515215,3863.0,-2.82117887303895e-07,4071.0,ASK
844,1712308926.2277482,251007.96881322,3865.0,-2.9326863561321215e-07,4071.0,ASK
845,1712308926.230858,251821.41622068,3861.0,-2.955041304457981e-07,4071.0,ASK
846,1712308926.2339888,251822.72349481,3863.0,-4.748984402639067e-10,4071.0,ASK
847,1712308926.23709,251882.72349481,3864.0,-2.1796427973273804e-08,4071.0,ASK
848,1712308926.2402782,251986.2967729,3862.0,-3.762545826408093e-08,4071.0,ASK
849,1712308950.6711462,251986.2967729,3862.0,-0.0,4071.0,ASK
850,1712308980.9736876,251986.2967729,3862.0,-0.0,4071.0,ASK
851,1712309001.5612636,252244.49455239,3873.0,9.330983251103892e-08,4071.0,BID
852,1712309010.9911442,252244.49455239,3873.0,0.0,4071.0,BID
853,1712309019.3213377,252246.49455239,3873.0,-7.22516853026469e-10,4071.0,ASK
854,1712309022.3415427,252252.94783065,3873.0,2.331301150054383e-09,4071.0,BID
855,1712309024.6413188,252259.40110891,3872.0,2.331301150064896e-09,4071.0,BID
856,1712309027.4033678,252265.85438717,3872.0,2.331301150054383e-09,4071.0,BID
857,1712309040.641291,252265.85438717,3872.0,0.0,4071.0,BID
858,1712309057.1912036,252365.85438717,3872.0,-3.61247632060736e-08,4071.0,ASK
859,1712309070.6713812,252365.85438717,3872.0,-0.0,4071.0,ASK
860,1712309100.97537,252365.85438717,3872.0,-0.0,4071.0,ASK
861,1712309116.301313,252391.86218951,3864.0,-9.397589630327378e-09,4071.0,ASK
862,1712309116.3063157,252401.61413681,3864.0,-3.5237425148054717e-09,4071.0,ASK
1063,1712309117.8386643,252403.61413681,3864.0,7.226746425917342e-10,4071.0,BID
863,1712309117.8386643,252403.61413681,3864.0,7.226746425917341e-10,4071.0,BID
864,1712309119.156355,252422.55573681,3864.0,6.8443070050545535e-09,4071.0,BID
1064,1712309119.156355,252422.55573681,3864.0,6.844307005054553e-09,4071.0,BID
865,1712309121.6617694,252462.55573681,3864.0,1.4453492851834694e-08,4071.0,BID
866,1712309129.531283,252562.55573681,3864.0,3.6133732129586735e-08,4071.0,BID
867,1712309130.9856164,252562.55573681,3864.0,0.0,4071.0,BID
868,1712309139.3013468,252582.95317646,3864.0,7.368332595904339e-09,4071.0,BID
869,1712309141.931211,252635.20193982,3864.0,-1.887424464869969e-08,4071.0,ASK
1069,1712309141.931211,252635.20193982,3864.0,-1.8874244648699692e-08,4071.0,ASK
870,1712309150.3921604,252640.20193982,3865.0,-1.8061905617416713e-09,4071.0,ASK
871,1712309153.2807882,252664.20193981,3865.0,8.669714692753924e-09,4071.0,BID
872,1712309155.7913277,252665.74912907,3878.0,5.589037277240262e-10,4071.0,BID
873,1712309155.794792,252665.74912908,3865.0,3.6166139950459764e-18,4071.0,BID
874,1712309160.6453123,252665.74912908,3865.0,0.0,4071.0,BID
875,1712309171.6319122,252777.06431164,3865.0,-4.020549449568769e-08,4071.0,ASK
876,1712309190.646603,252777.06431164,3865.0,-0.0,4071.0,ASK
877,1712309221.001862,252777.06431164,3865.0,-0.0,4071.0,ASK
878,1712309238.3819046,252782.22293944,3877.0,1.8629350667804707e-09,4071.0,BID
879,1712309251.0020044,252782.22293944,3877.0,0.0,4071.0,BID
880,1712309253.2064106,252821.99000457,3877.0,1.4360975037255904e-08,4071.0,BID
1081,1712309255.0120428,252828.43828932,3877.0,2.32865201456054e-09,4071.0,BID
881,1712309255.0120428,252828.43828932,3877.0,2.3286520145605402e-09,4071.0,BID
882,1712309257.2820728,252834.88657407,3875.0,2.32865201455003e-09,4071.0,BID
883,1712309280.604523,252834.88657407,3875.0,0.0,4071.0,BID
884,1712309281.413308,252836.43416241,3877.0,5.588352810112259e-10,4071.0,BID
885,1712309287.0524905,252837.46588798,3877.0,3.725568576192194e-10,4071.0,BID
886,1712309287.0599463,252862.22730143,3877.0,8.941364499742306e-09,4071.0,BID
887,1712309310.6618874,252862.22730143,3877.0,0.0,4071.0,BID
888,1712309340.975213,252862.22730143,3877.0,0.0,4071.0,BID
889,1712309371.0168002,252862.22730143,3877.0,0.0,4071.0,BID
890,1712309385.7020907,252942.22730143,3879.0,2.8886952791059813e-08,4071.0,BID
891,1712309400.8564923,252942.22730143,3879.0,0.0,4071.0,BID
892,1712309408.1619651,252961.1602411,3870.0,-6.847974448844161e-09,4071.0,ASK
893,1712309418.644965,252971.39042012,3870.0,-3.7002180198669965e-09,4071.0,ASK
894,1712309430.7029178,252971.39042012,3870.0,-0.0,4071.0,ASK
895,1712309460.963112,252971.39042012,3870.0,-0.0,4071.0,ASK
896,1712309465.3619795,253062.83641643,3870.0,-3.3074329443853845e-08,4071.0,ASK
897,1712309468.712301,253226.46502752,3870.0,-5.918144924886819e-08,4071.0,ASK
898,1712309468.723701,253234.2172239,3870.0,-2.8038263820352587e-09,4071.0,ASK
899,1712309490.9718504,253234.2172239,3870.0,-0.0,4071.0,ASK
900,1712309514.242815,253285.89681046,3870.0,-1.868467910084825e-08,4071.0,ASK
901,1712309514.2494278,253311.75665013,3867.0,-9.349587293477385e-09,4071.0,ASK
902,1712309514.254948,253313.04889819,3870.0,-4.67210400216275e-10,4071.0,ASK
903,1712309514.25809,253571.446831,3864.0,-9.3423395507861e-08,4071.0,ASK
904,1712309514.261253,253586.80277932,3870.0,-5.551920704994409e-09,4071.0,ASK
905,1712309514.2644277,253612.67600054,3865.0,-9.354425373351618e-09,4071.0,ASK
906,1712309514.2676337,253905.25997986,3867.0,-1.0578331073327593e-07,4071.0,ASK
907,1712309514.2708044,254034.548639,3863.0,-4.67441260313627e-08,4071.0,ASK
908,1712309514.2740169,254035.61462725,3861.0,-3.8540649611713437e-10,4071.0,ASK
909,1712309514.2772186,254038.20462984,3861.0,-9.36411656629975e-10,4071.0,ASK
910,1712309514.2806742,254157.41938768,3863.0,-4.310192171796298e-08,4071.0,ASK
911,1712309514.283848,254447.41938768,3862.0,-1.0484907678112085e-07,4071.0,ASK
912,1712309520.7124918,254447.41938768,3862.0,-0.0,4071.0,ASK
913,1712309534.378032,254448.85927249,3871.0,5.197073106792234e-10,4071.0,BID
914,1712309550.642009,254448.85927249,3871.0,0.0,4071.0,BID
915,1712309561.6256127,254451.44325181,3871.0,-9.32651162299315e-10,4071.0,ASK
916,1712309571.032934,254689.28366086,3875.0,8.584516610644989e-08,4071.0,BID
917,1712309580.732018,254689.28366086,3875.0,0.0,4071.0,BID
918,1712309591.674399,254722.91144449,3876.0,1.2133397764057204e-08,4071.0,BID
919,1712309591.7657635,254722.91144451,3876.0,7.224749285562715e-18,4071.0,BID
920,1712309591.7737105,254962.5548129,3877.0,8.646684367272492e-08,4071.0,BID
921,1712309610.7019703,254962.5548129,3877.0,0.0,4071.0,BID
922,1712309616.9020622,255474.0637639,3877.0,1.844894119344732e-07,4071.0,BID
923,1712309616.9152188,255474.0637643,3877.0,1.4427181879589715e-16,4071.0,BID
924,1712309640.9919617,255474.0637643,3877.0,0.0,4071.0,BID
925,1712309651.7075677,255512.7534723,3877.0,-1.394450607489495e-08,4071.0,ASK
926,1712309663.5658393,255512.75347283,3877.0,-1.9101513571627472e-16,4071.0,ASK
927,1712309663.7220576,255526.79425438,3877.0,5.0605645206743164e-09,4071.0,BID
928,1712309663.7284691,255641.33246422,3877.0,4.1281747665835614e-08,4071.0,BID
929,1712309670.9819224,255641.33246422,3877.0,0.0,4071.0,BID
930,1712309700.684959,255641.33246422,3877.0,0.0,4071.0,BID
931,1712309705.8820202,255664.58160295,3871.0,-8.393336167871187e-09,4071.0,ASK
932,1712309727.9819338,255864.58160295,3867.0,7.220341592303463e-08,4071.0,BID
933,1712309730.686517,255864.58160295,3867.0,0.0,4071.0,BID
934,1712309755.3667097,256102.422012,3863.0,-8.58376941762539e-08,4071.0,ASK
935,1712309755.3703644,256105.00937997,3863.0,-9.337929640196239e-10,4071.0,ASK
936,1712309755.5061626,256120.07470463,3863.0,5.437144747595298e-09,4071.0,BID
937,1712309760.6655424,256181.51735641,3867.0,-2.2174934755351835e-08,4071.0,ASK
938,1712309760.6852837,256256.43117484,3867.0,-2.7036740567564173e-08,4071.0,ASK
939,1712309760.9750588,256256.43117484,3867.0,-0.0,4071.0,ASK
940,1712309761.743436,256375.04832979,3867.0,-4.2786092358021695e-08,4071.0,ASK
941,1712309790.9819076,256375.04832979,3867.0,-0.0,4071.0,ASK
942,1712309793.3821008,256378.04832979,3867.0,-1.0819433603360998e-09,4071.0,ASK
943,1712309820.6913283,256378.04832979,3867.0,-0.0,4071.0,ASK
944,1712309845.1419802,256435.67611341,3865.0,-2.0783245665014272e-08,4071.0,ASK
945,1712309845.151933,256460.66584075,3865.0,-9.012452150400565e-09,4071.0,ASK
946,1712309845.1627953,256486.55916027,3862.0,-9.338329306837033e-09,4071.0,ASK
947,1712309845.1717367,256662.67386147,3865.0,-6.35151114676815e-08,4071.0,ASK
948,1712309845.1762898,256675.62052123,3862.0,-4.6691646534290126e-09,4071.0,ASK
949,1712309845.1799076,256701.50713785,3863.0,-9.335911930904254e-09,4071.0,ASK
950,1712309845.1833537,256722.80247464,3860.0,-7.680083949500617e-09,4071.0,ASK
951,1712309845.1867597,256747.63651229,3861.0,-8.956303243197757e-09,4071.0,ASK
952,1712309845.190189,257524.0478923,3862.0,-2.80009874304103e-07,4071.0,ASK
953,1712309845.193669,257549.95462805,3860.0,-9.343167820253018e-09,4071.0,ASK
954,1712309845.197473,257552.54463064,3861.0,-9.34074793784101e-10,4071.0,ASK
955,1712309845.2009103,257660.62598666,3855.0,-3.89791387568015e-08,4071.0,ASK
956,1712309845.2043612,257662.80089972,3853.0,-7.84374299803749e-10,4071.0,ASK
957,1712309845.20779,257714.68159972,3855.0,-1.8710581348799813e-08,4071.0,ASK
958,1712309845.2112558,257844.22491515,3858.0,-4.6719314534032585e-08,4071.0,ASK
959,1712309845.2146966,258676.22491515,3855.0,-3.0005770319596306e-07,4071.0,ASK
960,1712309845.218205,258702.13836423,3859.0,-9.345588957725728e-09,4071.0,ASK
961,1712309845.2216434,258891.73253647,3851.0,-6.83764325260515e-08,4071.0,ASK
962,1712309845.2250953,258895.65210055,3854.0,-1.413576196369404e-09,4071.0,ASK
963,1712309845.228559,259683.65210055,3853.0,-2.8418926696925344e-07,4071.0,ASK
964,1712309845.23203,259683.6521022,3859.0,-5.950603934423247e-16,4071.0,ASK
965,1712309845.2355037,259690.1439225,3851.0,-2.3412508278585404e-09,4071.0,ASK
966,1712309845.238966,259696.9421062,3854.0,-2.4517396477520527e-09,4071.0,ASK
967,1712309845.2424426,259704.72824687,3853.0,-2.80804265168748e-09,4071.0,ASK
968,1712309845.2459428,261204.72824687,3852.0,-5.409694168196449e-07,4071.0,ASK
969,1712309845.2494318,261206.34920101,3853.0,-5.845910771950686e-10,4071.0,ASK
970,1712309845.2723336,261256.27431334,3850.0,-1.8005305934545562e-08,4071.0,ASK
971,1712309845.2758365,261952.64742233,3851.0,-2.5114436977280065e-07,4071.0,ASK
972,1712309845.2793374,261963.57720526,3850.0,-3.941785531740032e-09,4071.0,ASK
973,1712309845.2828188,261971.19460785,3850.0,-2.74718789119385e-09,4071.0,ASK
974,1712309845.2863293,262298.29865779,3849.0,-1.1796885809026137e-07,4071.0,ASK
975,1712309845.289822,262310.29865779,3850.0,-4.327755334557159e-09,4071.0,ASK
976,1712309845.29333,262313.02100512,3849.0,-9.818044316643647e-10,4071.0,ASK
977,1712309845.2968595,262623.41061548,3850.0,-1.1194085766887289e-07,4071.0,ASK
978,1712309845.300377,262669.93605921,3849.0,1.6779228107929855e-08,4071.0,BID
979,1712309845.303891,262747.85813713,3849.0,2.8102307366503736e-08,4071.0,BID
980,1712309845.310696,262822.34920101,3849.0,2.6864924923638536e-08,4071.0,BID
1181,1712309845.3621132,262982.34920101,3849.0,-5.770340446076213e-08,4071.0,ASK
981,1712309845.3621132,262982.34920101,3849.0,-5.7703404460762134e-08,4071.0,ASK
982,1712309845.3681004,263302.34920101,3849.0,-1.1540680892152425e-07,4071.0,ASK
983,1712309845.3740418,263325.68945101,3851.0,8.417574287286167e-09,4071.0,BID
984,1712309845.3819392,263555.19838713,3849.0,-8.27715435518095e-08,4071.0,ASK
985,1712309845.3856852,263605.68945101,3848.0,-1.8209414254524216e-08,4071.0,ASK
986,1712309845.4219084,263673.71529318,3851.0,2.4533266778246094e-08,4071.0,BID
987,1712309845.442009,263673.71529319,3851.0,3.589696339182527e-18,4071.0,BID
988,1712309845.4820013,264364.32301797,3855.0,-2.4906510541693415e-07,4071.0,ASK
989,1712309845.4857633,264413.71529319,3850.0,-1.781314021409065e-08,4071.0,ASK
990,1712309845.6220195,264420.22924819,3852.0,2.349233625037552e-09,4071.0,BID
991,1712309845.6462712,264451.84907916,3852.0,1.1403574346522136e-08,4071.0,BID
992,1712309845.6524231,264458.36303319,3852.0,2.349233275199602e-09,4071.0,BID
993,1712309845.822172,264758.41145797,3850.0,-1.082113475805793e-07,4071.0,ASK
994,1712309845.8302286,264996.52303319,3850.0,-8.587405332318498e-08,4071.0,ASK
995,1712309845.942138,265118.14018815,3851.0,-4.38607742626492e-08,4071.0,ASK
996,1712309845.9498622,265125.27650841,3848.0,-2.573687339528437e-09,4071.0,ASK
997,1712309845.9575276,265125.28303319,3850.0,-2.3531376240412416e-12,4071.0,ASK
998,1712309845.9622705,265177.88439578,3852.0,1.8970485629479946e-08,4071.0,BID
999,1712309845.968892,265246.90018815,3852.0,2.4890288633169254e-08,4071.0,BID
1000,1712309846.0221992,265255.29839006,3852.0,3.028780259732218e-09,4071.0,BID
1201,1712309846.0383112,265510.44639006,3855.0,9.201817650846096e-08,4071.0,BID
1202,1712309846.062051,265632.063545,3855.0,-4.386077425542783e-08,4071.0,ASK
1203,1712309846.064564,265633.50639006,3848.0,-5.203567004550073e-10,4071.0,ASK
1204,1712309846.4621515,265735.17639006,3848.0,-3.6666907072029664e-08,4071.0,ASK
1205,1712309850.6619515,265735.17639006,3848.0,-0.0,4071.0,ASK
1206,1712309854.712283,265740.3644575,3855.0,1.847038846825413e-09,4071.0,BID
1207,1712309857.4220736,265758.51664006,3850.0,6.462480823685599e-09,4071.0,BID
1208,1712309872.7320006,266404.36664006,3848.0,-2.2993341027612885e-07,4071.0,ASK
1209,1712309875.0221174,266662.55744167,3850.0,9.192024698632538e-08,4071.0,BID
1210,1712309875.0248327,267468.4223495,3850.0,2.8690139580277456e-07,4071.0,BID
1211,1712309875.583372,267529.81131483,3848.0,-2.1855499189662624e-08,4071.0,ASK
1212,1712309875.8120594,267555.49958983,3848.0,-9.145455871899598e-09,4071.0,ASK
1213,1712309875.8146904,267983.00051386,3848.0,-1.521974844908634e-07,4071.0,ASK
1214,1712309875.95202,268008.68878886,3848.0,-9.145455871878877e-09,4071.0,ASK
1215,1712309875.9541304,268481.27933886,3848.0,-1.6825014604905249e-07,4071.0,ASK
1216,1712309879.2024531,268507.26011309,3848.0,9.249590493632293e-09,4071.0,BID
1217,1712309880.2883675,268533.25439434,3847.0,-9.254399218840532e-09,4071.0,ASK
1218,1712309880.2896647,268725.27728787,3847.0,-6.836336418742802e-08,4071.0,ASK
1219,1712309880.4020302,268754.10003359,3845.0,-1.026137991316494e-08,4071.0,ASK
1220,1712309880.4120471,269024.31004006,3845.0,-9.619928509466953e-08,4071.0,ASK
1221,1712309880.9749644,269024.31004006,3845.0,-0.0,4071.0,ASK
1222,1712309886.512226,269276.18114194,3849.0,8.926803852182851e-08,4071.0,BID
1223,1712309886.5323958,269383.76760408,3849.0,3.8130743761622334e-08,4071.0,BID
1224,1712309886.7170317,269431.94485836,3845.0,-1.7074960004695732e-08,4071.0,ASK
1225,1712309886.7183535,269433.87787782,3845.0,-6.850998559625645e-10,4071.0,ASK
1226,1712309891.8720484,270213.30110463,3846.0,2.762428167278901e-07,4071.0,BID
1227,1712309892.4322157,270458.9768239,3846.0,8.707227390510318e-08,4071.0,BID
1228,1712309892.4521632,270529.99283223,3846.0,2.51694605691146e-08,4071.0,BID
1229,1712309892.4543846,271176.51283223,3846.0,2.2913931703302522e-07,4071.0,BID
1230,1712309892.57899,271226.6410629,3849.0,-1.7766424147431992e-08,4071.0,ASK
1231,1712309895.0220752,271257.80180037,3851.0,1.1043974048928772e-08,4071.0,BID
1232,1712309896.504372,271329.15392308,3846.0,-2.5288586071014044e-08,4071.0,ASK
1233,1712309901.1921165,271400.50604579,3849.0,2.5288586070993414e-08,4071.0,BID
1234,1712309902.6321695,271640.68371484,3850.0,-8.51236575089692e-08,4071.0,ASK
1235,1712309903.4320202,271671.56584066,3845.0,-1.0945228637830491e-08,4071.0,ASK
1236,1712309906.692057,271719.87709838,3846.0,-1.7122453441448805e-08,4071.0,ASK
1237,1712309906.6943128,271768.66150836,3846.0,-1.7290147844885942e-08,4071.0,ASK
1238,1712309906.9021163,271823.00182662,3846.0,-1.9259270267674505e-08,4071.0,ASK
1239,1712309906.922077,271886.6259589,3846.0,-2.25496353051086e-08,4071.0,ASK
1240,1712309906.924921,271995.25401267,3846.0,-3.8499904181591056e-08,4071.0,ASK
1241,1712309906.9820576,272049.80255458,3846.0,-1.9333068796625785e-08,4071.0,ASK
1242,1712309907.5222175,272093.32374463,3846.0,-1.542475989067805e-08,4071.0,ASK
1243,1712309907.532004,272134.91979998,3846.0,-1.4742454547692774e-08,4071.0,ASK
1244,1712309907.9346316,272184.44096947,3846.0,-1.7551269806991896e-08,4071.0,ASK
1245,1712309908.7120152,272831.06096947,3846.0,-2.2917475898640325e-07,4071.0,ASK
1246,1712309908.7521858,272861.90952476,3846.0,-1.0933330586212382e-08,4071.0,ASK
1247,1712309910.0320363,272904.25215727,3846.0,-1.5007056076721036e-08,4071.0,ASK
1248,1712309910.3536365,272984.2510052,3846.0,-2.8353154392935092e-08,4071.0,ASK
1249,1712309910.3624463,273015.95395189,3846.0,-1.1236143587938171e-08,4071.0,ASK
1250,1712309910.3670113,273047.69983981,3846.0,-1.1251362798678896e-08,4071.0,ASK
1251,1712309911.0036037,273047.69983981,3846.0,-0.0,4071.0,ASK
1252,1712309913.9520726,273337.69983981,3846.0,-1.0222096737292196e-07,4071.0,ASK
1253,1712309916.4420917,273600.07438526,3850.0,9.248337879285148e-08,4071.0,BID
1254,1712309919.5519862,273626.06866652,3847.0,-9.162622677798604e-09,4071.0,ASK
1255,1712309919.5535614,273666.07438526,3846.0,-1.4101459551900873e-08,4071.0,ASK
1256,1712309925.1165447,273770.02852472,3847.0,-3.664238861386306e-08,4071.0,ASK
1257,1712309926.3222506,273818.40889565,3847.0,-1.7053407994229666e-08,4071.0,ASK
1258,1712309930.6722326,273934.2931027,3849.0,4.084757154445376e-08,4071.0,BID
1259,1712309930.67528,274580.6731027,3849.0,2.2783996169141298e-07,4071.0,BID
1260,1712309930.6922586,274664.06382711,3849.0,2.939407075558673e-08,4071.0,BID
1261,1712309930.6952157,274674.75281367,3850.0,3.7677191255286995e-09,4071.0,BID
1262,1712309930.6980472,274814.81255806,3849.0,4.936911228119292e-08,4071.0,BID
1263,1712309937.0420125,274857.08083289,3847.0,-1.4898979111408816e-08,4071.0,ASK
1264,1712309940.677643,275606.68703355,3849.0,2.642257620007087e-07,4071.0,BID
1265,1712309940.679135,275837.05777064,3849.0,8.120248137846112e-08,4071.0,BID
1266,1712309940.6839058,275837.05777064,3849.0,0.0,4071.0,BID
1267,1712309950.8320043,276061.63547611,3850.0,7.888666966270398e-08,4071.0,BID
1268,1712309950.8520925,276499.79288346,3850.0,1.5391010688952702e-07,4071.0,BID
1269,1712309950.855199,276792.39601179,3850.0,1.0278173551795781e-07,4071.0,BID
1270,1712309951.092105,276850.29601178,3847.0,-2.0338341969963414e-08,4071.0,ASK
1271,1712309953.4021802,276912.40732994,3851.0,2.181763780937724e-08,4071.0,BID
1272,1712309953.405424,277087.62003771,3851.0,6.154638978804553e-08,4071.0,BID
1273,1712309953.4269364,277089.47988363,3851.0,6.533019402239947e-10,4071.0,BID
1274,1712309954.002053,277114.47988363,3852.0,-8.781667518779131e-09,4071.0,ASK
1275,1712309954.4120543,277327.32029263,3852.0,-7.476374825595745e-08,4071.0,ASK
1276,1712309956.132082,277573.33302463,3851.0,-8.64160807124114e-08,4071.0,ASK
1277,1712309959.3221002,277586.98802463,3851.0,-4.796546798766975e-09,4071.0,ASK
1278,1712309959.5621676,277586.99310488,3851.0,-1.7845226478623937e-12,4071.0,ASK
1279,1712309967.7470791,278303.59507555,3853.0,2.517184099890504e-07,4071.0,BID
1280,1712309967.781943,278371.78913262,3853.0,2.39543014377986e-08,4071.0,BID
1281,1712309970.7121434,278371.78913262,3853.0,0.0,4071.0,BID
1282,1712309976.1721458,278850.27605402,3853.0,-1.6745017696796046e-07,4071.0,ASK
1283,1712309976.1754496,279070.47605402,3853.0,-7.706068299727273e-08,4071.0,ASK
1284,1712309981.652012,279281.03586232,3849.0,7.368702379369407e-08,4071.0,BID
1285,1712309982.2156398,279306.98966455,3849.0,9.082732634971378e-09,4071.0,BID
1286,1712309982.4722748,279314.42969192,3847.0,-2.6036947804299e-09,4071.0,ASK
1287,1712309982.4998553,279952.70966455,3847.0,-2.233709838072116e-07,4071.0,ASK
1288,1712309983.70232,280177.65346455,3848.0,7.872081227973272e-08,4071.0,BID
1289,1712309983.729888,280505.53216455,3848.0,1.14743671944853e-07,4071.0,BID
1290,1712309987.2122357,280654.99446479,3847.0,-5.2305481102804464e-08,4071.0,ASK
1291,1712309987.3320673,280657.06801539,3847.0,-7.256549748776851e-10,4071.0,ASK
1292,1712309987.77904,280880.67609875,3847.0,-7.825336797197249e-08,4071.0,ASK
1293,1712309987.7822793,281003.73801539,3847.0,-4.30664638838943e-08,4071.0,ASK
1294,1712309995.190538,281079.82801539,3850.0,2.662828051436941e-08,4071.0,BID
1295,1712310000.7477508,281079.82801539,3850.0,0.0,4071.0,BID
1296,1712310003.6357872,281302.39179839,3850.0,-7.763472044101933e-08,4071.0,ASK
1297,1712310003.6373503,281302.39179843,3850.0,-1.3948849335055385e-17,4071.0,ASK
1298,1712310010.3421829,281382.95599843,3847.0,-2.8102412082725908e-08,4071.0,ASK
1299,1712310010.352205,281394.95573279,3847.0,-4.185748506991583e-09,4071.0,ASK
1300,1712310010.3548274,281396.81088179,3848.0,-6.471132546853685e-10,4071.0,ASK
1301,1712310010.3573978,281948.53179843,3847.0,-1.924513438235915e-07,4071.0,ASK
1302,1712310012.59213,281988.77459422,3848.0,-1.40374959429899e-08,4071.0,ASK
1303,1712310013.6720417,282006.34859422,3848.0,-6.130164389919034e-09,4071.0,ASK
1304,1712310014.794867,282011.30768174,3848.0,-1.729829391242601e-09,4071.0,ASK
1305,1712310014.8485951,282017.47444474,3848.0,-2.151090869657517e-09,4071.0,ASK
1306,1712310015.20225,282478.37092173,3848.0,-1.60769953947864e-07,4071.0,ASK
1307,1712310015.2821136,282594.45092173,3848.0,-4.049103689433233e-08,4071.0,ASK
1308,1712310015.7619154,282743.29092173,3848.0,-5.191838328179065e-08,4071.0,ASK
1309,1712310015.964331,282803.78092173,3848.0,-2.1100127685539642e-08,4071.0,ASK
1310,1712310016.1021724,282855.44392173,3848.0,-1.802109268669552e-08,4071.0,ASK
1311,1712310018.1131034,282862.46702661,3852.0,2.4498001275759207e-09,4071.0,BID
1312,1712310018.632219,283060.98449606,3852.0,6.924688300886442e-08,4071.0,BID
1313,1712310018.6356182,283108.2404474,3852.0,1.6483825544324807e-08,4071.0,BID
1314,1712310026.9722395,283161.0304474,3853.0,1.841421293634265e-08,4071.0,BID
1315,1712310026.975664,283255.94325641,3853.0,3.3107495273678624e-08,4071.0,BID
1316,1712310026.9790208,283513.78355974,3853.0,8.99398796948548e-08,4071.0,BID
1317,1712310027.1119964,283530.78355973,3854.0,5.929941650570022e-09,4071.0,BID
1318,1712310030.262266,283790.45155973,3848.0,-9.057741702512249e-08,4071.0,ASK
1319,1712310030.7022166,283790.45155973,3848.0,-0.0,4071.0,ASK
1320,1712310032.934584,283847.24011742,3848.0,-1.973715905915421e-08,4071.0,ASK
1321,1712310036.5421734,284003.82471521,3853.0,5.4421792672866425e-08,4071.0,BID
1322,1712310041.5824487,284044.57277053,3854.0,1.4162198899160948e-08,4071.0,BID
1323,1712310041.586064,284044.57277054,3853.0,3.4796246336687024e-18,4071.0,BID
1324,1712310041.5888293,284044.57277055,3854.0,3.459394257891559e-18,4071.0,BID
1325,1712310041.6622791,284467.84559337,3857.0,-1.4711067456620164e-07,4071.0,ASK
1326,1712310041.665793,284535.61093524,3857.0,-2.355219758332436e-08,4071.0,ASK
1327,1712310041.6693509,285188.71353217,3854.0,-2.269892098320897e-07,4071.0,ASK
1328,1712310043.3921244,285221.11465111,3853.0,1.1261177677819105e-08,4071.0,BID
1329,1712310043.8721118,285326.6316824,3853.0,3.6672993904676135e-08,4071.0,BID
1330,1712310043.8920634,285583.8160615,3853.0,8.938577073108699e-08,4071.0,BID
1331,1712310043.971925,286182.90240715,3853.0,2.0821558030777334e-07,4071.0,BID
1332,1712310043.9740589,286218.54768907,3853.0,1.238870342162312e-08,4071.0,BID
1333,1712310043.9920838,286429.98137943,3853.0,7.348488052611625e-08,4071.0,BID
1334,1712310051.905135,286650.41308434,3855.0,7.661218735718163e-08,4071.0,BID
1335,1712310051.922342,287074.31137943,3855.0,1.473280607119756e-07,4071.0,BID
1336,1712310052.4220493,287316.95435943,3855.0,-8.433183172200445e-08,4071.0,ASK
1337,1712310052.4419806,287316.95435966,3855.0,-7.993021469549445e-17,4071.0,ASK
1338,1712310060.9719093,287316.95435966,3855.0,-0.0,4071.0,ASK
1339,1712310069.6520607,287342.93513389,3849.0,-8.987298435279793e-09,4071.0,ASK
1340,1712310069.653903,287683.18435966,3849.0,-1.1769939214640933e-07,4071.0,ASK
1341,1712310090.9421835,287683.18435966,3849.0,-0.0,4071.0,ASK
1342,1712310096.6522985,287709.16513388,3849.0,-8.982918207521587e-09,4071.0,ASK
1343,1712310096.662401,287711.17170811,3849.0,-6.93778100418661e-10,4071.0,ASK
1344,1712310096.6652467,288328.82435966,3848.0,-2.135549619329261e-07,4071.0,ASK
1345,1712310099.983665,288370.49306932,3848.0,-1.4407061449354505e-08,4071.0,ASK
1346,1712310100.572026,288383.46660331,3854.0,4.4856320950378384e-09,4071.0,BID
1347,1712310116.4193492,289029.47660331,3850.0,2.2335958667396854e-07,4071.0,BID
1348,1712310117.1420283,289034.1955502,3850.0,-1.6315877879508402e-09,4071.0,ASK
1349,1712310117.1449845,289074.61160331,3850.0,-1.3973952288104352e-08,4071.0,ASK
1350,1712310120.6420553,289074.61160331,3850.0,-0.0,4071.0,ASK
1351,1712310121.052148,289076.16842738,3849.0,-5.37280940078515e-10,4071.0,ASK
1352,1712310121.055776,289078.16842738,3849.0,-6.90226918293438e-10,4071.0,ASK
1353,1712310122.5620685,289079.72686893,3850.0,5.378391542002782e-10,4071.0,BID
1354,1712310122.8024645,289128.36809283,3848.0,-1.6786741037266005e-08,4071.0,ASK
1355,1712310125.4586856,289222.66900767,3848.0,-3.2544514921138115e-08,4071.0,ASK
1356,1712310128.6026192,289436.81561553,3849.0,7.390487660309762e-08,4071.0,BID
1357,1712310128.606627,290071.48727644,3849.0,2.1903373231904746e-07,4071.0,BID
1358,1712310132.9222126,290096.89176621,3849.0,8.767431342384822e-09,4071.0,BID
1359,1712310135.472094,290122.87929219,3848.0,-8.968644985618984e-09,4071.0,ASK
1360,1712310135.475014,290371.96899219,3848.0,-8.596420800482241e-08,4071.0,ASK
1361,1712310135.816455,290992.47075198,3845.0,-2.141435087277536e-07,4071.0,ASK
1362,1712310135.8247883,291162.43098642,3847.0,-5.86555644249723e-08,4071.0,ASK
1363,1712310135.830331,291162.50818659,3845.0,-2.6642817703712127e-11,4071.0,ASK
1364,1712310135.8320131,291188.50922663,3846.0,-8.973308869613811e-09,4071.0,ASK
1365,1712310136.2921362,291203.44642154,3847.0,5.155027005344676e-09,4071.0,BID
1366,1712310137.402223,291218.02786232,3847.0,5.032251466936005e-09,4071.0,BID
1367,1712310137.9232256,291243.95846449,3845.0,-8.948999812647192e-09,4071.0,ASK
1368,1712310137.9250038,291529.08681676,3845.0,-9.840163195270257e-08,4071.0,ASK
1369,1712310137.96406,291831.32892775,3845.0,-1.0430782042356129e-07,4071.0,ASK
1370,1712310137.9827766,291920.16132534,3845.0,-3.0657256016576e-08,4071.0,ASK
1371,1712310137.986366,292246.85942653,3845.0,-1.127479117983579e-07,4071.0,ASK
1372,1712310139.622105,292295.42582365,3845.0,-1.6760917308360495e-08,4071.0,ASK
1373,1712310144.802248,292528.37860874,3847.0,8.039514148027887e-08,4071.0,BID
1374,1712310146.3320837,292672.85393821,3847.0,4.986038071475562e-08,4071.0,BID
1375,1712310148.482098,292685.85107883,3847.0,4.485488158391509e-09,4071.0,BID
1376,1712310149.142213,292885.14977883,3845.0,-6.878066376043896e-08,4071.0,ASK
1377,1712310149.1441417,292925.63062366,3845.0,-1.3970484388458805e-08,4071.0,ASK
1378,1712310150.6575916,292925.63062366,3845.0,-0.0,4071.0,ASK
1379,1712310151.8919632,292928.23208047,3844.0,-8.932313665121054e-10,4071.0,ASK
1380,1712310152.6120565,293344.56994673,3843.0,-1.4295299455962e-07,4071.0,ASK
1381,1712310152.6219869,293347.17208047,3843.0,-8.934637959395604e-10,4071.0,ASK
1382,1712310152.872063,293347.17561415,3843.0,-1.2133177825116266e-12,4071.0,ASK
1383,1712310152.8862736,293992.80301415,3843.0,-2.21681421939436e-07,4071.0,ASK
1384,1712310156.9324477,293999.30834852,3843.0,2.2336594966941327e-09,4071.0,BID
1385,1712310158.9222069,294162.14653743,3843.0,5.5911817347912784e-08,4071.0,BID
1386,1712310162.1937904,294379.05398114,3844.0,7.447693600191962e-08,4071.0,BID
1387,1712310180.9421065,294379.05398114,3844.0,0.0,4071.0,BID
1388,1712310185.0221488,294433.64197178,3847.0,1.8707351915509032e-08,4071.0,BID
1389,1712310195.762086,294440.14561381,3844.0,-2.2288037856200622e-09,4071.0,ASK
1390,1712310196.3622086,295440.14561381,3844.0,-3.427008705796417e-07,4071.0,ASK
1391,1712310196.503475,295749.01990394,3843.0,-1.058514881272146e-07,4071.0,ASK
1392,1712310196.521961,295756.82833394,3842.0,-2.675955758871738e-09,4071.0,ASK
1393,1712310196.523734,296422.33803225,3843.0,-2.280707529900296e-07,4071.0,ASK
1394,1712310197.3020694,296895.80118282,3842.0,1.6225623388771704e-07,4071.0,BID
1395,1712310197.305216,297213.99627123,3842.0,1.0904573381227077e-07,4071.0,BID
1396,1712310197.581983,297240.03115798,3841.0,-8.922178354662291e-09,4071.0,ASK
1397,1712310197.5921228,297401.44485323,3841.0,-5.531661388565112e-08,4071.0,ASK
1398,1712310197.6215956,297401.44485362,3841.0,-1.336703154813835e-16,4071.0,ASK
1399,1712310198.4932191,297661.86152028,3840.0,-8.924501837782766e-08,4071.0,ASK
1400,1712310198.497057,297731.86152028,3840.0,-2.3989060940574915e-08,4071.0,ASK
1401,1712310206.623329,297734.48788817,3838.0,-9.000585623602674e-10,4071.0,ASK
1402,1712310206.626922,297740.99830483,3840.0,-2.2311254572155256e-09,4071.0,ASK
1403,1712310206.6287508,297795.58629553,3839.0,-1.8707351936095185e-08,4071.0,ASK
1404,1712310210.9792883,297795.58629553,3839.0,-0.0,4071.0,ASK
1405,1712310211.9221394,297802.09671219,3838.0,2.2211322218771046e-09,4071.0,BID
1406,1712310213.0821092,297960.54807016,3838.0,5.40582016739425e-08,4071.0,BID
1407,1712310213.0927317,298021.7101224,3839.0,2.0866407187318872e-08,4071.0,BID
1408,1712310213.111501,298104.98681969,3839.0,2.841117018191697e-08,4071.0,BID
1409,1712310213.1136026,298324.36954127,3839.0,7.484590576497874e-08,4071.0,BID
1410,1712310215.872225,298699.70239846,3841.0,1.2805077563728265e-07,4071.0,BID
1411,1712310215.9819255,298767.00871753,3841.0,2.296262156936612e-08,4071.0,BID
1412,1712310219.6722412,299021.98234269,3840.0,-8.69883087593911e-08,4071.0,ASK
1413,1712310220.092127,299254.58912955,3844.0,7.935750602521622e-08,4071.0,BID
1414,1712310220.0964935,299320.63890958,3844.0,2.253393328481447e-08,4071.0,BID
1415,1712310227.0224478,299367.64996616,3847.0,1.6038569880786718e-08,4071.0,BID
1416,1712310227.122094,299595.69000958,3847.0,7.779948884546316e-08,4071.0,BID
1417,1712310227.6058173,299667.52800366,3847.0,-2.4508674596296693e-08,4071.0,ASK
1418,1712310240.7571905,299667.52800366,3847.0,-0.0,4071.0,ASK
1419,1712310241.972042,299669.08685011,3849.0,5.305236071129882e-10,4071.0,BID
1420,1712310254.9821072,299865.82630441,3840.0,-6.69565145152481e-08,4071.0,ASK
1421,1712310255.4620376,300212.87575871,3840.0,-1.1811165130564957e-07,4071.0,ASK
1422,1712310256.4720552,300560.12195251,3840.0,-1.1817860783569165e-07,4071.0,ASK
1423,1712310257.351996,300757.05814631,3840.0,-6.702347104531002e-08,4071.0,ASK
1424,1712310257.3920822,301423.84638883,3840.0,-2.2692863918796425e-07,4071.0,ASK
1425,1712310258.0322287,301620.78258263,3840.0,-6.702347104531002e-08,4071.0,ASK
1426,1712310258.3822207,301694.13943256,3840.0,-2.4965602372982464e-08,4071.0,ASK
1427,1712310258.3856213,301968.02877643,3840.0,-9.3213005462729e-08,4071.0,ASK
1428,1712310259.1702578,302158.6179141,3840.0,-6.486337175353439e-08,4071.0,ASK
1429,1712310259.1735816,302164.96497023,3840.0,-2.1600992917756176e-09,4071.0,ASK
1430,1712310260.0220563,302166.27497023,3840.0,-4.458334721263245e-10,4071.0,ASK
1431,1712310260.03205,302338.55049397,3840.0,-5.8630683138560553e-08,4071.0,ASK
1432,1712310260.1020217,302512.21116402,3840.0,5.91020912216173e-08,4071.0,BID
1433,1712310260.1119163,302512.21116403,3840.0,3.407296835072699e-18,4071.0,BID
1434,1712310270.6704607,302512.21116403,3840.0,0.0,4071.0,BID
1435,1712310300.7481651,302512.21116403,3840.0,0.0,4071.0,BID
1436,1712310330.658785,302512.21116403,3840.0,0.0,4071.0,BID
1437,1712310360.9620707,302512.21116403,3840.0,0.0,4071.0,BID
1438,1712310390.9567788,302512.21116403,3840.0,0.0,4071.0,BID
1439,1712310420.673364,302512.21116403,3840.0,0.0,4071.0,BID
1440,1712310430.6987343,302581.17459897,3840.0,-2.34700642252014e-08,4071.0,ASK
1441,1712310430.7028062,302951.13116403,3840.0,-1.259059144900682e-07,4071.0,ASK
1442,1712310431.740137,302951.13436459,3840.0,-1.0892344423410516e-12,4071.0,ASK
1443,1712310431.7478375,303253.83784846,3838.0,-1.0301792846898697e-07,4071.0,ASK
1444,1712310431.7575357,304214.6668007,3838.0,-3.269952727577292e-07,4071.0,ASK
1445,1712310438.622028,304247.91452877,3838.0,-1.1315073180801225e-08,4071.0,ASK
1446,1712310439.4692895,304434.01588012,3848.0,6.333516699657371e-08,4071.0,BID
1447,1712310439.4714377,304564.01588012,3848.0,4.42424068918841e-08,4071.0,BID
1448,1712310439.9798975,304859.42553021,3838.0,-1.0053564568517229e-07,4071.0,ASK
1449,1712310441.3520925,305507.22553021,3838.0,-2.204633168043233e-07,4071.0,ASK
1450,1712310441.5038223,305561.1504951,3838.0,-1.83520787561074e-08,4071.0,ASK
1451,1712310443.8423605,305872.7594262,3838.0,-1.060486855451623e-07,4071.0,ASK
1452,1712310443.8459427,306494.15191715,3837.0,-2.114761494167043e-07,4071.0,ASK
1453,1712310445.9221249,306782.24407224,3837.0,-9.804531036809209e-08,4071.0,ASK
1454,1712310450.665447,306782.24407224,3837.0,-0.0,4071.0,ASK
1455,1712310480.9486382,306782.24407224,3837.0,-0.0,4071.0,ASK
1456,1712310488.572073,306787.45376226,3839.0,1.763158331035052e-09,4071.0,BID
1457,1712310489.112146,306868.8689478,3837.0,-2.7554012255599832e-08,4071.0,ASK
1458,1712310492.3721137,306872.43236874,3837.0,-1.205997917958024e-09,4071.0,ASK
1459,1712310505.0040088,307141.56898749,3839.0,9.108612407230165e-08,4071.0,BID
1460,1712310505.1021068,307166.3357888,3839.0,8.382032692054018e-09,4071.0,BID
1461,1712310505.1620865,307350.89746874,3839.0,6.246273047526982e-08,4071.0,BID
1462,1712310505.9046333,307614.22360458,3840.0,8.911963445180588e-08,4071.0,BID
1463,1712310508.016174,307689.2171843,3840.0,2.538069527190041e-08,4071.0,BID
1464,1712310508.0190637,307701.99898319,3840.0,4.325849544245322e-09,4071.0,BID
1465,1712310510.9523604,307701.99898319,3840.0,0.0,4071.0,BID
1466,1712310534.0721374,307704.60258105,3837.0,-8.801052982496414e-10,4071.0,ASK
1467,1712310534.2132015,307743.69822705,3837.0,1.321566809965874e-08,4071.0,BID
1468,1712310534.2175033,307743.69822739,3837.0,1.1492859122133741e-16,4071.0,BID
1469,1712310540.6387565,307743.69822739,3837.0,0.0,4071.0,BID
1470,1712310570.666814,307743.69822739,3837.0,0.0,4071.0,BID
1471,1712310600.7558067,307743.69822739,3837.0,0.0,4071.0,BID
1472,1712310630.6757808,307743.69822739,3837.0,0.0,4071.0,BID
1473,1712310660.9527545,307743.69822739,3837.0,0.0,4071.0,BID
1474,1712310690.958006,307743.69822739,3837.0,0.0,4071.0,BID
1475,1712310710.6469598,307838.50364983,3844.0,-3.2092831946656864e-08,4071.0,ASK
1476,1712310711.822162,307881.34922096,3844.0,-1.4503766541450582e-08,4071.0,ASK
1477,1712310712.7820792,307944.89777192,3845.0,-2.151198648689592e-08,4071.0,ASK
1478,1712310712.9052985,308009.58580982,3845.0,-2.189771719646545e-08,4071.0,ASK
1479,1712310713.3319788,308078.31753239,3845.0,-2.3266555488849898e-08,4071.0,ASK
1480,1712310715.982333,308141.86608335,3845.0,-2.151198648687621e-08,4071.0,ASK
1481,1712310716.102078,308206.55412125,3845.0,-2.1897717196485155e-08,4071.0,ASK
1482,1712310716.821998,308275.28584382,3845.0,-2.3266555488849898e-08,4071.0,ASK
1483,1712310720.6935492,308275.28584382,3845.0,-0.0,4071.0,ASK
1484,1712310731.1721494,308277.88865382,3854.0,8.80474869250215e-10,4071.0,BID
1485,1712310731.332142,308367.69054997,3854.0,-3.0378057857685774e-08,4071.0,ASK
1486,1712310731.351983,308424.91137573,3854.0,-1.93565796505782e-08,4071.0,ASK
1487,1712310750.687991,308424.91137573,3854.0,-0.0,4071.0,ASK
1488,1712310769.522172,308476.85942767,3850.0,-1.7569485922305062e-08,4071.0,ASK
1489,1712310774.1021702,309199.87431562,3848.0,2.445327480253489e-07,4071.0,BID
1490,1712310780.5483282,309254.46657133,3848.0,1.8463788965004736e-08,4071.0,BID
1491,1712310780.9520636,309254.46657133,3848.0,0.0,4071.0,BID
1492,1712310785.582158,309959.40608709,3848.0,2.381622966431675e-07,4071.0,BID
1493,1712310786.252223,310261.80608709,3848.0,1.0216518849455426e-07,4071.0,BID
1494,1712310810.9721415,310261.80608709,3848.0,0.0,4071.0,BID
1495,1712310840.7157793,310261.80608709,3848.0,0.0,4071.0,BID
1496,1712310870.682515,310261.80608709,3848.0,0.0,4071.0,BID
1497,1712310900.9819765,310261.80608709,3848.0,0.0,4071.0,BID
1498,1712310930.7254329,310517.55122742,3848.0,-8.644653311137463e-08,4071.0,ASK
1499,1712310930.727627,310641.92608709,3848.0,-4.204097646122316e-08,4071.0,ASK
1500,1712310930.9675827,310641.92608709,3848.0,-0.0,4071.0,ASK
1501,1712310941.5422127,310643.26616294,3848.0,4.527462905526572e-10,4071.0,BID
1502,1712310946.3221345,311330.15998637,3849.0,-2.3206793149549654e-07,4071.0,ASK
1503,1712310950.0122354,311571.30145246,3849.0,8.146994386097907e-08,4071.0,BID
1504,1712310960.682627,311571.30145246,3849.0,0.0,4071.0,BID
1505,1712310986.5123022,311597.28222668,3849.0,-8.767041440069481e-09,4071.0,ASK
1506,1712310990.695205,311597.28222668,3849.0,-0.0,4071.0,ASK
1507,1712311020.938615,311597.28222668,3849.0,-0.0,4071.0,ASK
1508,1712311036.7422457,311598.65920771,3849.0,-4.6463751619587606e-10,4071.0,ASK
1509,1712311050.964046,311598.65920771,3849.0,-0.0,4071.0,ASK
1510,1712311077.1520329,311600.65920771,3849.0,6.748628704772632e-10,4071.0,BID
1511,1712311078.9521203,311657.45134822,3849.0,1.9163453482560457e-08,4071.0,BID
1512,1712311078.972185,311692.2388961,3849.0,1.1738412209590128e-08,4071.0,BID
1513,1712311078.976859,311871.28345659,3849.0,6.041526301781124e-08,4071.0,BID
1514,1712311080.652314,311871.28345659,3849.0,0.0,4071.0,BID
