,time,acc_trade_volume,trade_price,dev,high,ask_bid
0,1712300395.4990022,19174492.31544679,1193.0,0.0,1266.0,BID
1,1712300399.432298,19174517.4621358,1193.0,4.915186990638214e-10,1266.0,BID
2,1712300400.9021883,19174517.4621358,1193.0,0.0,1266.0,BID
3,1712300402.122288,19174616.60868875,1191.0,-1.9397883481546542e-09,1266.0,ASK
4,1712300402.5749907,19174754.90029588,1191.0,-2.705655821376536e-09,1266.0,ASK
5,1712300402.6923134,19174775.35599959,1190.0,-4.002129628097889e-10,1266.0,ASK
6,1712300402.6937792,19174859.31905584,1191.0,-1.642725373153744e-09,1266.0,ASK
7,1712300411.9824398,19175046.97885098,1190.0,-3.671537468486083e-09,1266.0,ASK
8,1712300413.6722314,19175177.61896006,1190.0,-2.555955339406105e-09,1266.0,ASK
9,1712300415.9122906,19178177.61896006,1190.0,-5.8694577585468384e-08,1266.0,ASK
10,1712300418.672323,19178261.5115775,1192.0,1.6413472476873443e-09,1266.0,BID
11,1712300430.7622988,19178261.5115775,1192.0,0.0,1266.0,BID
12,1712300430.9124303,19178555.95281869,1190.0,-5.7601992555610134e-09,1266.0,ASK
13,1712300436.572363,19178705.08591461,1190.0,-2.917513676467849e-09,1266.0,ASK
14,1712300442.8626592,19178830.49746345,1190.0,-2.4534454050226517e-09,1266.0,ASK
15,1712300442.9423246,19179094.04986899,1190.0,-5.155916216214607e-09,1266.0,ASK
16,1712300443.0239472,19179324.76071659,1190.0,-4.513431770684578e-09,1266.0,ASK
17,1712300443.8524165,19181285.01314526,1190.0,-3.8348719542690483e-08,1266.0,ASK
18,1712300448.7024229,19181293.40945088,1191.0,1.6425821732579114e-10,1266.0,BID
19,1712300451.2324424,19181431.69517242,1190.0,-2.705304824293881e-09,1266.0,ASK
20,1712300458.6027253,19181467.87317409,1191.0,7.077558070082167e-10,1266.0,BID
21,1712300461.0626943,19181467.87317409,1191.0,0.0,1266.0,BID
22,1712300463.1624303,19181590.83503091,1190.0,-2.405342155690894e-09,1266.0,ASK
23,1712300465.7935977,19181599.23133653,1191.0,1.6424595711073248e-10,1266.0,BID
24,1712300465.9951856,19181824.62294398,1190.0,-4.409041543099897e-09,1266.0,ASK
25,1712300465.9967265,19181997.93485538,1190.0,-3.3902744912682003e-09,1266.0,ASK
26,1712300480.6125474,19182137.96692093,1190.0,-2.739264346942652e-09,1266.0,ASK
27,1712300486.4924862,19182275.56181484,1190.0,-2.691589142272302e-09,1266.0,ASK
28,1712300487.7624958,19182414.07144345,1190.0,-2.7094829020875947e-09,1266.0,ASK
29,1712300489.2827008,19182517.7650778,1190.0,-2.0284230933845164e-09,1266.0,ASK
30,1712300491.0437548,19182517.7650778,1190.0,-0.0,1266.0,ASK
31,1712300500.6826105,19182654.77307794,1190.0,-2.680043006000021e-09,1266.0,ASK
32,1712300500.7828417,19182663.17643928,1190.0,-1.6437996154177851e-10,1266.0,ASK
33,1712300500.7927673,19182725.31635716,1190.0,-1.215532320297844e-09,1266.0,ASK
34,1712300500.7941773,19182757.84455811,1190.0,-6.36291146185316e-10,1266.0,ASK
35,1712300506.7926662,19182766.24791945,1190.0,-1.6437996154177851e-10,1266.0,ASK
36,1712300506.7943926,19186846.09649504,1190.0,-7.980679689828136e-08,1266.0,ASK
37,1712300506.7961726,19190196.77609905,1190.0,-6.554336556223377e-08,1266.0,ASK
38,1712300512.372925,19190238.79290577,1191.0,8.21899807854635e-10,1266.0,BID
39,1712300520.7326217,19190238.79290577,1191.0,0.0,1266.0,BID
40,1712300527.5553944,19190248.04437759,1190.0,-1.8093751346655406e-10,1266.0,ASK
41,1712300529.1927836,19190332.00743385,1191.0,1.642124292881294e-09,1266.0,BID
42,1712300534.0325716,19190725.35767323,1191.0,7.693026105518785e-09,1266.0,BID
43,1712300545.1628003,19191564.98823578,1192.0,1.6421242928011504e-08,1266.0,BID
44,1712300545.202832,19192609.77287054,1191.0,-2.043358479331205e-08,1266.0,ASK
45,1712300545.2046804,19199107.71838179,1191.0,-1.27084871052602e-07,1266.0,ASK
46,1712300545.2064414,19200927.23643384,1191.0,-3.5585588802296736e-08,1266.0,ASK
47,1712300550.7326412,19200927.23643384,1191.0,-0.0,1266.0,ASK
48,1712300554.1241572,19201274.25300175,1191.0,-6.7851566448232005e-09,1266.0,ASK
49,1712300554.142929,19201621.44508447,1191.0,-6.788588456480921e-09,1266.0,ASK
50,1712300554.3028286,19201792.50669349,1191.0,-3.344738898500134e-09,1266.0,ASK
51,1712300555.7028382,19201920.27541198,1191.0,-2.4982402842568557e-09,1266.0,ASK
52,1712300562.6927202,19202296.34762501,1191.0,-7.353276791838568e-09,1266.0,ASK
53,1712300562.772804,19202390.84129541,1190.0,-1.8476188600292675e-09,1266.0,ASK
54,1712300562.774318,19202390.84129542,1191.0,-2.1851992579088306e-19,1266.0,ASK
55,1712300573.8728602,19202755.58923211,1191.0,7.131855119266555e-09,1266.0,BID
56,1712300576.762837,19203552.10182656,1191.0,1.5574076925194122e-08,1266.0,BID
57,1712300580.9927697,19203552.10182656,1191.0,0.0,1266.0,BID
58,1712300583.8629265,19203669.16714839,1190.0,-2.288818664912898e-09,1266.0,ASK
59,1712300583.883016,19203786.45785705,1190.0,-2.293225346410367e-09,1266.0,ASK
60,1712300584.042759,19203894.84610437,1190.0,-2.119167654806829e-09,1266.0,ASK
61,1712300584.4728231,19204054.63278403,1190.0,-3.124091140758841e-09,1266.0,ASK
62,1712300584.7928698,19205558.15914917,1190.0,-2.9396401546989624e-08,1266.0,ASK
63,1712300584.7944794,19207871.5684442,1190.0,-4.5230938516312404e-08,1266.0,ASK
64,1712300585.5729232,19208247.7175982,1190.0,-7.354331675803195e-09,1266.0,ASK
65,1712300585.7129438,19208288.91561967,1190.0,-8.054887564316792e-10,1266.0,ASK
66,1712300585.7189164,19208524.53189056,1190.0,-4.606683773986916e-09,1266.0,ASK
67,1712300587.9030223,19208995.32931395,1190.0,-9.204860271239612e-09,1266.0,ASK
68,1712300587.9085078,19209054.24355862,1190.0,-1.151869919493994e-09,1266.0,ASK
69,1712300587.982818,19209745.32931395,1190.0,-1.3511857748633703e-08,1266.0,ASK
70,1712300587.984434,19209813.25683136,1190.0,-1.3280941553035136e-09,1266.0,ASK
71,1712300588.0029442,19210220.5702712,1190.0,-7.963644476554668e-09,1266.0,ASK
72,1712300588.0230217,19210361.24017006,1190.0,-2.750326783984536e-09,1266.0,ASK
73,1712300588.123056,19210721.40972061,1190.0,-7.041904271474657e-09,1266.0,ASK
74,1712300588.9439268,19210991.12740429,1190.0,-5.273422214355926e-09,1266.0,ASK
75,1712300589.0228422,19212002.07938407,1190.0,-1.9765766022706e-08,1266.0,ASK
76,1712300589.042969,19212110.33214421,1190.0,-2.116518658656133e-09,1266.0,ASK
77,1712300589.1430678,19212118.73550555,1190.0,-1.6429946963784718e-10,1266.0,ASK
78,1712300589.144777,19212810.47069282,1190.0,-1.3524555206113185e-08,1266.0,ASK
79,1712300589.3228765,19212957.56575684,1189.0,-2.8759492801128182e-09,1266.0,ASK
80,1712300589.324208,19213086.97469483,1189.0,-2.5301565660223235e-09,1266.0,ASK
81,1712300589.9028618,19213288.41482653,1190.0,-3.938484310270665e-09,1266.0,ASK
82,1712300590.255926,19213438.64162764,1190.0,-2.9371798665467183e-09,1266.0,ASK
83,1712300590.8931582,19213550.48290302,1190.0,-2.186680005619515e-09,1266.0,ASK
84,1712300594.9445496,19213761.01858731,1191.0,4.116317251826858e-09,1266.0,BID
85,1712300595.0628417,19214093.89621981,1190.0,-6.5083025996968465e-09,1266.0,ASK
86,1712300598.5031073,19214492.64408484,1189.0,-7.796173468110028e-09,1266.0,ASK
87,1712300604.7052023,19214688.43511098,1189.0,-3.8280350495300274e-09,1266.0,ASK
88,1712300604.7101266,19215605.07185072,1189.0,-1.7921748696236392e-08,1266.0,ASK
89,1712300610.38315,19216532.29720125,1189.0,-1.812877336952113e-08,1266.0,ASK
90,1712300610.9229548,19217687.64428082,1190.0,2.2588926582667656e-08,1266.0,BID
91,1712300611.0530207,19217687.64428082,1190.0,0.0,1266.0,BID
92,1712300611.36294,19217838.79341007,1190.0,-2.95424143376651e-09,1266.0,ASK
93,1712300611.8029814,19218303.21426372,1190.0,-9.077202993948366e-09,1266.0,ASK
94,1712300621.8031564,19218723.52555466,1189.0,-8.215072339148626e-09,1266.0,ASK
95,1712300621.8051715,19219124.05125591,1189.0,-7.828358838728476e-09,1266.0,ASK
96,1712300637.0830996,19219278.58671515,1190.0,-3.0204279636804195e-09,1266.0,ASK
97,1712300638.4484217,19220280.03760044,1190.0,-1.9573567601069884e-08,1266.0,ASK
98,1712300638.4492848,19222316.90240278,1189.0,-3.981094978152325e-08,1266.0,ASK
99,1712300638.4501271,19227993.41596641,1189.0,-1.1094864821462265e-07,1266.0,ASK
100,1712300640.7630973,19227993.41596641,1189.0,-0.0,1266.0,ASK
101,1712300660.5366714,19228233.72033827,1189.0,-4.695674580978998e-09,1266.0,ASK
102,1712300660.675353,19228493.41596641,1189.0,-5.074589989398961e-09,1266.0,ASK
103,1712300660.6762078,19228530.33698449,1189.0,-7.21456229677575e-10,1266.0,ASK
104,1712300662.1943154,19229289.35024723,1189.0,-1.4831520778815969e-08,1266.0,ASK
105,1712300662.2731495,19229297.76067616,1189.0,-1.6434423159436716e-10,1266.0,ASK
106,1712300662.274639,19229505.71049196,1189.0,-4.0634494354264084e-09,1266.0,ASK
107,1712300662.3531492,19229505.71049197,1189.0,-2.18382430904611e-19,1266.0,ASK
108,1712300665.143196,19229522.6126675,1189.0,3.3027745350159867e-10,1266.0,BID
109,1712300665.1531105,19230027.23840341,1189.0,9.860653897700264e-09,1266.0,BID
110,1712300665.349479,19230232.36010832,1189.0,-4.0081866521944235e-09,1266.0,ASK
111,1712300666.3331003,19230491.02334079,1189.0,-5.05441643175721e-09,1266.0,ASK
112,1712300667.9634197,19231668.62334079,1189.0,-2.301092711611049e-08,1266.0,ASK
113,1712300668.102939,19231986.47811659,1189.0,-6.211050509073761e-09,1266.0,ASK
114,1712300668.2030694,19232097.02529683,1189.0,-2.1601503968907492e-09,1266.0,ASK
115,1712300670.7354698,19232097.02529683,1189.0,-0.0,1266.0,ASK
116,1712300670.9330266,19232550.32876771,1189.0,-8.85694524360451e-09,1266.0,ASK
117,1712300672.6933372,19232843.61660954,1189.0,-5.730453267135155e-09,1266.0,ASK
118,1712300672.8946476,19233188.81847533,1189.0,-6.744784056793738e-09,1266.0,ASK
119,1712300673.2329922,19233422.78939038,1189.0,-4.571479629747505e-09,1266.0,ASK
120,1712300673.2550342,19233630.20778878,1189.0,-4.052678867800718e-09,1266.0,ASK
121,1712300678.593253,19233959.87112817,1189.0,-6.441181974949575e-09,1266.0,ASK
122,1712300682.7332563,19234098.60013475,1189.0,-2.7105797636402326e-09,1266.0,ASK
123,1712300685.7266312,19234249.83901812,1189.0,-2.955006071613367e-09,1266.0,ASK
124,1712300689.7232676,19235470.71443899,1189.0,-2.385427742458528e-08,1266.0,ASK
125,1712300692.7330947,19235512.76658364,1189.0,-8.21642820915504e-10,1266.0,ASK
126,1712300692.735087,19236093.4032057,1189.0,-1.1344865191604582e-08,1266.0,ASK
127,1712300692.7733896,19236555.79633179,1189.0,-9.034544983390428e-09,1266.0,ASK
128,1712300692.8531184,19236788.54190333,1189.0,-4.547538051737721e-09,1266.0,ASK
129,1712300693.1731796,19237118.86955858,1189.0,-6.454161820860356e-09,1266.0,ASK
130,1712300693.2131164,19237570.0304565,1189.0,-8.815082225512468e-09,1266.0,ASK
131,1712300693.273179,19237862.19401846,1189.0,-5.708486337985514e-09,1266.0,ASK
132,1712300693.2930431,19238222.72079083,1189.0,-7.0442122923206115e-09,1266.0,ASK
133,1712300693.5332105,19238528.50672016,1189.0,-5.974649227991475e-09,1266.0,ASK
134,1712300695.5632987,19238888.89141304,1189.0,-7.04143624862944e-09,1266.0,ASK
135,1712300695.9231803,19239076.90421203,1189.0,-3.6735193368995214e-09,1266.0,ASK
136,1712300695.9483676,19239266.15973127,1189.0,-3.6978004330785725e-09,1266.0,ASK
137,1712300698.073123,19239270.36141194,1190.0,8.209523647741785e-11,1266.0,BID
138,1712300698.1331615,19239458.03283025,1189.0,-3.6668492136806642e-09,1266.0,ASK
139,1712300698.7931423,19239616.85714906,1189.0,-3.1032153632846874e-09,1266.0,ASK
140,1712300698.813138,19239735.03649813,1189.0,-2.30906686329467e-09,1266.0,ASK
141,1712300699.1731458,19239885.21053427,1189.0,-2.934200376923494e-09,1266.0,ASK
142,1712300699.2733543,19240115.61244061,1189.0,-4.501745959486071e-09,1266.0,ASK
143,1712300699.2810357,19240369.33506111,1189.0,-4.9574016110875694e-09,1266.0,ASK
144,1712300700.92371,19240737.24027623,1189.0,-7.188377222907848e-09,1266.0,ASK
145,1712300700.9250834,19240839.50663451,1189.0,-1.9981482467192483e-09,1266.0,ASK
146,1712300701.0444474,19240839.50663451,1189.0,-0.0,1266.0,ASK
147,1712300706.229361,19241379.24630915,1188.0,-1.055775458965453e-08,1266.0,ASK
148,1712300710.1233375,19241387.65673808,1189.0,1.6451494824212944e-10,1266.0,BID
149,1712300712.2357302,19243264.42673808,1188.0,-3.671117394598709e-08,1266.0,ASK
150,1712300712.2532344,19243855.62916915,1188.0,-1.1564408683196805e-08,1266.0,ASK
151,1712300713.1802962,19243880.86045594,1189.0,4.935448447263883e-10,1266.0,BID
152,1712300716.865871,19244256.65458091,1188.0,-7.35084399771756e-09,1266.0,ASK
153,1712300717.003076,19244860.19726935,1188.0,-1.1805794327048234e-08,1266.0,ASK
154,1712300717.066935,19245317.14000555,1188.0,-8.938177971746013e-09,1266.0,ASK
155,1712300717.1050596,19245455.13789469,1188.0,-2.6993528841324184e-09,1266.0,ASK
156,1712300717.113967,19245837.61594858,1188.0,-7.481587177378127e-09,1266.0,ASK
157,1712300717.1636877,19245921.79103275,1188.0,-1.6465342886352732e-09,1266.0,ASK
158,1712300717.1750708,19246386.68771306,1188.0,-9.093763699222574e-09,1266.0,ASK
159,1712300717.1831086,19246695.87834679,1188.0,-6.048024604667424e-09,1266.0,ASK
160,1712300717.193682,19246898.43689114,1188.0,-3.962212714312946e-09,1266.0,ASK
161,1712300717.2242036,19246905.17812851,1188.0,-1.3186418036339668e-10,1266.0,ASK
162,1712300717.234547,19250404.54010192,1188.0,-6.84504153976282e-08,1266.0,ASK
163,1712300717.2363207,19255335.25311697,1188.0,-9.644882600066865e-08,1266.0,ASK
164,1712300717.3152423,19255847.46748347,1188.0,-1.0019336789374898e-08,1266.0,ASK
165,1712300717.3334234,19255855.40346975,1188.0,-1.5523445748510278e-10,1266.0,ASK
166,1712300717.3357365,19255968.52806902,1188.0,-2.2128107553889007e-09,1266.0,ASK
167,1712300717.3380315,19256151.35439565,1188.0,-3.5762342102966486e-09,1266.0,ASK
168,1712300721.109583,19256159.39335942,1187.0,-1.5724878235254123e-10,1266.0,ASK
169,1712300721.1107028,19260853.36080756,1187.0,-9.181788684045569e-08,1266.0,ASK
170,1712300721.111796,19270757.06314227,1187.0,-1.9372461149681853e-07,1266.0,ASK
171,1712300731.0333552,19270757.06314227,1187.0,-0.0,1266.0,ASK
172,1712300735.2177825,19270976.25998578,1187.0,-4.284693976345259e-09,1266.0,ASK
173,1712300741.6934938,19270985.32782065,1187.0,-1.7725117221519635e-10,1266.0,ASK
174,1712300741.6959884,19271485.31998578,1187.0,-9.7734683760006e-09,1266.0,ASK
175,1712300746.1434083,19271485.32849432,1187.0,-1.663185128861645e-13,1266.0,ASK
176,1712300747.1734369,19271493.74214764,1187.0,1.644637263610148e-10,1266.0,BID
177,1712300750.283523,19271503.1121645,1186.0,-1.8315799699929766e-10,1266.0,ASK
178,1712300750.2855308,19271667.76073094,1186.0,-3.218425546399309e-09,1266.0,ASK
179,1712300750.3032513,19271672.81975286,1186.0,-9.888993107613948e-11,1266.0,ASK
180,1712300750.304497,19272664.9945147,1186.0,-1.93942812199614e-08,1266.0,ASK
181,1712300750.305599,19278037.78313963,1186.0,-1.050232051197958e-07,1266.0,ASK
182,1712300750.4234734,19278069.08181335,1186.0,-6.11802782401075e-10,1266.0,ASK
183,1712300750.4267373,19278219.05422723,1186.0,-2.931547225220544e-09,1266.0,ASK
184,1712300750.4633813,19278399.34942195,1186.0,-3.5242739923215193e-09,1266.0,ASK
185,1712300754.1734476,19278432.24018029,1186.0,-6.429236475036469e-10,1266.0,ASK
186,1712300754.1932175,19278600.64797302,1187.0,3.291908056351821e-09,1266.0,BID
187,1712300754.6532912,19278970.89973833,1186.0,-7.237401247047449e-09,1266.0,ASK
188,1712300754.7734878,19279013.05825435,1186.0,-8.240827593561975e-10,1266.0,ASK
189,1712300754.7765186,19284554.15588833,1186.0,-1.083131822275586e-07,1266.0,ASK
190,1712300754.8547008,19284657.00451923,1186.0,-2.010407185819468e-09,1266.0,ASK
191,1712300754.873319,19285416.01779197,1186.0,-1.4836616922117754e-08,1266.0,ASK
192,1712300754.9510777,19285481.29898927,1186.0,-1.276067430330932e-09,1266.0,ASK
193,1712300754.952387,19285536.29898927,1186.0,-1.0750983678727567e-09,1266.0,ASK
194,1712300754.9537947,19287164.83023511,1186.0,-3.18332960805661e-08,1266.0,ASK
195,1712300755.235514,19287387.73414358,1186.0,-4.3571568762045815e-09,1266.0,ASK
196,1712300755.493362,19287809.0729283,1186.0,-8.236011632195685e-09,1266.0,ASK
197,1712300755.6155894,19288229.13178804,1186.0,-8.210992627643305e-09,1266.0,ASK
198,1712300755.6532192,19288699.94586431,1186.0,-9.203117181206689e-09,1266.0,ASK
199,1712300755.7034354,19288868.57992839,1186.0,-3.2963310374976103e-09,1266.0,ASK
200,1712300755.7059855,19289309.48865107,1186.0,-8.618549966076302e-09,1266.0,ASK
201,1712300755.7634306,19289715.72170427,1186.0,-7.940736226749631e-09,1266.0,ASK
202,1712300755.771888,19289777.61467972,1186.0,-1.2098370343384143e-09,1266.0,ASK
203,1712300758.4551172,19290244.21528192,1186.0,-9.12075537948976e-09,1266.0,ASK
204,1712300760.214372,19290634.00788914,1186.0,-7.619370833326774e-09,1266.0,ASK
205,1712300760.693273,19290634.00788914,1186.0,-0.0,1266.0,ASK
206,1712300770.933575,19290667.72942499,1185.0,-6.588594381283784e-10,1266.0,ASK
207,1712300770.9394507,19290696.00538997,1185.0,-5.524625711400141e-10,1266.0,ASK
208,1712300771.393326,19290701.0686811,1185.0,-9.892779388696623e-11,1266.0,ASK
209,1712300771.3949358,19290725.9541507,1185.0,-4.862182609761201e-10,1266.0,ASK
210,1712300771.3963883,19290835.39178997,1185.0,-2.138218788123123e-09,1266.0,ASK
211,1712300773.3236537,19292325.68134899,1185.0,-2.9117634080013163e-08,1266.0,ASK
212,1712300773.3269465,19296677.2380715,1185.0,-8.50217567166418e-08,1266.0,ASK
213,1712300773.3321612,19301915.94483234,1185.0,-1.0235510648999996e-07,1266.0,ASK
214,1712300773.4433465,19302000.33301799,1185.0,-1.648796568130909e-09,1266.0,ASK
215,1712300773.4448953,19302813.02142932,1185.0,-1.5878500683906682e-08,1266.0,ASK
216,1712300773.4463727,19310159.58542258,1185.0,-1.4353892557738394e-07,1266.0,ASK
217,1712300776.2533977,19311003.46727912,1185.0,1.6487965682109734e-08,1266.0,BID
218,1712300779.723441,19311042.91746563,1184.0,-7.70787185766828e-10,1266.0,ASK
219,1712300779.725505,19311047.14128319,1184.0,-8.252595840333613e-11,1266.0,ASK
220,1712300783.0335665,19311093.08890073,1184.0,-8.97735548255595e-10,1266.0,ASK
221,1712300783.0363424,19311674.2610291,1184.0,-1.1355080137873797e-08,1266.0,ASK
222,1712300783.038804,19316106.80440464,1184.0,-8.660409332633955e-08,1266.0,ASK
223,1712300785.3235571,19317594.74730187,1184.0,-2.907178444030238e-08,1266.0,ASK
224,1712300790.684651,19317594.74730187,1184.0,-0.0,1266.0,ASK
225,1712300790.7435172,19318754.98380179,1184.0,-2.2654839800602897e-08,1266.0,ASK
226,1712300794.2154975,19322977.95677476,1184.0,-8.245799558234713e-08,1266.0,ASK
227,1712300796.3076968,19323075.23525047,1184.0,-1.8994647068861787e-09,1266.0,ASK
228,1712300796.5253208,19323410.44740646,1184.0,-6.5453704427463315e-09,1266.0,ASK
229,1712300796.9233975,19323418.8933524,1184.0,-1.6491599106649488e-10,1266.0,ASK
230,1712300796.9250846,19323603.35281186,1184.0,-3.601765247074456e-09,1266.0,ASK
231,1712300796.9332578,19325099.63659565,1184.0,-2.921651699487064e-08,1266.0,ASK
232,1712300797.6374123,19325184.0960551,1184.0,-1.6491599114650915e-09,1266.0,ASK
233,1712300797.6431608,19325266.20054167,1184.0,-1.603176585356682e-09,1266.0,ASK
234,1712300797.6472228,19325989.33101984,1184.0,-1.41198842985824e-08,1266.0,ASK
235,1712300798.6536903,19326868.21517518,1184.0,-1.7161138909085848e-08,1266.0,ASK
236,1712300798.656556,19327290.86944398,1183.0,-8.252769802798157e-09,1266.0,ASK
237,1712300798.659366,19351666.27990674,1183.0,-4.759555652193318e-07,1266.0,ASK
238,1712300798.6618545,19351993.7550368,1183.0,-6.394296861680444e-09,1266.0,ASK
239,1712300802.4290977,19352093.7550368,1184.0,-1.9526053353911435e-09,1266.0,ASK
240,1712300803.5537205,19352116.57767193,1184.0,-4.4563599120754524e-10,1266.0,ASK
241,1712300803.5590353,19352199.57538558,1184.0,-1.6206177850120103e-09,1266.0,ASK
242,1712300805.0197582,19352961.17226652,1184.0,-1.4870981331384672e-08,1266.0,ASK
243,1712300805.024119,19352969.21473273,1184.0,-1.57037624281052e-10,1266.0,ASK
244,1712300806.423567,19352976.95669906,1183.0,-1.5117004761429538e-10,1266.0,ASK
245,1712300806.4258606,19353085.58892317,1183.0,-2.1211586039796033e-09,1266.0,ASK
246,1712300808.4737086,19353246.90866436,1183.0,-3.149937873504967e-09,1266.0,ASK
247,1712300808.476613,19353415.97037188,1183.0,-3.301107921119263e-09,1266.0,ASK
248,1712300808.47951,19353762.08070237,1183.0,-6.758168779459011e-09,1266.0,ASK
249,1712300808.482385,19366226.10388869,1183.0,-2.433731817405185e-07,1266.0,ASK
250,1712300808.7134943,19366648.75815749,1183.0,8.252769802870896e-09,1266.0,BID
251,1712300808.8998055,19368136.47076779,1183.0,2.9049155803944223e-08,1266.0,BID
252,1712300813.5735214,19368472.0872513,1183.0,6.553265363532166e-09,1266.0,BID
253,1712300819.9157145,19368672.0872513,1183.0,3.905210670782287e-09,1266.0,BID
254,1712300820.933689,19368772.0872513,1182.0,-1.9526053353911435e-09,1266.0,ASK
255,1712300820.9401667,19368879.0872513,1182.0,-2.0892877088685235e-09,1266.0,ASK
256,1712300820.9430058,19374746.25021874,1182.0,-1.1456253713832173e-07,1266.0,ASK
257,1712300820.953557,19375092.23646625,1182.0,-6.75574592859436e-09,1266.0,ASK
258,1712300821.033548,19375092.23646625,1182.0,-0.0,1266.0,ASK
259,1712300825.2940145,19375292.23646625,1183.0,3.900030542081713e-09,1266.0,BID
260,1712300825.6939197,19375388.33539679,1182.0,-1.8739438207921076e-09,1266.0,ASK
261,1712300831.513499,19375397.18495432,1182.0,-1.7256772325717688e-10,1266.0,ASK
262,1712300832.4589622,19376332.86583237,1183.0,1.8245920010196365e-08,1266.0,BID
263,1712300832.73353,19377169.08810161,1183.0,1.6306461950039342e-08,1266.0,BID
264,1712300832.9835815,19377834.42125159,1183.0,1.297409802792186e-08,1266.0,BID
265,1712300833.003546,19378593.43451433,1183.0,1.4800874532607537e-08,1266.0,BID
266,1712300833.123317,19379419.48223686,1183.0,1.610805673541279e-08,1266.0,BID
267,1712300833.5659156,19388795.94721576,1183.0,1.8284249897234408e-07,1266.0,BID
268,1712300833.6437228,19389554.96048851,1183.0,1.4800874727873882e-08,1266.0,BID
269,1712300833.6637504,19390725.83363524,1183.0,2.2832205165779043e-08,1266.0,BID
270,1712300833.7236812,19391947.51828927,1183.0,2.382303731756616e-08,1266.0,BID
271,1712300838.321695,19392088.45779407,1183.0,-2.748341866500144e-09,1266.0,ASK
272,1712300838.343401,19392241.68213927,1183.0,-2.987898130347751e-09,1266.0,ASK
273,1712300839.0436168,19392986.8020163,1183.0,-1.4529951389630452e-08,1266.0,ASK
274,1712300839.7236524,19393392.15345152,1183.0,-7.904414888207052e-09,1266.0,ASK
275,1712300840.4036224,19393398.04365422,1184.0,1.1485985209390671e-10,1266.0,BID
276,1712300846.5542614,19393599.45672713,1183.0,-3.927585679620771e-09,1266.0,ASK
277,1712300846.7536893,19393850.69029945,1183.0,-4.8990930262775424e-09,1266.0,ASK
278,1712300847.8337655,19394675.31224037,1185.0,1.6080253776259712e-08,1266.0,BID
279,1712300848.1135678,19395141.76814468,1183.0,-9.095961366691502e-09,1266.0,ASK
280,1712300849.683875,19395272.91644163,1185.0,2.557411818278838e-09,1266.0,BID
281,1712300849.6870935,19395985.65000122,1185.0,1.3898413253834826e-08,1266.0,BID
282,1712300850.4083674,19396823.87296852,1183.0,-1.6345475867732802e-08,1266.0,ASK
283,1712300850.5451665,19397327.65073024,1183.0,-9.823743285650177e-09,1266.0,ASK
284,1712300850.7480512,19399071.8800526,1183.0,-3.4012738147972286e-08,1266.0,ASK
285,1712300850.7536242,19406237.35157096,1183.0,-1.3972778885010465e-07,1266.0,ASK
286,1712300850.7561111,19406245.66115675,1183.0,-1.6203819188632435e-10,1266.0,ASK
287,1712300851.04376,19406245.66115675,1183.0,-0.0,1266.0,ASK
288,1712300851.2137663,19406386.13145271,1183.0,-2.737224892582677e-09,1266.0,ASK
289,1712300851.7336934,19407230.01330925,1185.0,1.6444006246081253e-08,1266.0,BID
290,1712300853.9239469,19408920.63038448,1183.0,-3.29436135274718e-08,1266.0,ASK
291,1712300853.92546,19409897.08721904,1183.0,-1.90273818095384e-08,1266.0,ASK
292,1712300853.926916,19410363.07738541,1183.0,-9.080353069559976e-09,1266.0,ASK
293,1712300855.123446,19411206.95924195,1183.0,1.6444006246008656e-08,1266.0,BID
294,1712300857.4135582,19412052.26777956,1183.0,1.647180676366331e-08,1266.0,BID
295,1712300858.033559,19412124.53327956,1182.0,-1.408176185078807e-09,1266.0,ASK
296,1712300859.583646,19425218.15351131,1182.0,-2.551442138559575e-07,1266.0,ASK
297,1712300859.5940716,19445471.96061791,1182.0,-3.946686707219595e-07,1266.0,ASK
298,1712300859.596631,19445571.96061791,1182.0,-1.9486147401560182e-09,1266.0,ASK
299,1712300859.5991676,19451852.29843406,1182.0,-1.2237958841707193e-07,1266.0,ASK
300,1712300859.6016843,19468221.17173556,1182.0,-3.189662779504647e-07,1266.0,ASK
301,1712300859.6042075,19468231.17173556,1181.0,-1.9486147401560184e-10,1266.0,ASK
302,1712300859.60672,19468235.40270002,1182.0,-8.244519710816738e-11,1266.0,ASK
303,1712300859.609254,19468443.21811068,1181.0,-4.0495217244841164e-09,1266.0,ASK
304,1712300859.6117966,19468451.88142709,1182.0,-1.6881466055229514e-10,1266.0,ASK
305,1712300859.6139708,19473377.8411452,1181.0,-9.59879771612038e-08,1266.0,ASK
306,1712300863.643793,19473746.75993309,1182.0,-7.188805880086119e-09,1266.0,ASK
307,1712300867.093722,19474207.52193787,1182.0,-8.978476342138376e-09,1266.0,ASK
308,1712300867.0970137,19480650.6381529,1181.0,-1.255515122914882e-07,1266.0,ASK
309,1712300867.1002667,19481225.42433147,1182.0,-1.1200368199999204e-08,1266.0,ASK
310,1712300870.0237775,19482350.24601538,1182.0,2.1918441133136413e-08,1266.0,BID
311,1712300870.0835965,19482917.4717088,1182.0,1.1053043471926038e-08,1266.0,BID
312,1712300870.3242502,19483219.01303621,1182.0,-5.875878753562589e-09,1266.0,ASK
313,1712300870.3286643,19484338.33188904,1181.0,-2.1811212155603847e-08,1266.0,ASK
314,1712300875.863856,19484394.85185519,1182.0,-1.101356391488002e-09,1266.0,ASK
315,1712300875.86737,19484815.16825838,1182.0,-8.190347387883884e-09,1266.0,ASK
316,1712300877.7738523,19485151.09104058,1182.0,-6.5458408495171185e-09,1266.0,ASK
317,1712300878.9138117,19485851.09104058,1182.0,-1.3640303181092133e-08,1266.0,ASK
318,1712300879.5136251,19485871.49468738,1182.0,-3.9758846901457837e-10,1266.0,ASK
319,1712300880.5268064,19486378.67896506,1183.0,9.883067594621852e-09,1266.0,BID
320,1712300880.6735418,19486378.67896506,1183.0,0.0,1266.0,BID
321,1712300885.4238284,19486782.33669626,1182.0,-7.851243934137817e-09,1266.0,ASK
322,1712300885.4273796,19496378.67896506,1182.0,-1.866512597282681e-07,1266.0,ASK
323,1712300889.694009,19496395.59943883,1182.0,-3.2910745120088833e-10,1266.0,ASK
324,1712300889.698258,19497234.25238012,1182.0,-1.6312009678480197e-08,1266.0,ASK
325,1712300889.702001,19501608.93644248,1182.0,-8.508870028606543e-08,1266.0,ASK
326,1712300894.3736875,19501708.93644248,1182.0,-1.9450250366240593e-09,1266.0,ASK
327,1712300894.3771026,19502701.02031591,1182.0,-1.9296279722564668e-08,1266.0,ASK
328,1712300895.533601,19504076.0687438,1182.0,-2.6745036188112763e-08,1266.0,ASK
329,1712300895.8538256,19504920.95483836,1183.0,1.643324607019992e-08,1266.0,BID
330,1712300899.0738475,19504996.43514267,1183.0,1.4681108165152119e-09,1266.0,BID
331,1712300903.063589,19505004.88822804,1183.0,1.644146268207427e-10,1266.0,BID
332,1712300904.8936806,19505704.88822804,1182.0,-1.3615175256368416e-08,1266.0,ASK
333,1712300908.8480525,19506925.33383025,1182.0,-2.3737972521330186e-08,1266.0,ASK
334,1712300908.8601418,19507390.64685901,1182.0,-9.050454908060658e-09,1266.0,ASK
335,1712300908.8631966,19509433.32027008,1182.0,-3.9730509261799493e-08,1266.0,ASK
336,1712300909.3741496,19509937.06927841,1182.0,-9.79804433379208e-09,1266.0,ASK
337,1712300909.3794746,19511160.28010972,1182.0,-2.3791756919616002e-08,1266.0,ASK
338,1712300910.137192,19511583.29195405,1183.0,8.227686280167124e-09,1266.0,BID
339,1712300910.7240057,19511583.29195405,1183.0,0.0,1266.0,BID
340,1712300911.5437734,19511783.29195405,1183.0,3.887797152009457e-09,1266.0,BID
341,1712300919.473908,19511888.56524956,1182.0,-2.046406092270615e-09,1266.0,ASK
342,1712300924.2338128,19512576.0894635,1182.0,-1.3364773404465521e-08,1266.0,ASK
343,1712300925.1340256,19532681.32097045,1182.0,-3.908253089660775e-07,1266.0,ASK
344,1712300925.137642,19534159.24148214,1182.0,-2.8729275781204988e-08,1266.0,ASK
345,1712300925.1411772,19534389.40741734,1182.0,-4.474192336795085e-09,1266.0,ASK
346,1712300925.2337244,19534439.05053118,1182.0,9.650117830273851e-10,1266.0,BID
347,1712300929.453801,19542899.28741781,1182.0,1.6445842436586032e-07,1266.0,BID
348,1712300932.4840832,19543777.00558981,1181.0,-1.7061951046820542e-08,1266.0,ASK
349,1712300932.4879217,19559470.30070576,1181.0,-3.050617402871999e-07,1266.0,ASK
350,1712300934.893788,19559512.60189019,1182.0,8.22292121781869e-10,1266.0,BID
351,1712300935.855654,19560682.15465136,1182.0,2.273491946995489e-08,1266.0,BID
352,1712300936.9237933,19569142.39153799,1182.0,1.6445842436586032e-07,1266.0,BID
353,1712300937.6838582,19571664.81345881,1181.0,-4.9033323799671934e-08,1266.0,ASK
354,1712300940.7139516,19571699.21642539,1182.0,6.687587774045659e-10,1266.0,BID
355,1712300940.8136728,19572613.60912245,1182.0,1.7774866617286122e-08,1266.0,BID
356,1712300941.003862,19572613.60912245,1182.0,0.0,1266.0,BID
357,1712300942.4811614,19572913.84029842,1182.0,-5.828019143196336e-09,1266.0,ASK
358,1712300942.485683,19572920.05182848,1182.0,-1.2057680545251373e-10,1266.0,ASK
359,1712300948.1440344,19573765.36036609,1183.0,1.6408936624173984e-08,1266.0,BID
360,1712300950.6738634,19576636.58302661,1183.0,5.57355197234448e-08,1266.0,BID
361,1712300965.5782764,19576890.17558789,1183.0,4.922680987165417e-09,1266.0,BID
362,1712300965.7939649,19576975.6090621,1183.0,1.658415124856126e-09,1266.0,BID
363,1712300970.5638194,19577167.62869777,1182.0,-3.727441392243837e-09,1266.0,ASK
364,1712300971.0468173,19577167.62869777,1182.0,-0.0,1266.0,ASK
365,1712300971.2140124,19577244.51458111,1183.0,1.492335186829147e-09,1266.0,BID
366,1712300971.3138478,19577286.78000799,1183.0,8.20361046491811e-10,1266.0,BID
367,1712300974.1241176,19578132.0885456,1183.0,1.6407220930920824e-08,1266.0,BID
368,1712300976.0339744,19578201.34057605,1183.0,1.3441640689783579e-09,1266.0,BID
369,1712300976.113986,19578865.34301224,1183.0,1.2888116213766185e-08,1266.0,BID
370,1712300979.4453554,19579127.66652392,1182.0,-5.09163177700595e-09,1266.0,ASK
371,1712300979.6463246,19579232.84880492,1182.0,-2.041560975234665e-09,1266.0,ASK
372,1712300981.3159604,19579382.48799796,1182.0,-2.904458184053289e-09,1266.0,ASK
373,1712300981.5347404,19579444.75274859,1183.0,1.2085427679148323e-09,1266.0,BID
374,1712300981.9539857,19579592.52239183,1182.0,-2.868170704109214e-09,1266.0,ASK
375,1712300982.033902,19579740.91061071,1182.0,-2.880177097913056e-09,1266.0,ASK
376,1712300988.10401,19579796.99318262,1183.0,1.0885482717117292e-09,1266.0,BID
377,1712300988.1639757,19580181.1099343,1182.0,-7.455607186822579e-09,1266.0,ASK
378,1712300989.823884,19580468.8154577,1182.0,-5.584290085157484e-09,1266.0,ASK
379,1712300993.6242936,19580511.11664213,1182.0,-8.21055091307452e-10,1266.0,ASK
380,1712300993.6290252,19582791.47768934,1182.0,-4.426122041722041e-08,1266.0,ASK
381,1712300993.6336856,19598806.08350265,1182.0,-3.108393728547516e-07,1266.0,ASK
382,1712300994.4040082,19598856.55033852,1182.0,9.79548282054704e-10,1266.0,BID
383,1712300996.0941124,19599702.57402718,1182.0,1.6421101828462866e-08,1266.0,BID
384,1712300996.1539457,19599719.49450095,1182.0,3.2842203649405813e-10,1266.0,BID
385,1712300997.174028,19599756.55033852,1182.0,7.19244260248814e-10,1266.0,BID
386,1712300997.178774,19600064.82716125,1182.0,5.983573705106833e-09,1266.0,BID
387,1712301000.405912,19600110.24475854,1182.0,8.81543862072474e-10,1266.0,BID
388,1712301000.445135,19600118.70499542,1182.0,1.6421101817472208e-10,1266.0,BID
389,1712301000.8140793,19600118.70499542,1182.0,0.0,1266.0,BID
390,1712301005.4464955,19600457.15373852,1181.0,-6.5983145645154125e-09,1266.0,ASK
391,1712301005.7476983,19600498.02734258,1182.0,7.96861865985814e-10,1266.0,BID
392,1712301006.4572012,19601085.27534258,1182.0,1.1448844501164696e-08,1266.0,BID
393,1712301007.274074,19601265.12704109,1182.0,3.506345069743084e-09,1266.0,BID
394,1712301007.7139454,19602111.15072975,1182.0,1.6493872530455436e-08,1266.0,BID
395,1712301008.1940956,19602442.78088691,1182.0,6.465381067693698e-09,1266.0,BID
396,1712301008.1980844,19606341.26917306,1182.0,7.6003981584874e-08,1266.0,BID
397,1712301009.884086,19606594.82259939,1182.0,4.9432160701788545e-09,1266.0,BID
398,1712301010.425127,19607577.05411283,1182.0,1.914934722899264e-08,1266.0,BID
399,1712301012.5774467,19608453.12293779,1182.0,-1.7079625216792747e-08,1266.0,ASK
400,1712301015.0441434,19608489.93826378,1182.0,7.17742661572432e-10,1266.0,BID
401,1712301015.344424,19608532.23944821,1182.0,8.24693626406568e-10,1266.0,BID
402,1712301015.7839327,19608557.62015886,1182.0,4.94816175727737e-10,1266.0,BID
403,1712301016.6840346,19608804.04703528,1182.0,4.804278582583484e-09,1266.0,BID
404,1712301016.6995313,19609065.56982045,1182.0,5.098584756190264e-09,1266.0,BID
405,1712301017.2340112,19609844.49169622,1182.0,1.5185671869915654e-08,1266.0,BID
406,1712301017.4940498,19610690.51538488,1182.0,1.6493872530455436e-08,1266.0,BID
407,1712301017.7740486,19611590.51538488,1182.0,1.754618159798582e-08,1266.0,BID
408,1712301018.3340406,19612097.69966256,1181.0,-9.887941599791705e-09,1266.0,ASK
409,1712301019.7041552,19612140.00084699,1182.0,8.246936264791952e-10,1266.0,BID
410,1712301019.9041078,19613365.76698253,1182.0,2.389723912315964e-08,1266.0,BID
411,1712301020.0040247,19613448.51888608,1182.0,1.613311030274329e-09,1266.0,BID
412,1712301024.4834676,19622661.91263334,1182.0,1.796220886924641e-07,1266.0,BID
413,1712301025.104287,19623789.64302001,1182.0,-2.1985957953433893e-08,1266.0,ASK
414,1712301030.697322,19623789.64302001,1182.0,-0.0,1266.0,ASK
415,1712301031.0241427,19625509.44264123,1183.0,3.351051755183347e-08,1266.0,BID
416,1712301031.726023,19625639.89732806,1183.0,-2.541926407507082e-09,1266.0,ASK
417,1712301032.836872,19625887.36593066,1183.0,-4.821957656401343e-09,1266.0,ASK
418,1712301033.5142713,19626255.80358564,1183.0,-7.179055252501585e-09,1266.0,ASK
419,1712301033.7941802,19626259.25690284,1183.0,-6.728833125569565e-11,1266.0,ASK
420,1712301033.7992775,19627340.17037678,1183.0,-2.1061738526779623e-08,1266.0,ASK
421,1712301036.364046,19627424.57918588,1183.0,1.6447165378786781e-09,1266.0,BID
422,1712301036.6440744,19627471.11154628,1183.0,9.066890472058051e-10,1266.0,BID
423,1712301036.8041682,19628741.70617288,1183.0,2.475770026379621e-08,1266.0,BID
424,1712301041.4240432,19628776.56035715,1183.0,6.79138278275124e-10,1266.0,BID
425,1712301042.60967,19629114.0999559,1183.0,6.577002639649124e-09,1266.0,BID
426,1712301043.2541032,19629907.65116687,1182.0,-1.5462447749965966e-08,1266.0,ASK
427,1712301043.854148,19630752.95970448,1183.0,1.6470945938600708e-08,1266.0,BID
428,1712301044.7741578,19631545.71801678,1183.0,1.5446998017064136e-08,1266.0,BID
429,1712301045.1140213,19632158.60108455,1183.0,1.1942105665269526e-08,1266.0,BID
430,1712301045.1961184,19632427.32089661,1182.0,-5.236040215106505e-09,1266.0,ASK
431,1712301045.294028,19632696.73052136,1182.0,-5.24948130431618e-09,1266.0,ASK
432,1712301047.6441412,19632956.26446237,1183.0,-5.057052332306472e-09,1266.0,ASK
433,1712301048.06411,19633050.39206237,1183.0,-1.8340884327307803e-09,1266.0,ASK
434,1712301048.554171,19633320.46627968,1183.0,-5.262430976190473e-09,1266.0,ASK
435,1712301048.6540132,19633589.87590443,1183.0,-5.24948130431618e-09,1266.0,ASK
436,1712301048.7540576,19633803.67366648,1183.0,-4.165876983209594e-09,1266.0,ASK
437,1712301049.2974942,19634248.56450371,1183.0,-8.668755374587908e-09,1266.0,ASK
438,1712301049.3139982,19634382.07599819,1183.0,-2.601488699003277e-09,1266.0,ASK
439,1712301049.3171391,19634691.22424131,1183.0,-6.023793411348786e-09,1266.0,ASK
440,1712301049.474073,19635269.56741434,1183.0,-1.12690913590948e-08,1266.0,ASK
441,1712301049.4978333,19635591.42793077,1183.0,-6.2714936972728945e-09,1266.0,ASK
442,1712301049.502104,19635911.67433691,1183.0,-6.240042550031577e-09,1266.0,ASK
443,1712301050.644266,19636121.161939,1183.0,-4.081892960131064e-09,1266.0,ASK
444,1712301052.2733395,19637897.85332742,1183.0,-3.4619060977426847e-08,1266.0,ASK
445,1712301052.2753975,19644335.20679075,1183.0,-1.254326629445408e-07,1266.0,ASK
446,1712301056.024178,19644339.42966711,1184.0,8.228329086660126e-11,1266.0,BID
447,1712301056.584084,19646222.87966711,1183.0,-3.66992663007534e-08,1266.0,ASK
448,1712301056.7040424,19646316.76826711,1183.0,-1.829431486887741e-09,1266.0,ASK
449,1712301059.9351127,19646569.96430422,1184.0,4.933557456899228e-09,1266.0,BID
450,1712301061.0440805,19646569.96430422,1184.0,0.0,1266.0,BID
451,1712301061.8043272,19652594.3299743,1183.0,-1.1732393732429473e-07,1266.0,ASK
452,1712301061.808747,19653614.3299743,1182.0,-1.986440110451779e-08,1266.0,ASK
453,1712301061.8130555,19660043.54309278,1183.0,-1.2520830212930165e-07,1266.0,ASK
454,1712301061.8158417,19660889.14398099,1182.0,-1.6467995311534685e-08,1266.0,ASK
455,1712301061.81803,19669432.64602635,1181.0,-1.6638387398655738e-07,1266.0,ASK
456,1712301061.8200035,19673645.11878817,1183.0,-8.203749861045904e-08,1266.0,ASK
457,1712301061.8219955,19673792.71481185,1182.0,-2.8744182507717487e-09,1266.0,ASK
458,1712301061.824118,19673844.98742385,1183.0,-1.0180040504995396e-09,1266.0,ASK
459,1712301061.826182,19699882.99542021,1182.0,-5.070876811787945e-07,1266.0,ASK
460,1712301064.3541155,19700120.10552021,1182.0,-4.6176962081903035e-09,1266.0,ASK
461,1712301072.5103428,19700732.37673033,1183.0,-1.1923922453485152e-08,1266.0,ASK
462,1712301072.5130785,19701117.42389306,1183.0,-7.498756161402113e-09,1266.0,ASK
463,1712301076.3762517,19701133.47119035,1184.0,3.1251955879113336e-10,1266.0,BID
464,1712301082.9441752,19701213.35776733,1184.0,1.555783341181037e-09,1266.0,BID
465,1712301087.0044007,19701365.46123331,1183.0,-2.962200252597533e-09,1266.0,ASK
466,1712301091.0543869,19701365.46123331,1183.0,-0.0,1266.0,ASK
467,1712301094.7942264,19701433.62813331,1183.0,-1.325871127126182e-09,1266.0,ASK
468,1712301094.998657,19701438.11659853,1184.0,8.730228960235306e-11,1266.0,BID
469,1712301101.98465,19701443.18416609,1184.0,9.856604171435471e-11,1266.0,BID
470,1712301103.7043695,19701890.87300322,1184.0,8.707711559518381e-09,1266.0,BID
471,1712301103.7090526,19702287.77876068,1184.0,7.7199620934029e-09,1266.0,BID
472,1712301111.2342017,19702308.22886068,1183.0,-3.977619216804378e-10,1266.0,ASK
473,1712301111.9944832,19702432.90811242,1183.0,-2.425057029751774e-09,1266.0,ASK
474,1712301111.9981656,19702525.95783229,1183.0,-1.809851070930625e-09,1266.0,ASK
475,1712301118.704117,19703370.55242688,1184.0,1.6427673652848826e-08,1266.0,BID
476,1712301120.674204,19703370.55242688,1184.0,0.0,1266.0,BID
477,1712301123.9279065,19704792.63857552,1184.0,2.765881851228279e-08,1266.0,BID
478,1712301126.174238,19705992.39933703,1184.0,2.33347080923809e-08,1266.0,BID
479,1712301126.214439,19707196.6196424,1184.0,2.342144384627748e-08,1266.0,BID
480,1712301126.2190146,19708341.25645889,1184.0,2.2262576708182386e-08,1266.0,BID
481,1712301126.2235088,19709169.89673697,1184.0,1.6116612263771982e-08,1266.0,BID
482,1712301126.9342754,19710165.37703736,1184.0,1.9361561876834568e-08,1266.0,BID
483,1712301128.4290352,19710587.2522484,1184.0,8.205248260146065e-09,1266.0,BID
484,1712301129.7553802,19710687.2522484,1184.0,1.9449467628030202e-09,1266.0,BID
485,1712301132.4443538,19711100.45286712,1183.0,-8.036532057706734e-09,1266.0,ASK
486,1712301134.304297,19711525.6826887,1183.0,-8.270493649247916e-09,1266.0,ASK
487,1712301134.314665,19715731.03354452,1183.0,-8.179183533485034e-08,1266.0,ASK
488,1712301134.7142437,19715738.12391614,1184.0,1.3790395329214363e-10,1266.0,BID
489,1712301138.9317982,19715838.12391614,1183.0,-1.9449467628030202e-09,1266.0,ASK
490,1712301141.7743697,19715952.67336668,1183.0,-2.227925830067948e-09,1266.0,ASK
491,1712301141.784231,19716332.69739324,1183.0,-7.391265002409681e-09,1266.0,ASK
492,1712301147.8460715,19716336.9202696,1184.0,8.213269710966775e-11,1266.0,BID
493,1712301148.5043223,19716520.66858041,1184.0,3.573806822767224e-09,1266.0,BID
494,1712301150.725936,19716520.66858041,1184.0,0.0,1266.0,BID
495,1712301150.754259,19719470.59473597,1183.0,-5.735713049318694e-08,1266.0,ASK
496,1712301150.914769,19720439.76999017,1184.0,1.884423832817933e-08,1266.0,BID
497,1712301150.9171782,19726981.33767531,1184.0,1.2719150634993512e-07,1266.0,BID
498,1712301152.424376,19727823.78469504,1184.0,1.6380187535598893e-08,1266.0,BID
499,1712301152.4642928,19727829.10162916,1184.0,1.0338024345612547e-10,1266.0,BID
500,1712301155.634479,19727835.18271024,1184.0,1.1823799740058671e-10,1266.0,BID
501,1712301158.2845094,19729524.37189942,1184.0,3.284388816604898e-08,1266.0,BID
502,1712301161.7359986,19730239.02808484,1184.0,1.3895475996157816e-08,1266.0,BID
503,1712301164.9143636,19730345.76763688,1184.0,2.07539921078501e-09,1266.0,BID
504,1712301164.9193149,19737652.38342514,1184.0,1.42066781719562e-07,1266.0,BID
505,1712301166.9173317,19737999.23512274,1184.0,-6.744039352853186e-09,1266.0,ASK
506,1712301168.524247,19738003.45445047,1185.0,8.203884382016387e-11,1266.0,BID
507,1712301172.494146,19738047.8606108,1185.0,8.63414810597417e-10,1266.0,BID
508,1712301172.6142588,19738863.73565356,1185.0,1.5863533127925555e-08,1266.0,BID
509,1712301172.6205778,19740120.75672315,1185.0,2.4440991983909207e-08,1266.0,BID
510,1712301172.7540174,19740264.52391596,1184.0,-2.7953491727734838e-09,1266.0,ASK
511,1712301176.2138622,19740268.74679232,1185.0,8.210784188969827e-11,1266.0,BID
512,1712301180.3237834,19741683.64946756,1185.0,2.7510775897226613e-08,1266.0,BID
513,1712301181.0037203,19741683.64946756,1185.0,0.0,1266.0,BID
514,1712301183.1761312,19741772.93815654,1185.0,1.735086802955814e-09,1266.0,BID
515,1712301184.883702,19741815.13224936,1185.0,8.199293152000663e-10,1266.0,BID
516,1712301186.4536445,19746038.10522233,1185.0,8.20621823249957e-08,1266.0,BID
517,1712301188.5331874,19746468.63320158,1184.0,-8.366159517344957e-09,1266.0,ASK
518,1712301188.5381522,19747162.65389232,1184.0,-1.3486435462715053e-08,1266.0,ASK
519,1712301188.5421183,19755890.90476005,1184.0,-1.69610205575693e-07,1266.0,ASK
520,1712301188.884223,19755899.34357861,1185.0,1.6398586295314406e-10,1266.0,BID
521,1712301191.273453,19755903.56290634,1185.0,8.199134676407548e-11,1266.0,BID
522,1712301191.933408,19755945.75699916,1185.0,8.19929315272457e-10,1266.0,BID
523,1712301193.503374,19756030.50112498,1185.0,1.646775375684842e-09,1266.0,BID
524,1712301200.1834102,19756874.38298152,1185.0,1.6398586307620883e-08,1266.0,BID
525,1712301200.5433383,19756918.91296462,1184.0,-8.653210937965941e-10,1266.0,ASK
526,1712301200.5486789,19758534.59055662,1184.0,-3.139637169877616e-08,1266.0,ASK
527,1712301200.5531852,19767143.06964792,1184.0,-1.672827615171996e-07,1266.0,ASK
528,1712301200.556959,19768325.29217259,1184.0,-2.2973332055181186e-08,1266.0,ASK
529,1712301203.7931857,19768329.51150032,1185.0,8.199134683646651e-11,1266.0,BID
530,1712301211.0429387,19768329.51150032,1185.0,0.0,1266.0,BID
531,1712301215.7428253,19768374.04148342,1184.0,-8.64790831379573e-10,1266.0,ASK
532,1712301218.1129203,19768626.95300234,1185.0,4.911647108051383e-09,1266.0,BID
533,1712301226.7826247,19779324.20702544,1184.0,-2.077451316213597e-07,1266.0,ASK
534,1712301226.8225937,19779328.42016781,1185.0,8.182098086663558e-11,1266.0,BID
535,1712301230.3823538,19779336.85898637,1185.0,1.6388537361956588e-10,1266.0,BID
536,1712301230.4424052,19779736.85898637,1185.0,7.768166715413037e-09,1266.0,BID
537,1712301230.8674393,19788171.46025113,1185.0,1.6380347200672138e-07,1266.0,BID
538,1712301236.4823663,19789015.34210767,1185.0,1.6388537374255532e-08,1266.0,BID
539,1712301240.712202,19789015.34210767,1185.0,0.0,1266.0,BID
540,1712301241.1021233,19789099.64594731,1185.0,1.6364370231233483e-09,1266.0,BID
541,1712301245.3921835,19789141.84004013,1185.0,8.19037139193092e-10,1266.0,BID
542,1712301248.001941,19789184.03413295,1185.0,8.19037139265404e-10,1266.0,BID
543,1712301250.432041,19789184.11847898,1185.0,1.6372559859583465e-12,1266.0,BID
544,1712301250.437264,19792126.62865847,1185.0,5.711759534382952e-08,1266.0,BID
545,1712301266.6937711,19792130.85865004,1185.0,8.210912862552326e-11,1266.0,BID
546,1712301267.7213705,19792155.33324125,1185.0,4.750807003863832e-10,1266.0,BID
547,1712301269.371316,19792159.55967222,1186.0,8.204001319787425e-11,1266.0,BID
548,1712301270.2332802,19792356.7566189,1184.0,-3.827825467464694e-09,1266.0,ASK
549,1712301270.236138,19793526.30938007,1185.0,-2.270239940424132e-08,1266.0,ASK
550,1712301270.6727903,19793526.30938007,1185.0,-0.0,1266.0,ASK
551,1712301272.055584,19793530.53581104,1186.0,8.203150172044339e-11,1266.0,BID
552,1712301272.5213454,19793545.86549063,1186.0,2.975363010100487e-10,1266.0,BID
553,1712301272.901592,19793607.15575201,1186.0,1.1895928778111155e-09,1266.0,BID
554,1712301275.95135,19794776.70851318,1185.0,2.2700044078435978e-08,1266.0,BID
555,1712301275.9913442,19795836.71639965,1185.0,2.0573869384269643e-08,1266.0,BID
556,1712301289.380931,19795840.94283062,1186.0,8.203150164813862e-11,1266.0,BID
557,1712301300.8112135,19795840.94283062,1186.0,0.0,1266.0,BID
558,1712301305.2407634,19795883.10134664,1186.0,8.20172441368702e-10,1266.0,BID
559,1712301307.4905536,19795925.25986266,1186.0,8.20172441296228e-10,1266.0,BID
560,1712301309.580312,19796458.011549,1186.0,1.036441251835884e-08,1266.0,BID
561,1712301316.4204483,19796500.20564182,1185.0,-8.20864569841001e-10,1266.0,ASK
562,1712301316.4301512,19796542.39973464,1185.0,-8.20864569768528e-10,1266.0,ASK
563,1712301318.4501193,19796547.39973464,1185.0,9.727245153924016e-11,1266.0,BID
564,1712301326.2401428,19796680.63348991,1185.0,2.591994800615021e-09,1266.0,BID
565,1712301327.1900992,19796710.63348991,1185.0,5.836347092354411e-10,1266.0,BID
566,1712301329.240023,19797169.22201585,1184.0,-8.921606033184849e-09,1266.0,ASK
567,1712301330.6198268,19797211.41610867,1185.0,8.20864569841001e-10,1266.0,BID
568,1712301330.7502062,19797211.41610867,1185.0,0.0,1266.0,BID
569,1712301332.9900217,19797253.61020149,1185.0,8.208386334132277e-10,1266.0,BID
570,1712301337.3498054,19797353.51885127,1185.0,1.943610445802536e-09,1266.0,BID
571,1712301340.9396117,19797715.90239557,1185.0,7.049764396174955e-09,1266.0,BID
572,1712301343.6698112,19798017.46329238,1184.0,-5.8665281772624956e-09,1266.0,ASK
573,1712301343.6752005,19799546.60061476,1184.0,-2.9747647269733512e-08,1266.0,ASK
574,1712301343.680646,19803809.11158258,1184.0,-8.292235818079203e-08,1266.0,ASK
575,1712301343.7896404,19804262.59803541,1184.0,-8.822069046981291e-09,1266.0,ASK
576,1712301343.8025112,19806833.81636311,1184.0,-5.002016152926096e-08,1266.0,ASK
577,1712301343.8047757,19807011.32401657,1184.0,-3.453211811337398e-09,1266.0,ASK
578,1712301344.2197328,19807433.26494484,1185.0,8.20838633594406e-09,1266.0,BID
579,1712301344.4597883,19807554.64389586,1185.0,2.361291015581705e-09,1266.0,BID
580,1712301344.4650662,19807770.81768745,1185.0,4.2054180531010715e-09,1266.0,BID
581,1712301344.9797766,19808070.34387372,1185.0,5.8269451714757045e-09,1266.0,BID
582,1712301348.9094405,19808078.78269228,1185.0,1.6416772659567988e-10,1266.0,BID
583,1712301351.1480494,19808083.78269228,1184.0,9.72693780811364e-11,1266.0,BID
584,1712301351.729534,19809222.77231908,1184.0,2.215776252791657e-08,1266.0,BID
585,1712301360.689253,19809222.77231908,1184.0,0.0,1266.0,BID
586,1712301361.779214,19809518.38042718,1184.0,5.749132622487693e-09,1266.0,BID
587,1712301361.7900405,19809940.67772447,1184.0,8.213046603502096e-09,1266.0,BID
588,1712301361.7993245,19810362.97502176,1184.0,8.213046603574547e-09,1266.0,BID
589,1712301361.894755,19810438.98853527,1184.0,1.478348388579661e-09,1266.0,BID
590,1712301362.149212,19810861.28583256,1184.0,8.213046603574547e-09,1266.0,BID
591,1712301362.229294,19811199.12367039,1184.0,6.570437282801677e-09,1266.0,BID
592,1712301362.5093644,19811452.50204876,1184.0,4.927827962028807e-09,1266.0,BID
593,1712301362.689501,19811748.11015686,1184.0,5.749132622415242e-09,1266.0,BID
594,1712301362.7294428,19812170.40745415,1184.0,8.213046603574547e-09,1266.0,BID
595,1712301362.7349837,19812488.82396876,1185.0,6.192721787718785e-09,1266.0,BID
596,1712301362.740323,19812530.49063542,1184.0,8.10353931443142e-10,1266.0,BID
597,1712301362.7435958,19812592.43581858,1184.0,1.2047405451232007e-09,1266.0,BID
598,1712301364.6193008,19812596.66581015,1185.0,8.226696718379746e-11,1266.0,BID
599,1712301377.1526525,19812892.27688748,1184.0,-5.74919036949647e-09,1266.0,ASK
600,1712301377.3690872,19813113.17059254,1184.0,-4.2960499764515695e-09,1266.0,ASK
601,1712301377.3889544,19813134.29937083,1184.0,-4.1092292535470943e-10,1266.0,ASK
602,1712301383.3289137,19813387.6777492,1184.0,-4.927827962101258e-09,1266.0,ASK
603,1712301383.3343534,19814774.28076374,1184.0,-2.6967340904418683e-08,1266.0,ASK
604,1712301383.3888028,19815202.77195147,1184.0,8.333508446799132e-09,1266.0,BID
605,1712301383.668763,19815624.71287974,1185.0,8.206115762655536e-09,1266.0,BID
606,1712301383.9487476,19816046.65380801,1185.0,8.206115762655536e-09,1266.0,BID
607,1712301388.8289173,19816733.16351265,1185.0,1.3351580117121862e-08,1266.0,BID
608,1712301388.9089682,19817644.73988395,1185.0,1.7728787913707663e-08,1266.0,BID
609,1712301389.0187025,19817940.09853373,1185.0,5.744281033677746e-09,1266.0,BID
610,1712301389.278597,19818277.65127634,1185.0,6.564892609979526e-09,1266.0,BID
611,1712301389.2830586,19818699.59220461,1185.0,8.206115762727987e-09,1266.0,BID
612,1712301389.3486702,19818775.54157169,1185.0,1.4771008371113586e-09,1266.0,BID
613,1712301389.428686,19819214.36013709,1185.0,8.534360393132778e-09,1266.0,BID
614,1712301389.491266,19822911.84162709,1185.0,7.191044789537049e-08,1266.0,BID
615,1712301390.3717787,19823074.99489326,1184.0,-3.173085376503496e-09,1266.0,ASK
616,1712301390.3800447,19823159.45435271,1184.0,-1.6426093205555164e-09,1266.0,ASK
617,1712301390.6685588,19823159.45435271,1184.0,-0.0,1266.0,ASK
618,1712301390.9186935,19823201.64844553,1185.0,8.20348181696796e-10,1266.0,BID
619,1712301397.039615,19823243.84253835,1185.0,8.20348181624368e-10,1266.0,BID
620,1712301398.3885098,19823412.61890965,1185.0,3.281392727076898e-09,1266.0,BID
621,1712301408.8539307,19825244.53181536,1185.0,3.561651218788091e-08,1266.0,BID
622,1712301408.8565314,19826109.80820894,1185.0,1.6822921614695743e-08,1266.0,BID
623,1712301408.8590214,19827920.49316965,1185.0,3.5203793133685455e-08,1266.0,BID
624,1712301409.7283726,19827945.80962534,1185.0,4.922089089311644e-10,1266.0,BID
625,1712301411.2782826,19830837.87167004,1185.0,5.6228198809067735e-08,1266.0,BID
626,1712301413.038242,19831099.71315401,1186.0,5.0907880915115315e-09,1266.0,BID
627,1712301415.2082915,19831103.93248174,1186.0,8.203323259692241e-11,1266.0,BID
628,1712301421.0186672,19831103.93248174,1186.0,0.0,1266.0,BID
629,1712301421.7582395,19831365.77396571,1186.0,5.089856451573402e-09,1266.0,BID
630,1712301425.608184,19831375.76981095,1186.0,1.9430617566975048e-10,1266.0,BID
631,1712301427.19799,19831385.61719712,1186.0,1.9142032526559588e-10,1266.0,BID
632,1712301428.9178493,19831389.84362809,1186.0,8.215629784734158e-11,1266.0,BID
633,1712301435.3278587,19831431.96000666,1186.0,8.18687390329485e-10,1266.0,BID
634,1712301437.4078562,19832275.28871054,1186.0,1.6393208513619263e-08,1266.0,BID
635,1712301437.413468,19832473.07299148,1186.0,3.844668091191591e-09,1266.0,BID
636,1712301437.8279245,19832528.54533047,1186.0,1.078309816339548e-09,1266.0,BID
637,1712301437.927853,19832637.07045715,1187.0,2.1095867156734846e-09,1266.0,BID
638,1712301437.937971,19832727.23964907,1188.0,1.7527713189914363e-09,1266.0,BID
639,1712301437.9425552,19833055.16420978,1189.0,6.374425150902541e-09,1266.0,BID
640,1712301437.9471283,19833120.94572646,1189.0,1.278706765652563e-09,1266.0,BID
641,1712301437.9517655,19833273.2978809,1189.0,2.96152689184143e-09,1266.0,BID
642,1712301437.9778166,19834097.37332019,1189.0,1.6018950197143332e-08,1266.0,BID
643,1712301437.9845874,19834181.73239807,1190.0,1.639830290822175e-09,1266.0,BID
644,1712301439.957827,19834265.83668738,1189.0,-1.6348775337317255e-09,1266.0,ASK
645,1712301451.007484,19834265.83668738,1189.0,-0.0,1266.0,ASK
646,1712301451.41479,19834329.56155895,1188.0,1.2386378629062575e-09,1266.0,BID
647,1712301462.3473375,19834374.36181407,1188.0,8.70794885737108e-10,1266.0,BID
648,1712301463.6274529,19834539.56577594,1188.0,-3.2111148633714073e-09,1266.0,ASK
649,1712301464.0773008,19834737.34138418,1188.0,-3.844218916159184e-09,1266.0,ASK
650,1712301468.8072245,19835137.67264051,1188.0,-7.781348782070034e-09,1266.0,ASK
651,1712301468.937183,19835354.22287964,1188.0,-4.209146582670967e-09,1266.0,ASK
652,1712301470.43724,19835437.65652135,1189.0,1.621722651013336e-09,1266.0,BID
653,1712301470.4970758,19835441.86523886,1189.0,8.180600028974235e-11,1266.0,BID
654,1712301472.1702793,19835581.49893152,1188.0,-2.7140985050034872e-09,1266.0,ASK
655,1712301472.2271843,19836276.57194148,1188.0,-1.3510325346782721e-08,1266.0,ASK
656,1712301472.3473566,19836381.2738779,1188.0,-2.0351203473628812e-09,1266.0,ASK
657,1712301472.3669994,19838258.83782466,1188.0,-3.6494727052601294e-08,1266.0,ASK
658,1712301472.450079,19839017.8510874,1188.0,-1.4753149633435176e-08,1266.0,ASK
659,1712301472.4875948,19839397.24444734,1188.0,-7.374373128799165e-09,1266.0,ASK
660,1712301472.493009,19839421.07209884,1188.0,-4.6314461849496976e-10,1266.0,ASK
661,1712301472.4983883,19839666.06971075,1188.0,-4.762085994792295e-09,1266.0,ASK
662,1712301472.527191,19840127.58586238,1188.0,-8.970616427278334e-09,1266.0,ASK
663,1712301475.0971873,19840202.73518897,1188.0,1.4606981385543519e-09,1266.0,BID
664,1712301475.9247117,19840254.56543328,1188.0,1.0074387199612024e-09,1266.0,BID
665,1712301476.5471408,19840279.81795853,1188.0,4.908402816463308e-10,1266.0,BID
666,1712301479.6002476,19840347.44859826,1188.0,1.3145553532435258e-09,1266.0,BID
667,1712301480.7069478,19840347.44859826,1188.0,0.0,1266.0,BID
668,1712301483.6071904,19840408.31282384,1188.0,1.1828685833481283e-09,1266.0,BID
669,1712301485.8569455,19841033.63065816,1187.0,-1.2152768128762389e-08,1266.0,ASK
670,1712301485.8629274,19841233.63065816,1187.0,-3.886909172181371e-09,1266.0,ASK
671,1712301485.9419842,19844101.55609268,1187.0,-5.5736828382813056e-08,1266.0,ASK
672,1712301485.9473803,19844161.81093682,1187.0,-1.171025531785705e-09,1266.0,ASK
673,1712301486.4469504,19844166.52920135,1187.0,-9.169732841829855e-11,1266.0,ASK
674,1712301486.7070272,19844464.02633241,1187.0,5.781721637017108e-09,1266.0,BID
675,1712301486.7130375,19845008.9891845,1187.0,1.0591105541445311e-08,1266.0,BID
676,1712301488.686916,19845063.76393197,1187.0,1.064522341769159e-09,1266.0,BID
677,1712301493.270562,19845113.10462278,1187.0,9.589139183603056e-10,1266.0,BID
678,1712301494.0668542,19845296.73014931,1187.0,3.568678716557239e-09,1266.0,BID
679,1712301497.506642,19845560.94496873,1186.0,-5.1348950251517225e-09,1266.0,ASK
680,1712301498.186613,19845605.34909678,1187.0,8.62974062973493e-10,1266.0,BID
681,1712301503.8066502,19845645.3442907,1187.0,-7.772884304741122e-10,1266.0,ASK
682,1712301507.3566482,19845955.1435746,1187.0,6.020808390618348e-09,1266.0,BID
683,1712301508.4665258,19846083.76236145,1187.0,2.499647711592678e-09,1266.0,BID
684,1712301508.706535,19846848.3642268,1186.0,-1.4859690017502828e-08,1266.0,ASK
685,1712301508.8265953,19851648.76123606,1187.0,9.329353582704209e-08,1266.0,BID
686,1712301510.7170231,19851648.76123606,1187.0,0.0,1266.0,BID
687,1712301511.6817803,19851684.72121921,1187.0,6.986838025481551e-10,1266.0,BID
688,1712301513.369333,19851813.21131283,1187.0,2.4964958081667957e-09,1266.0,BID
689,1712301516.3365016,19851845.57348637,1187.0,6.287802297211782e-10,1266.0,BID
690,1712301520.9766288,19851918.3843541,1187.0,1.414677357289224e-09,1266.0,BID
691,1712301521.6163251,19851941.51535662,1187.0,4.4942336955153437e-10,1266.0,BID
692,1712301523.5963788,19852225.67909691,1186.0,-5.5211539387468204e-09,1266.0,ASK
693,1712301523.6962645,19852789.33104669,1186.0,-1.0951464741420928e-08,1266.0,ASK
694,1712301525.6661882,19852843.93003573,1187.0,1.060830009761079e-09,1266.0,BID
695,1712301526.49628,19852848.14582078,1187.0,8.191051477676132e-11,1266.0,BID
696,1712301530.306214,19852966.6036591,1186.0,-2.301574296351872e-09,1266.0,ASK
697,1712301530.347591,19853007.5461612,1187.0,7.954915588429511e-10,1266.0,BID
698,1712301530.426553,19853126.43025428,1186.0,-2.309856205040435e-09,1266.0,ASK
699,1712301530.4681878,19853930.56483399,1187.0,1.5623917384698222e-08,1266.0,BID
700,1712301535.0462198,19853961.29248997,1187.0,5.970224021245116e-10,1266.0,BID
701,1712301539.705958,19853978.19866072,1186.0,-3.2847812018520583e-10,1266.0,ASK
702,1712301539.7459517,19854001.21466745,1187.0,4.4718906108021127e-10,1266.0,BID
703,1712301539.9065833,19854208.20952311,1186.0,-4.0218025757178595e-09,1266.0,ASK
704,1712301540.0261536,19854228.79447251,1186.0,-3.9995487933602675e-10,1266.0,ASK
705,1712301540.0312052,19854628.79447251,1186.0,-7.771792323777396e-09,1266.0,ASK
706,1712301540.0360198,19867623.49064131,1186.0,-2.524801998362281e-07,1266.0,ASK
707,1712301541.047166,19867623.49064131,1186.0,-0.0,1266.0,ASK
708,1712301541.635953,19867648.78575092,1186.0,4.91289985326656e-10,1266.0,BID
709,1712301544.766102,19867666.05935968,1186.0,3.3549374263545147e-10,1266.0,BID
710,1712301549.545888,19867691.96534618,1186.0,5.03154638296153e-10,1266.0,BID
711,1712301554.095886,19867704.91222644,1186.0,2.5145859061690277e-10,1266.0,BID
712,1712301554.725889,19867713.351045,1185.0,-1.6390152530024184e-10,1266.0,ASK
713,1712301554.7318616,19868784.00891462,1185.0,-2.079467126823e-08,1266.0,ASK
714,1712301554.7367277,19869022.06087241,1185.0,-4.623523860859522e-09,1266.0,ASK
715,1712301556.2059002,19869092.68884956,1185.0,1.371759932729395e-09,1266.0,BID
716,1712301558.5759523,19869101.12055276,1185.0,1.6376332834574689e-10,1266.0,BID
717,1712301558.6359282,19869113.12190183,1185.0,2.3309417111722977e-10,1266.0,BID
718,1712301559.0357344,19869119.59196928,1185.0,1.2566379006662923e-10,1266.0,BID
719,1712301563.6958022,19869126.06636921,1185.0,1.2574793683613697e-10,1266.0,BID
720,1712301571.0455844,19869126.06636921,1185.0,0.0,1266.0,BID
721,1712301573.2655294,19871003.87636921,1185.0,3.647018562650311e-08,1266.0,BID
722,1712301573.3659708,19871425.81729748,1185.0,8.194792858370337e-09,1266.0,BID
723,1712301573.5267613,19871678.98185444,1185.0,4.9168757149498515e-09,1266.0,BID
724,1712301573.6593988,19871683.20548314,1185.0,8.202987666387393e-11,1266.0,BID
725,1712301573.6644182,19871765.23775286,1186.0,1.593202775598989e-09,1266.0,BID
726,1712301573.6693497,19872117.73119429,1185.0,6.8460074454602314e-09,1266.0,BID
727,1712301574.6955135,19872121.96092402,1184.0,-8.214836873281732e-11,1266.0,ASK
728,1712301575.5558116,19872126.18735499,1186.0,8.208430142355942e-11,1266.0,BID
729,1712301578.025452,19872130.41378596,1186.0,8.208430142355942e-11,1266.0,BID
730,1712301580.075554,19872138.84548916,1186.0,1.637576649415118e-10,1266.0,BID
731,1712301584.555415,19872306.11721911,1185.0,-3.248694511867554e-09,1266.0,ASK
732,1712301584.561905,19872568.17966636,1185.0,-5.089687506684387e-09,1266.0,ASK
733,1712301585.1753168,19872990.12059463,1185.0,8.194792858370337e-09,1266.0,BID
734,1712301585.4967446,19873243.28515159,1185.0,4.916875715022202e-09,1266.0,BID
735,1712301585.9756775,19873299.15772542,1185.0,1.085138080537884e-09,1266.0,BID
736,1712301585.9814456,19874210.72650179,1185.0,1.7704177997488026e-08,1266.0,BID
737,1712301586.2753477,19874897.23367478,1185.0,1.3333108265937936e-08,1266.0,BID
738,1712301586.3352203,19875158.94759883,1185.0,5.0829186079230565e-09,1266.0,BID
739,1712301586.3451772,19875467.02354819,1185.0,5.983346057478991e-09,1266.0,BID
740,1712301586.575247,19875817.81191243,1185.0,6.812892017509131e-09,1266.0,BID
741,1712301587.4853137,19876859.7992542,1185.0,2.02371229117275e-08,1266.0,BID
742,1712301597.1151743,19877028.5756255,1185.0,3.277917143203432e-09,1266.0,BID
743,1712301598.3651106,19877033.5756255,1185.0,9.710829537188746e-11,1266.0,BID
744,1712301600.6152103,19877455.1607857,1185.0,8.187883252212533e-09,1266.0,BID
745,1712301600.7249825,19877455.1607857,1185.0,0.0,1266.0,BID
746,1712301601.3551433,19877497.31930172,1186.0,8.20506495696871e-10,1266.0,BID
747,1712301602.1152942,19877502.04158742,1186.0,9.190707967158103e-11,1266.0,BID
748,1712301603.4649796,19877506.26446378,1186.0,8.218736829569755e-11,1266.0,BID
749,1712301607.5949695,19879194.02817686,1185.0,-3.284795625018477e-08,1266.0,ASK
750,1712301607.5988514,19879214.02817686,1185.0,-3.892482815646279e-10,1266.0,ASK
751,1712301610.584986,19881760.61848686,1185.0,4.9562795100829375e-08,1266.0,BID
752,1712301610.6550736,19882519.6317496,1185.0,1.4772230410339991e-08,1266.0,BID
753,1712301610.6853087,19882902.30949866,1185.0,7.447832810733081e-09,1266.0,BID
754,1712301611.5950382,19883588.81329612,1185.0,1.3361021172451578e-08,1266.0,BID
755,1712301611.8149335,19883896.88755772,1185.0,5.9958688460712825e-09,1266.0,BID
756,1712301611.9948423,19884037.28586995,1185.0,2.732490088498522e-09,1266.0,BID
757,1712301612.3950305,19884471.68586995,1185.0,8.45447267562722e-09,1266.0,BID
758,1712301613.4149384,19884640.46224125,1185.0,3.28479562486622e-09,1266.0,BID
759,1712301613.4849312,19885810.01500242,1185.0,2.2762320124176623e-08,1266.0,BID
760,1712301613.56491,19885939.06816697,1185.0,2.5116861266346194e-09,1266.0,BID
761,1712301613.664945,19885944.06816697,1185.0,9.731207039115695e-11,1266.0,BID
762,1712301614.664961,19890374.70876812,1185.0,8.623096201134633e-08,1266.0,BID
763,1712301615.345046,19890378.93492846,1185.0,-8.22512824982956e-11,1266.0,ASK
764,1712301617.934835,19890383.15780482,1186.0,8.218736836820069e-11,1266.0,BID
765,1712301620.1447768,19890403.15780482,1186.0,3.892482815646279e-10,1266.0,BID
766,1712301626.5547376,19891572.71056599,1185.0,-2.2762320124249124e-08,1266.0,ASK
767,1712301626.5601523,19896360.66332733,1185.0,-9.318511922815525e-08,1266.0,ASK
768,1712301626.5653408,19896549.93400243,1185.0,-3.6836642516701155e-09,1266.0,ASK
769,1712301627.3947248,19897719.4867636,1185.0,2.2762320124249124e-08,1266.0,BID
770,1712301627.9947832,19897848.53908427,1185.0,2.511669702642789e-09,1266.0,BID
771,1712301630.164733,19899018.09184544,1185.0,2.2762320124249124e-08,1266.0,BID
772,1712301630.3068693,19899512.5028159,1185.0,9.62243103185238e-09,1266.0,BID
773,1712301630.424549,19899774.21589606,1185.0,5.0935683357695095e-09,1266.0,BID
774,1712301630.4669676,19899830.09100154,1185.0,1.087464439547654e-09,1266.0,BID
775,1712301630.7446337,19899830.09100154,1185.0,0.0,1266.0,BID
776,1712301631.064685,19900999.64376271,1185.0,2.27505800604756e-08,1266.0,BID
777,1712301631.1446211,19901140.03701165,1185.0,2.7309822660046395e-09,1266.0,BID
778,1712301631.30473,19901574.43448,1185.0,8.450062887191412e-09,1266.0,BID
779,1712301632.4748816,19902743.98724117,1185.0,2.27505800604756e-08,1266.0,BID
780,1712301633.9047806,19903913.54000234,1185.0,2.2750580060403132e-08,1266.0,BID
781,1712301634.5845604,19905083.09276351,1185.0,2.27505800604756e-08,1266.0,BID
782,1712301636.6750648,19905212.1442403,1185.0,2.5103578497202563e-09,1266.0,BID
783,1712301638.514851,19905646.54002089,1185.0,8.450030056222139e-09,1266.0,BID
784,1712301639.2247214,19905702.41681413,1185.0,1.0869363916850904e-09,1266.0,BID
785,1712301639.28452,19905964.12905041,1185.0,5.090924823576558e-09,1266.0,BID
786,1712301640.0047047,19907911.00415589,1185.0,3.787134657402997e-08,1266.0,BID
787,1712301641.1347528,19907997.94587886,1184.0,-1.6912230851856587e-09,1266.0,ASK
788,1712301641.1417012,19908612.54950945,1184.0,-1.195550091235187e-08,1266.0,ASK
789,1712301641.1483788,19909768.54910637,1184.0,-2.248693881349174e-08,1266.0,ASK
790,1712301643.2546513,19910262.95838907,1185.0,9.61743526425344e-09,1266.0,BID
791,1712301643.795211,19911432.51115024,1185.0,2.27505800604756e-08,1266.0,BID
792,1712301644.4846523,19911565.48065,1185.0,2.586572705662432e-09,1266.0,BID
793,1712301644.491221,19912602.06391141,1185.0,2.0164007354740697e-08,1266.0,BID
794,1712301644.9649203,19914478.37391141,1185.0,3.64986876099414e-08,1266.0,BID
795,1712301646.6244946,19915647.92667258,1185.0,2.27505800604756e-08,1266.0,BID
796,1712301647.29449,19916817.47943375,1185.0,2.2750580060403132e-08,1266.0,BID
797,1712301647.3745692,19917139.31752168,1185.0,6.260515497103114e-09,1266.0,BID
798,1712301649.944451,19918308.87028285,1185.0,2.27505800604756e-08,1266.0,BID
799,1712301650.2092462,19918724.2731436,1185.0,8.080572638185158e-09,1266.0,BID
800,1712301650.484565,19919218.67989465,1185.0,9.617386017618365e-09,1266.0,BID
801,1712301653.3544445,19920388.23265582,1185.0,2.27505800604756e-08,1266.0,BID
802,1712301654.844882,19920494.66198071,1185.0,2.0703032450628604e-09,1266.0,BID
803,1712301655.004482,19920676.91515791,1185.0,3.545257329820688e-09,1266.0,BID
804,1712301656.68436,19925953.40305791,1185.0,1.0264022658275733e-07,1266.0,BID
805,1712301656.7043371,19926017.86671046,1185.0,1.2539712076672392e-09,1266.0,BID
806,1712301656.7845955,19927598.06726106,1185.0,3.07386552633786e-08,1266.0,BID
807,1712301656.7918468,19930870.2585447,1185.0,6.3651895188631e-08,1266.0,BID
808,1712301661.0099144,19930870.2585447,1185.0,0.0,1266.0,BID
809,1712301667.8642974,19930874.47787243,1186.0,8.201726839706681e-11,1266.0,BID
810,1712301672.424029,19932770.66300077,1186.0,3.68589345141541e-08,1266.0,BID
811,1712301676.3841434,19933136.98384394,1186.0,7.1207160987766075e-09,1266.0,BID
812,1712301680.6242394,19933342.19824802,1185.0,-3.989053689064357e-09,1266.0,ASK
813,1712301680.6296668,19936763.43783919,1185.0,-6.65036573505125e-08,1266.0,ASK
814,1712301680.634946,19938056.30546297,1185.0,-2.5131366325041564e-08,1266.0,ASK
815,1712301680.6402218,19938721.28117702,1185.0,-1.292610933994372e-08,1266.0,ASK
816,1712301691.0741513,19938721.28117702,1185.0,-0.0,1266.0,ASK
817,1712301700.713691,19939322.26041986,1184.0,-1.1680003177415829e-08,1266.0,ASK
818,1712301706.073803,19939342.26041986,1184.0,-3.8869905463761335e-10,1266.0,ASK
819,1712301706.080897,19941073.98095858,1184.0,-3.3655906814859615e-08,1266.0,ASK
820,1712301711.533663,19941173.98095858,1184.0,-1.943495273188066e-09,1266.0,ASK
821,1712301714.9137154,19941946.12613599,1184.0,-1.5006605025094555e-08,1266.0,ASK
822,1712301714.9206526,19942925.7014973,1184.0,-1.9038000844402683e-08,1266.0,ASK
823,1712301717.563648,19943483.16643042,1184.0,-1.0834304624862664e-08,1266.0,ASK
824,1712301717.5707636,19947210.51228555,1184.0,-7.24407905097844e-08,1266.0,ASK
825,1712301720.7333455,19947210.51228555,1184.0,-0.0,1266.0,ASK
826,1712301720.813526,19948646.71948067,1184.0,-2.7907167409091493e-08,1266.0,ASK
827,1712301722.703551,19948900.09785904,1184.0,-4.923435035698844e-09,1266.0,ASK
828,1712301727.9237318,19949711.06346163,1184.0,-1.5757999898211228e-08,1266.0,ASK
829,1712301727.9314315,19951781.02579269,1184.0,-4.022176291806893e-08,1266.0,ASK
830,1712301727.9370625,19951786.46438221,1184.0,-1.056780864463886e-10,1266.0,ASK
831,1712301730.3734827,19951828.69411193,1184.0,8.20572505780905e-10,1266.0,BID
832,1712301735.213449,19951928.69411193,1184.0,1.9431156941617233e-09,1266.0,BID
833,1712301735.9334028,19952211.70847003,1184.0,5.499296409035804e-09,1266.0,BID
834,1712301736.253335,19952521.91685131,1183.0,-6.027707741190218e-09,1266.0,ASK
835,1712301743.6232636,19952687.61693416,1183.0,-3.219744315164103e-09,1266.0,ASK
836,1712301750.72305,19952687.61693416,1183.0,-0.0,1266.0,ASK
837,1712301751.2532918,19954176.40333243,1184.0,2.8925197590954442e-08,1266.0,BID
838,1712301751.2593784,19960637.2709666,1184.0,1.255263166997086e-07,1266.0,BID
839,1712301752.4532316,19961281.36144703,1184.0,-1.2513846468839758e-08,1266.0,ASK
840,1712301752.4594567,19961465.62729804,1183.0,-3.580047585009738e-09,1266.0,ASK
841,1712301756.3929892,19961474.07324398,1184.0,1.6409382532470758e-10,1266.0,BID
842,1712301764.0503736,19961727.87391965,1184.0,4.931019453866378e-09,1266.0,BID
843,1712301771.5330083,19961956.28185883,1184.0,4.437671367649471e-09,1266.0,BID
844,1712301773.0329905,19962040.74131828,1184.0,1.640938254043229e-09,1266.0,BID
845,1712301774.162974,19963918.77131828,1184.0,3.648769823180712e-08,1266.0,BID
846,1712301775.962841,19964124.32706152,1184.0,3.9936827043015806e-09,1266.0,BID
847,1712301780.3049011,19964309.31692638,1184.0,3.5941142393645003e-09,1266.0,BID
848,1712301781.0628314,19964309.31692638,1184.0,0.0,1266.0,BID
849,1712301784.2031555,19964314.31692638,1184.0,9.711758150222204e-11,1266.0,BID
850,1712301784.5229251,19964480.79851421,1184.0,3.233657834957954e-09,1266.0,BID
851,1712301784.5828204,19964565.25797366,1184.0,1.6404996873556607e-09,1266.0,BID
852,1712301788.792846,19964715.08314257,1184.0,2.910131610566786e-09,1266.0,BID
853,1712301793.1728306,19964849.9182777,1184.0,2.618972445038112e-09,1266.0,BID
854,1712301796.2891812,19965018.83719661,1184.0,3.2809993749283963e-09,1266.0,BID
855,1712301797.1927495,19965140.18204458,1184.0,2.3569436325146263e-09,1266.0,BID
856,1712301799.6030424,19965356.66447701,1184.0,4.2048500550396306e-09,1266.0,BID
857,1712301801.6428213,19965465.86878444,1184.0,2.121131645435489e-09,1266.0,BID
858,1712301806.064139,19965564.14724727,1184.0,1.908913324779207e-09,1266.0,BID
859,1712301807.2926211,19965662.8991476,1184.0,1.9181091457632267e-09,1266.0,BID
860,1712301810.406234,19965751.34484016,1184.0,1.7179263511736871e-09,1266.0,BID
861,1712301811.042517,19965751.34484016,1184.0,0.0,1266.0,BID
862,1712301816.7224853,19965830.94154624,1184.0,1.5459966481396015e-09,1266.0,BID
863,1712301816.8662486,19965838.06892624,1184.0,1.3843419076707719e-10,1266.0,BID
864,1712301821.0025284,19965909.70194988,1184.0,1.391319062036516e-09,1266.0,BID
865,1712301822.9724324,19968064.95959769,1184.0,4.186129380965807e-08,1266.0,BID
866,1712301822.976959,19996081.18278384,1184.0,5.441555219278901e-07,1266.0,BID
867,1712301829.652307,19996503.12371211,1185.0,8.195304717610307e-09,1266.0,BID
868,1712301834.9322288,19996518.55156021,1185.0,2.9965312160859227e-10,1266.0,BID
869,1712301836.3523304,19997328.2681594,1184.0,-1.572702200862931e-08,1266.0,ASK
870,1712301840.732118,19997328.2681594,1184.0,-0.0,1266.0,ASK
871,1712301853.7820172,19998003.0360914,1185.0,1.3096421028505705e-08,1266.0,BID
872,1712301855.062239,19998171.8124627,1185.0,3.2757431309263515e-09,1266.0,BID
873,1712301857.275432,19998888.95093987,1185.0,1.3918781535732636e-08,1266.0,BID
874,1712301862.9720798,19999732.83279641,1185.0,1.637871565535479e-08,1266.0,BID
875,1712301865.4422448,20002266.6165802,1184.0,-4.9177647090407183e-08,1266.0,ASK
876,1712301866.2620678,20002340.38583374,1185.0,1.431771069007882e-09,1266.0,BID
877,1712301866.2695336,20002351.00476585,1185.0,2.0610049645529308e-10,1266.0,BID
878,1712301868.0123367,20003057.48896021,1185.0,1.3711994925334612e-08,1266.0,BID
879,1712301868.018303,20003067.42714537,1185.0,1.928880299893564e-10,1266.0,BID
880,1712301870.8025043,20003067.42714537,1185.0,0.0,1266.0,BID
881,1712301872.731998,20003911.30900191,1185.0,1.6376554801005126e-08,1266.0,BID
882,1712301873.232245,20004247.17188437,1185.0,6.517828126711668e-09,1266.0,BID
883,1712301873.2395277,20005558.92566857,1185.0,2.5456179162846283e-08,1266.0,BID
884,1712301877.3618665,20005601.58454194,1185.0,8.27847372289427e-10,1266.0,BID
885,1712301877.3718688,20006053.1282846,1185.0,8.762756053353774e-09,1266.0,BID
886,1712301877.9765997,20006057.3519133,1185.0,8.196465693013515e-11,1266.0,BID
887,1712301877.9861455,20007027.35126778,1185.0,1.8824018388902283e-08,1266.0,BID
888,1712301881.405305,20007596.84608118,1186.0,1.1051740179257806e-08,1266.0,BID
889,1712301881.412365,20008378.38069255,1187.0,1.516663060447208e-08,1266.0,BID
890,1712301881.4157834,20008837.3104041,1187.0,8.906089771632672e-09,1266.0,BID
891,1712301882.2917807,20009687.3104041,1185.0,-1.6495284823273393e-08,1266.0,ASK
892,1712301895.5215452,20010394.73299054,1185.0,-1.3728396533837292e-08,1266.0,ASK
893,1712301895.5282545,20010531.19226065,1185.0,-2.648158267312422e-09,1266.0,ASK
894,1712301897.3918352,20010556.50871634,1187.0,4.91296643948461e-10,1266.0,BID
895,1712301901.0717392,20010556.50871634,1187.0,0.0,1266.0,BID
896,1712301907.2017992,20011315.52198908,1186.0,-1.4746025154657736e-08,1266.0,ASK
897,1712301907.5814984,20014768.80863209,1186.0,-6.709006750335263e-08,1266.0,ASK
898,1712301910.5516193,20014777.23323192,1187.0,1.6367218528808408e-10,1266.0,BID
899,1712301918.7316544,20014861.55026396,1186.0,-1.638101888425883e-09,1266.0,ASK
900,1712301922.6214747,20015282.42568483,1186.0,8.176720705685108e-09,1266.0,BID
901,1712301926.5712323,20015605.18769003,1185.0,-6.270584215875909e-09,1266.0,ASK
902,1712301930.9912956,20017385.97689744,1186.0,3.4596973980201955e-08,1266.0,BID
903,1712301931.0234191,20017385.97689744,1186.0,0.0,1266.0,BID
904,1712301935.7712195,20018178.46714286,1186.0,1.5393989723777995e-08,1266.0,BID
905,1712301937.8818135,20018366.04400494,1186.0,-3.6436489962316398e-09,1266.0,ASK
906,1712301940.9315288,20018416.90531828,1187.0,9.879724569580787e-10,1266.0,BID
907,1712301940.9373794,20020052.38464574,1187.0,3.1768910855240176e-08,1266.0,BID
908,1712301950.9251509,20020817.78464574,1186.0,-1.4867766262921074e-08,1266.0,ASK
909,1712301951.1313326,20021326.78464574,1186.0,-9.887239388348e-09,1266.0,ASK
910,1712301951.5140607,20021447.57678888,1186.0,-2.3463670637655422e-09,1266.0,ASK
1111,1712301951.521799,20021771.88264139,1186.0,-6.2995866381316224e-09,1266.0,ASK
911,1712301951.521799,20021771.88264139,1186.0,-6.299586638131622e-09,1266.0,ASK
912,1712301953.4354348,20022134.77055097,1186.0,-7.049036607376941e-09,1266.0,ASK
1112,1712301953.4354348,20022134.77055097,1186.0,-7.0490366073769415e-09,1266.0,ASK
913,1712301954.221321,20022409.08364719,1186.0,-5.328485755798173e-09,1266.0,ASK
914,1712301957.2111962,20022780.14671291,1186.0,-7.207837640347092e-09,1266.0,ASK
915,1712301957.6151335,20023014.54967949,1186.0,-4.553238200251672e-09,1266.0,ASK
916,1712301958.4111197,20023260.14967949,1186.0,-4.770738691073024e-09,1266.0,ASK
917,1712301960.771123,20023260.14967949,1186.0,-0.0,1266.0,ASK
918,1712301965.2811952,20023518.04658776,1187.0,5.008926052416249e-09,1266.0,BID
919,1712301965.2889712,20025471.26484642,1187.0,3.793580112072488e-08,1266.0,BID
920,1712301979.6109722,20025944.19719045,1186.0,-9.185387893551193e-09,1266.0,ASK
921,1712301980.6109262,20026247.14986513,1186.0,-5.8840082846941e-09,1266.0,ASK
922,1712301980.756039,20026267.14986513,1186.0,-3.884440558808319e-10,1266.0,ASK
923,1712301980.762797,20026525.8800443,1186.0,-5.025110008745127e-09,1266.0,ASK
924,1712301983.2711377,20027098.90343521,1186.0,-1.1129376504012904e-08,1266.0,ASK
925,1712301983.2809334,20027751.05036291,1186.0,-1.2666129881289835e-08,1266.0,ASK
926,1712301983.3929284,20028655.05249955,1186.0,-1.7557712824073853e-08,1266.0,ASK
927,1712301983.505617,20029322.07802082,1186.0,-1.2955104942852973e-08,1266.0,ASK
928,1712301990.740803,20029322.07802082,1186.0,-0.0,1266.0,ASK
929,1712302019.3041084,20029567.67802082,1186.0,-4.769426822996544e-09,1266.0,ASK
930,1712302021.0707028,20029567.67802082,1186.0,-0.0,1266.0,ASK
931,1712302034.9805346,20029654.19816849,1186.0,-1.6801676663600595e-09,1266.0,ASK
932,1712302047.6004057,20029660.30096856,1187.0,1.1851259654639548e-10,1266.0,BID
933,1712302047.6105187,20030099.62414968,1187.0,8.53138400564364e-09,1266.0,BID
934,1712302051.0203702,20030099.62414968,1187.0,0.0,1266.0,BID
935,1712302072.1503332,20030368.86396364,1187.0,5.2284062855188396e-09,1266.0,BID
936,1712302072.1651957,20030938.35877704,1187.0,1.1059100874168381e-08,1266.0,BID
937,1712302072.168646,20030939.54011568,1188.0,2.2940583300830213e-11,1266.0,BID
938,1712302079.2591531,20031111.14011568,1187.0,-3.332324834814407e-09,1266.0,ASK
939,1712302080.7001245,20031111.14011568,1187.0,-0.0,1266.0,ASK
940,1712302080.9501784,20032296.44011568,1187.0,-2.301697281635029e-08,1266.0,ASK
1140,1712302080.9501784,20032296.44011568,1187.0,-2.3016972816350292e-08,1266.0,ASK
941,1712302085.1902325,20032625.84011568,1187.0,-6.396516363580924e-09,1266.0,ASK
942,1712302085.230152,20034171.89276833,1187.0,-3.002231661069714e-08,1266.0,ASK
943,1712302085.5505064,20034424.41802085,1187.0,4.903709501922998e-09,1266.0,BID
944,1712302094.9599645,20034439.03160706,1187.0,2.8377669503410247e-10,1266.0,BID
945,1712302100.0599208,20035437.68324985,1187.0,1.9392506298021728e-08,1266.0,BID
946,1712302107.1199837,20036437.68324985,1187.0,1.9418689628225623e-08,1266.0,BID
947,1712302110.699793,20036437.68324985,1187.0,0.0,1266.0,BID
948,1712302111.6598709,20037642.43975954,1187.0,2.3391920755577056e-08,1266.0,BID
949,1712302113.9600158,20037930.56107377,1187.0,5.594251532311909e-09,1266.0,BID
950,1712302113.969828,20047071.11720257,1187.0,1.7747583259089192e-07,1266.0,BID
951,1712302118.583213,20049809.78993144,1187.0,-5.317490707362453e-08,1266.0,ASK
952,1712302121.5701003,20052416.1059815,1187.0,-5.060502932879536e-08,1266.0,ASK
953,1712302121.5798275,20052548.46266031,1187.0,-2.5698777448291727e-09,1266.0,ASK
954,1712302123.8026187,20054014.19864128,1188.0,2.845917796641787e-08,1266.0,BID
955,1712302123.8101563,20054316.13942798,1188.0,5.862574635185717e-09,1266.0,BID
956,1712302132.089805,20054474.66622518,1188.0,3.0780047652302742e-09,1266.0,BID
957,1712302133.139813,20054636.54328815,1187.0,-3.14305454973968e-09,1266.0,ASK
958,1712302137.011229,20054644.54328815,1188.0,1.5533044606045706e-10,1266.0,BID
959,1712302138.7798111,20054652.96079656,1188.0,1.6343691704716274e-10,1266.0,BID
960,1712302138.8398654,20054973.18802351,1187.0,-6.21762975036027e-09,1266.0,ASK
961,1712302141.0298498,20054973.18802351,1187.0,-0.0,1266.0,ASK
962,1712302144.9096866,20055841.33410273,1187.0,-1.6848991349267033e-08,1266.0,ASK
963,1712302146.3495965,20058370.84506394,1187.0,-4.909278440971178e-08,1266.0,ASK
964,1712302146.353485,20058645.17738255,1187.0,-5.324245508615477e-09,1266.0,ASK
965,1712302146.7496407,20058653.17738255,1187.0,1.5526411282679666e-10,1266.0,BID
966,1712302149.2796998,20058661.60198238,1187.0,1.6350475231690422e-10,1266.0,BID
967,1712302151.2096837,20058669.60198238,1187.0,1.5526411282679666e-10,1266.0,BID
968,1712302151.7699144,20062631.99417936,1187.0,7.690216364197804e-08,1266.0,BID
969,1712302151.7793198,20062881.90189813,1187.0,4.850212530428079e-09,1266.0,BID
970,1712302155.4497168,20063300.22461661,1187.0,8.118813219986909e-09,1266.0,BID
971,1712302155.4578202,20063496.12423493,1187.0,3.802022555198602e-09,1266.0,BID
972,1712302155.5896647,20063725.01698759,1187.0,-4.442353771752146e-09,1266.0,ASK
973,1712302155.66982,20063729.2749977,1186.0,-8.263952030103307e-11,1266.0,ASK
974,1712302155.6773446,20064021.94488064,1186.0,-5.680141215691534e-09,1266.0,ASK
975,1712302155.6834583,20064697.01698759,1186.0,-1.3101808972463228e-08,1266.0,ASK
976,1712302155.8296523,20064705.01698759,1187.0,1.5526411282679666e-10,1266.0,BID
977,1712302155.849591,20065126.31690334,1187.0,8.176594706680133e-09,1266.0,BID
978,1712302156.1495996,20065529.0161085,1187.0,-7.815591853155683e-09,1266.0,ASK
979,1712302158.0798137,20065539.0161085,1187.0,-1.940801410334958e-10,1266.0,ASK
980,1712302160.4909978,20065547.0161085,1187.0,1.5526411282679666e-10,1266.0,BID
981,1712302164.703344,20065555.0161085,1187.0,1.5526411282679666e-10,1266.0,BID
982,1712302165.5695488,20065976.24610007,1187.0,8.175237617146619e-09,1266.0,BID
983,1712302167.4895496,20065981.24610007,1187.0,9.704007051674792e-11,1266.0,BID
984,1712302168.9023132,20065989.24610007,1187.0,1.5526411282679666e-10,1266.0,BID
985,1712302171.019399,20065989.24610007,1187.0,0.0,1266.0,BID
986,1712302177.5895147,20065997.66360848,1187.0,1.633256761355417e-10,1266.0,BID
987,1712302183.299401,20066006.66360848,1187.0,1.7462781311251734e-10,1266.0,BID
988,1712302183.409409,20066915.172026,1187.0,1.7627870905105426e-08,1266.0,BID
989,1712302183.4193509,20067205.79287678,1187.0,5.638942624050698e-09,1266.0,BID
990,1712302186.4499018,20068890.71284309,1187.0,-3.269265433181973e-08,1266.0,ASK
991,1712302191.2792678,20068899.1303515,1188.0,1.633256761355417e-10,1266.0,BID
992,1712302196.2596023,20068908.1303515,1188.0,1.7462781311251734e-10,1266.0,BID
993,1712302196.399425,20070072.18043567,1188.0,2.258616895022676e-08,1266.0,BID
994,1712302201.1391728,20070072.18043567,1188.0,0.0,1266.0,BID
995,1712302201.6093063,20070206.02933613,1188.0,2.6034746188548328e-09,1266.0,BID
996,1712302203.2992375,20070413.99690116,1188.0,4.045145497951051e-09,1266.0,BID
997,1712302207.5192437,20070621.39420755,1188.0,4.034053483824075e-09,1266.0,BID
998,1712302218.6591527,20071144.23858632,1187.0,-1.0169766543256149e-08,1266.0,ASK
999,1712302218.6655765,20071153.23858632,1187.0,-1.7505763207032942e-10,1266.0,ASK
1000,1712302223.3191504,20071161.65609473,1188.0,1.6372767665681774e-10,1266.0,BID
1201,1712302229.8935692,20071349.23295682,1188.0,3.6485290342824315e-09,1266.0,BID
1202,1712302229.8968403,20077791.73716452,1188.0,1.2531217013368685e-07,1266.0,BID
1203,1712302230.7082603,20078491.73716452,1188.0,-1.3615593605470066e-08,1266.0,ASK
1204,1712302230.728861,20079674.43716452,1188.0,-2.3004517938827577e-08,1266.0,ASK
1205,1712302231.064149,20079674.43716452,1188.0,-0.0,1266.0,ASK
1206,1712302232.9190571,20079974.43716452,1188.0,-5.833959993438392e-09,1266.0,ASK
1207,1712302233.5591965,20081720.27225634,1188.0,-3.39504402694317e-08,1266.0,ASK
1208,1712302236.0090952,20082119.15554042,1187.0,-7.756897071261848e-09,1266.0,ASK
1209,1712302237.0090857,20082139.88491752,1188.0,4.0311452226951936e-10,1266.0,BID
1210,1712302241.9694576,20083780.58752785,1188.0,3.19059779659604e-08,1266.0,BID
1211,1712302241.9729545,20086750.29752785,1188.0,5.7750564440397144e-08,1266.0,BID
1212,1712302242.1090872,20087932.89752785,1188.0,-2.2997470294163132e-08,1266.0,ASK
1213,1712302242.1490352,20090057.52738385,1188.0,-4.1316685269187634e-08,1266.0,ASK
1214,1712302242.1517098,20090285.89752785,1187.0,-4.4410076126808225e-09,1266.0,ASK
1215,1712302243.4990785,20090405.56251307,1187.0,-2.32706912124091e-09,1266.0,ASK
1216,1712302251.409207,20092109.19605269,1188.0,3.312976637875837e-08,1266.0,BID
1217,1712302251.411434,20092840.10850405,1189.0,1.4213713333141369e-08,1266.0,BID
1218,1712302251.4135947,20096337.81104124,1189.0,6.801818890305135e-08,1266.0,BID
1219,1712302256.66924,20096342.02952864,1190.0,8.203495575900039e-11,1266.0,BID
1220,1712302256.6723094,20097763.39394095,1190.0,2.7640610391740523e-08,1266.0,BID
1221,1712302256.6750567,20100782.87574712,1190.0,5.8718453526967624e-08,1266.0,BID
1222,1712302260.7489974,20100782.87574712,1190.0,0.0,1266.0,BID
1223,1712302266.828956,20100789.47574712,1188.0,-1.2828453013144315e-10,1266.0,ASK
1224,1712302268.0751038,20100791.29325553,1188.0,-3.5327001881686706e-11,1266.0,ASK
1225,1712302268.108838,20100816.46863368,1188.0,4.893350842854237e-10,1266.0,BID
1226,1712302268.3289974,20101006.94666192,1187.0,-3.7023309617175075e-09,1266.0,ASK
1227,1712302268.331767,20102431.40292577,1187.0,-2.7687227645410212e-08,1266.0,ASK
1228,1712302268.334445,20102923.3873363,1186.0,-9.562725594294237e-09,1266.0,ASK
1229,1712302268.33715,20105426.46863368,1187.0,-4.865251637015856e-08,1266.0,ASK
1230,1712302273.888842,20105434.88614209,1188.0,1.6361153194072118e-10,1266.0,BID
1231,1712302282.0790503,20105589.91499634,1187.0,-3.013303593924777e-09,1266.0,ASK
1232,1712302282.0819962,20105632.03799549,1187.0,-8.18746841288508e-10,1266.0,ASK
1233,1712302285.978802,20108973.70543441,1187.0,6.495215714555823e-08,1266.0,BID
1234,1712302289.188669,20109156.91688066,1186.0,-3.561090044139355e-09,1266.0,ASK
1235,1712302290.7185454,20109156.91688066,1186.0,-0.0,1266.0,ASK
1236,1712302291.6387186,20109163.62201534,1187.0,1.3030286467567383e-10,1266.0,BID
1237,1712302295.0089614,20109250.82509308,1187.0,1.694643192536404e-09,1266.0,BID
1238,1712302297.578881,20109292.91263516,1188.0,8.17899648992767e-10,1266.0,BID
1239,1712302298.6088643,20109301.33014357,1188.0,1.6357992972615888e-10,1266.0,BID
1240,1712302300.2686982,20110515.73014357,1187.0,-2.3599794254129465e-08,1266.0,ASK
1241,1712302304.8686254,20111144.63014357,1187.0,-1.2221599643027813e-08,1266.0,ASK
1242,1712302305.8087218,20111444.63014357,1188.0,5.829988699149806e-09,1266.0,BID
1243,1712302306.2399068,20113023.60014357,1188.0,3.068459085429873e-08,1266.0,BID
1244,1712302306.243081,20113412.2703137,1188.0,7.553142331816289e-09,1266.0,BID
1245,1712302306.245569,20115038.85077364,1190.0,3.160981899904988e-08,1266.0,BID
1246,1712302306.2479043,20116046.85077364,1189.0,1.9588762029143348e-08,1266.0,BID
1247,1712302306.250211,20116056.6645533,1188.0,1.907140817041168e-10,1266.0,BID
1248,1712302306.2525325,20117226.21731447,1189.0,2.2728264602288195e-08,1266.0,BID
1249,1712302306.2548337,20117246.21731447,1191.0,3.8866591327665374e-10,1266.0,BID
1250,1712302306.256676,20120077.16549192,1190.0,5.5014652941362574e-08,1266.0,BID
1251,1712302306.2580433,20120791.16549192,1191.0,1.3875373103976538e-08,1266.0,BID
1252,1712302306.2594247,20123986.4248997,1192.0,6.209442079405236e-08,1266.0,BID
1253,1712302306.2610822,20132469.99341669,1191.0,1.6486369527501637e-07,1266.0,BID
1254,1712302306.2624223,20132480.15457418,1194.0,1.9746477776706376e-10,1266.0,BID
1255,1712302306.2637968,20133015.9378012,1192.0,1.0412033862455245e-08,1266.0,BID
1256,1712302306.265151,20133143.58573386,1193.0,2.480620016255571e-09,1266.0,BID
1257,1712302306.266504,20133230.93374201,1195.0,1.697459667994183e-09,1266.0,BID
1258,1712302306.267903,20135433.11181794,1193.0,4.279557765399609e-08,1266.0,BID
1259,1712302306.2692697,20139933.11181794,1192.0,8.744983048724708e-08,1266.0,BID
1260,1712302306.2706409,20150121.04054885,1194.0,1.979850312298061e-07,1266.0,BID
1261,1712302306.2720468,20151468.91071652,1195.0,2.619355948476965e-08,1266.0,BID
1262,1712302306.2734375,20153164.03545945,1194.0,3.2941860316487945e-08,1266.0,BID
1263,1712302306.2748277,20154822.53592266,1195.0,3.22301298601643e-08,1266.0,BID
1264,1712302306.4785016,20156081.45324375,1189.0,2.4464912517055463e-08,1266.0,BID
1265,1712302306.5986044,20157123.39003982,1189.0,2.0248265821038243e-08,1266.0,BID
1266,1712302306.601061,20157153.53592266,1189.0,5.85833854300293e-10,1266.0,BID
1267,1712302306.778768,20157365.53592266,1190.0,-4.1198586807325294e-09,1266.0,ASK
1268,1712302306.9588232,20157576.59474619,1189.0,-4.101568520112005e-09,1266.0,ASK
1269,1712302306.9650714,20159127.53592266,1190.0,-3.0139898439561195e-08,1266.0,ASK
1270,1712302307.0185924,20159645.34449898,1189.0,-1.0062727160882526e-08,1266.0,ASK
1271,1712302307.1185958,20160404.35777172,1189.0,1.4750129341928665e-08,1266.0,BID
1272,1712302309.5718248,20161490.35777172,1188.0,-2.1104559090922298e-08,1266.0,ASK
1273,1712302309.57498,20161498.77528013,1188.0,-1.6357992965376424e-10,1266.0,ASK
1274,1712302315.7287023,20161798.77528013,1188.0,5.829988699149806e-09,1266.0,BID
1275,1712302315.731281,20161966.54055574,1188.0,3.260232203101576e-09,1266.0,BID
1276,1712302318.1986372,20163135.48093464,1187.0,-2.271636399649591e-08,1266.0,ASK
1277,1712302318.2018323,20163729.48173221,1187.0,-1.1543393123725412e-08,1266.0,ASK
1278,1712302318.9485905,20163786.22920695,1188.0,1.102790454821435e-09,1266.0,BID
1279,1712302321.0684743,20163786.22920695,1188.0,0.0,1266.0,BID
1280,1712302324.528542,20164412.92282861,1187.0,-1.2163339329643609e-08,1266.0,ASK
1281,1712302324.5384934,20165112.92282861,1187.0,-1.3586124441759896e-08,1266.0,ASK
1282,1712302328.5985992,20165197.09791279,1187.0,-1.633733097899762e-09,1266.0,ASK
1283,1712302331.4887877,20168955.22049071,1187.0,-7.294045858716596e-08,1266.0,ASK
1284,1712302331.4921134,20171452.06282895,1187.0,-4.84605867411509e-08,1266.0,ASK
1285,1712302331.4985304,20172382.47378092,1187.0,-1.8058112822024824e-08,1266.0,ASK
1286,1712302339.8385637,20173121.62068463,1186.0,-1.4345916877966944e-08,1266.0,ASK
1287,1712302349.6583977,20173171.62068463,1187.0,9.70437460125707e-10,1266.0,BID
1288,1712302351.006409,20173171.62068463,1187.0,0.0,1266.0,BID
1289,1712302354.5590675,20175049.74242009,1187.0,3.644411422469969e-08,1266.0,BID
1290,1712302354.7384508,20175149.74242009,1187.0,1.9404553781933302e-09,1266.0,BID
1291,1712302358.2083616,20175696.47992182,1187.0,1.0609197256977948e-08,1266.0,BID
1292,1712302367.0883248,20175704.92582182,1188.0,1.6388892072680283e-10,1266.0,BID
1293,1712302367.0916324,20177951.41004874,1188.0,4.359202400160067e-08,1266.0,BID
1294,1712302372.4882596,20177961.34074612,1189.0,1.9270075135906408e-10,1266.0,BID
1295,1712302375.7583578,20177961.62087143,1190.0,5.43570661993832e-12,1266.0,BID
1296,1712302375.7618368,20177969.74410746,1190.0,1.5762777043407468e-10,1266.0,BID
1297,1712302377.1284025,20177972.55941512,1189.0,-5.462978893785249e-11,1266.0,ASK
1298,1712302377.131847,20178781.41899416,1188.0,-1.5695559203472374e-08,1266.0,ASK
1299,1712302377.1351705,20179027.74410746,1189.0,-4.779828908875207e-09,1266.0,ASK
1300,1712302380.7380445,20179027.74410746,1189.0,-0.0,1266.0,ASK
1301,1712302383.9082952,20179031.96080223,1187.0,-8.181203952261817e-11,1266.0,ASK
1302,1712302392.078292,20179213.49053331,1188.0,-3.52202811344116e-09,1266.0,ASK
1303,1712302392.1582167,20179217.70367568,1187.0,-8.174311602329952e-11,1266.0,ASK
1304,1712302392.1615365,20180036.1739446,1188.0,-1.5879907274708823e-08,1266.0,ASK
1305,1712302392.1681736,20180967.50781148,1187.0,-1.8069679509988905e-08,1266.0,ASK
1306,1712302392.169705,20181567.49053331,1186.0,-1.1640826002984028e-08,1266.0,ASK
1307,1712302399.8881285,20182067.49053331,1187.0,-9.700967694074993e-09,1266.0,ASK
1308,1712302399.891493,20182429.49053331,1186.0,-7.023500610510293e-09,1266.0,ASK
1309,1712302402.138011,20182437.90804172,1188.0,1.6331595426951446e-10,1266.0,BID
1310,1712302410.687968,20182437.90804172,1188.0,0.0,1266.0,BID
1311,1712302414.2682793,20182456.45104172,1187.0,-3.597418347754625e-10,1266.0,ASK
1312,1712302415.5880797,20182457.90804172,1187.0,-2.826639986524484e-11,1266.0,ASK
1313,1712302416.0881531,20182462.12804172,1187.0,8.186973748606214e-11,1266.0,BID
1314,1712302418.317886,20182708.45315502,1186.0,-4.778808617964802e-09,1266.0,ASK
1315,1712302419.508255,20182716.87066343,1187.0,1.6330312895363028e-10,1266.0,BID
1316,1712302422.7379856,20182766.87066343,1187.0,9.700205866017682e-10,1266.0,BID
1317,1712302425.868121,20182776.73586983,1187.0,1.913890659440648e-10,1266.0,BID
1318,1712302427.3831656,20182844.27102657,1186.0,-1.3102098471772674e-09,1266.0,ASK
1319,1712302427.384744,20183036.73586983,1186.0,-3.733897203151928e-09,1266.0,ASK
1320,1712302427.6006224,20183899.73586983,1186.0,-1.6742555324746523e-08,1266.0,ASK
1321,1712302427.798041,20185550.85854138,1186.0,-3.2032459648207047e-08,1266.0,ASK
1322,1712302427.801478,20187097.73586983,1186.0,-3.0010057070842054e-08,1266.0,ASK
1323,1712302429.788324,20187114.53890268,1187.0,3.25985755689477e-10,1266.0,BID
1324,1712302433.0580864,20187394.13962464,1187.0,5.42436912657942e-09,1266.0,BID
1325,1712302435.0879743,20187894.13962464,1187.0,9.700205866017684e-09,1266.0,BID
1326,1712302435.4111452,20187914.13962464,1187.0,3.8800823464070726e-10,1266.0,BID
1327,1712302437.2779653,20187956.24157282,1187.0,8.16795129399326e-10,1266.0,BID
1328,1712302439.7279477,20187998.36457197,1187.0,8.17203526904112e-10,1266.0,BID
1329,1712302440.1678584,20188004.7810981,1186.0,-1.2448324883720328e-10,1266.0,ASK
1330,1712302440.173015,20189380.86457197,1186.0,-2.669658597070169e-08,1266.0,ASK
1331,1712302441.094385,20189380.86457197,1186.0,-0.0,1266.0,ASK
1332,1712302446.567814,20189389.2891718,1187.0,1.6341459679761462e-10,1266.0,BID
1333,1712302452.4878683,20189397.69960073,1189.0,1.6313971942012686e-10,1266.0,BID
1334,1712302460.9879625,20189417.69960073,1187.0,-3.8794625286416135e-10,1266.0,ASK
1335,1712302460.991832,20190097.69960073,1187.0,-1.3190172597381488e-08,1266.0,ASK
1336,1712302463.0677447,20190157.93960073,1187.0,-1.1684941135950596e-09,1266.0,ASK
1337,1712302464.199895,20190410.25246868,1189.0,4.894191583543194e-09,1266.0,BID
1338,1712302467.6277606,20190417.51664025,1188.0,1.4090540704765798e-10,1266.0,BID
1339,1712302471.03769,20190417.51664025,1188.0,0.0,1266.0,BID
1340,1712302471.8575945,20192126.01664025,1187.0,-3.3139517320166165e-08,1266.0,ASK
1341,1712302474.1279366,20192130.23064025,1187.0,-8.173832369829512e-11,1266.0,ASK
1342,1712302474.1318352,20195504.39494025,1187.0,-6.544815701544303e-08,1266.0,ASK
1343,1712302475.1577475,20195528.65055255,1187.0,-4.704824605729298e-10,1266.0,ASK
1344,1712302475.864778,20195537.06098148,1189.0,1.63135823938082e-10,1266.0,BID
1345,1712302485.7276907,20195604.36739561,1188.0,-1.305532383292385e-09,1266.0,ASK
1346,1712302486.198016,20195630.60156499,1187.0,-5.0886023442286e-10,1266.0,ASK
1347,1712302486.2016995,20196009.88239966,1187.0,-7.356853257120471e-09,1266.0,ASK
1348,1712302488.797584,20197506.84625646,1187.0,-2.903638259299527e-08,1266.0,ASK
1349,1712302490.6677186,20197515.25668539,1187.0,1.63135823938082e-10,1266.0,BID
1350,1712302492.6376443,20197665.47132241,1187.0,2.9136907025022027e-09,1266.0,BID
1351,1712302496.347622,20197936.48667696,1187.0,-5.256844036398163e-09,1266.0,ASK
1352,1712302496.3513265,20198656.78256499,1186.0,-1.3971470914242202e-08,1266.0,ASK
1353,1712302498.697669,20198662.64799812,1189.0,1.137709235092817e-10,1266.0,BID
1354,1712302500.73924,20198662.64799812,1189.0,0.0,1266.0,BID
1355,1712302511.8567555,20198667.14799812,1188.0,-8.753851091376419e-11,1266.0,ASK
1356,1712302517.015835,20198671.36099812,1187.0,-8.195549920843265e-11,1266.0,ASK
1357,1712302517.019492,20198771.36099812,1188.0,-1.9453002425280932e-09,1266.0,ASK
1358,1712302517.021201,20199092.14799812,1187.0,-6.240270289007871e-09,1266.0,ASK
1359,1712302517.7874796,20199192.13299812,1186.0,-1.945008447480119e-09,1266.0,ASK
1360,1712302523.8374317,20199197.99843125,1189.0,1.1410028491125292e-10,1266.0,BID
1361,1712302524.1978104,20199206.40886018,1189.0,1.6360809437438199e-10,1266.0,BID
1362,1712302526.2674737,20199563.55171732,1187.0,-6.947500866078588e-09,1266.0,ASK
1363,1712302526.967413,20199903.55171732,1187.0,-6.614020824595517e-09,1266.0,ASK
1364,1712302530.7397385,20199903.55171732,1187.0,-0.0,1266.0,ASK
1365,1712302532.667317,20199909.41715045,1189.0,1.1409701557582748e-10,1266.0,BID
1366,1712302532.8474386,20200697.9040081,1187.0,-1.5337997259307636e-08,1266.0,ASK
1367,1712302537.8133066,20200702.85102239,1189.0,9.623152350744327e-11,1266.0,BID
1368,1712302541.8974442,20200724.85102239,1189.0,4.2795379076998095e-10,1266.0,BID
1369,1712302546.8374276,20201053.50381009,1188.0,-6.393100288339237e-09,1266.0,ASK
1370,1712302547.557295,20201061.90717143,1190.0,1.6346592455850848e-10,1266.0,BID
1371,1712302553.527395,20201566.73288571,1190.0,9.820094459338233e-09,1266.0,BID
1372,1712302556.2519374,20202407.77577889,1189.0,-1.6360340651636497e-08,1266.0,ASK
1373,1712302560.9872954,20202407.77577889,1189.0,-0.0,1266.0,ASK
1374,1712302565.4273412,20203249.52577889,1188.0,-1.6373147717480132e-08,1266.0,ASK
1375,1712302579.4072886,20203257.93620782,1189.0,1.6359393553842544e-10,1266.0,BID
1376,1712302583.997308,20203829.43536607,1188.0,-1.1116412400921952e-08,1266.0,ASK
1377,1712302584.0072174,20203829.43620782,1188.0,-1.6373108219417186e-14,1266.0,ASK
1378,1712302589.357407,20203837.84663675,1189.0,1.6359393553842544e-10,1266.0,BID
1379,1712302590.986984,20203837.84663675,1189.0,0.0,1266.0,BID
1380,1712302594.0400271,20203846.24999809,1190.0,1.6345106006381347e-10,1266.0,BID
1381,1712302617.9496026,20205320.14750311,1190.0,2.8668303063416844e-08,1266.0,BID
1382,1712302620.7269206,20205320.14750311,1190.0,0.0,1266.0,BID
1383,1712302639.9370258,20205324.35550311,1189.0,-8.18456371139689e-11,1266.0,ASK
1384,1712302646.378415,20205475.37174583,1188.0,-2.9372672550547556e-09,1266.0,ASK
1385,1712302646.382995,20205923.95550311,1188.0,-8.724958042117112e-09,1266.0,ASK
1386,1712302650.3969808,20205932.36593204,1189.0,1.6358291699154618e-10,1266.0,BID
1387,1712302650.706784,20205932.36593204,1189.0,0.0,1266.0,BID
1388,1712302655.698746,20206016.47022135,1189.0,1.635806029140347e-09,1266.0,BID
1389,1712302655.9367547,20206857.51311454,1189.0,1.6358060292780134e-08,1266.0,BID
1390,1712302656.0400743,20206924.76292034,1189.0,1.307990813323322e-09,1266.0,BID
1391,1712302656.1167011,20207558.34050506,1189.0,1.2322915293550881e-08,1266.0,BID
1392,1712302665.811097,20207564.20100926,1190.0,1.1398524594479732e-10,1266.0,BID
1393,1712302666.1773033,20208153.20425288,1190.0,1.1455956229840768e-08,1266.0,BID
1394,1712302666.181823,20209451.53368139,1190.0,2.525216162386938e-08,1266.0,BID
1395,1712302680.9866903,20209451.53368139,1190.0,0.0,1266.0,BID
1396,1712302686.6467617,20210284.51568139,1191.0,-1.6199959063750945e-08,1266.0,ASK
1397,1712302693.9566712,20210668.88468139,1191.0,-7.475266050590725e-09,1266.0,ASK
1398,1712302697.9366786,20210675.35711631,1192.0,-1.2587688665079154e-10,1266.0,ASK
1399,1712302698.8767347,20210829.62361631,1191.0,-3.000198065389603e-09,1266.0,ASK
1400,1712302702.9168108,20210844.88017172,1191.0,-2.9671178136753963e-10,1266.0,ASK
1401,1712302702.9261117,20211093.98533543,1191.0,-4.8446346435339026e-09,1266.0,ASK
1402,1712302710.4266782,20212853.06216162,1191.0,3.4210790358355804e-08,1266.0,BID
1403,1712302710.48673,20212877.84503315,1191.0,4.819810083039929e-10,1266.0,BID
1404,1712302711.0564077,20212877.84503315,1191.0,0.0,1266.0,BID
1405,1712302715.3702185,20212918.08184169,1191.0,7.824693976454271e-10,1266.0,BID
1406,1712302716.7716677,20215474.09108965,1191.0,4.97057070199476e-08,1266.0,BID
1407,1712302716.7765062,20217656.19456263,1191.0,4.2434508404659976e-08,1266.0,BID
1408,1712302718.7165956,20223525.99252722,1192.0,1.1414765346677068e-07,1266.0,BID
1409,1712302718.7199647,20228254.352618,1192.0,9.195055985988045e-08,1266.0,BID
1410,1712302719.89658,20228513.202618,1192.0,-5.033754190153727e-09,1266.0,ASK
1411,1712302729.5166657,20228767.34650734,1192.0,-4.942236306300191e-09,1266.0,ASK
1412,1712302729.5209415,20228767.442618,1192.0,-1.869026233073956e-12,1266.0,ASK
1413,1712302729.623354,20228918.10596854,1192.0,-2.929890948722747e-09,1266.0,ASK
1414,1712302729.6426792,20229068.64402515,1192.0,-2.927454407011287e-09,1266.0,ASK
1415,1712302730.3634448,20229106.98402515,1192.0,-7.45582907673982e-10,1266.0,ASK
1416,1712302730.4835365,20229107.04914812,1192.0,-1.2664207855507249e-12,1266.0,ASK
1417,1712302730.6165226,20229297.42352441,1191.0,-3.702135655219941e-09,1266.0,ASK
1418,1712302730.6834748,20229488.10361515,1191.0,-3.708080763960913e-09,1266.0,ASK
1419,1712302730.6966412,20230449.00179543,1191.0,-1.868620916104581e-08,1266.0,ASK
1420,1712302730.716925,20231415.55392666,1191.0,-1.8796159322512946e-08,1266.0,ASK
1421,1712302730.7764642,20231533.64835291,1191.0,-2.296535881653173e-09,1266.0,ASK
1422,1712302730.8032413,20231652.43764996,1191.0,-2.3100487609994742e-09,1266.0,ASK
1423,1712302731.7699292,20231844.50625998,1191.0,-3.735082752534033e-09,1266.0,ASK
1424,1712302731.8665504,20231983.71108674,1191.0,-2.707061541376445e-09,1266.0,ASK
1425,1712302731.933889,20232087.23720017,1191.0,-2.013231629448176e-09,1266.0,ASK
