,time,acc_trade_volume,trade_price,dev,high,ask_bid
0,1712300395.5319235,67494864.24402525,12.59,0.0,12.87,BID
1,1712300400.5523477,67494864.24402525,12.59,0.0,12.87,BID
2,1712300430.432265,67494864.24402525,12.59,0.0,12.87,BID
3,1712300460.5831983,67494864.24402525,12.59,0.0,12.87,BID
4,1712300477.7627218,67510749.86753596,12.58,-6.878177145382189e-06,12.87,ASK
5,1712300490.572402,67510749.86753596,12.58,-0.0,12.87,ASK
6,1712300520.405224,67510749.86753596,12.58,-0.0,12.87,ASK
7,1712300550.4028184,67510749.86753596,12.58,-0.0,12.87,ASK
8,1712300573.3828092,67549965.55381048,12.58,-1.6978187834190004e-05,12.87,ASK
9,1712300580.5442998,67549965.55381048,12.58,-0.0,12.87,ASK
10,1712300610.5740335,67549965.55381048,12.58,-0.0,12.87,ASK
11,1712300640.433071,67549965.55381048,12.58,-0.0,12.87,ASK
12,1712300653.463119,67618707.29295267,12.6,2.975495382997169e-05,12.87,BID
13,1712300653.4730945,67682199.35644475,12.6,2.748262469572433e-05,12.87,BID
14,1712300653.4746263,67699705.04914217,12.59,7.57736252345853e-06,12.87,BID
15,1712300657.6630037,67702705.04914217,12.58,-1.2985540168727474e-06,12.87,ASK
16,1712300670.423154,67702705.04914217,12.58,-0.0,12.87,ASK
17,1712300700.5731752,67702705.04914217,12.58,-0.0,12.87,ASK
18,1712300725.0831847,67714659.62176618,12.59,-5.183723434201692e-06,12.87,ASK
19,1712300725.4432774,67854093.61220717,12.59,-6.046115294171159e-05,12.87,ASK
20,1712300730.5759113,67854093.61220717,12.59,-0.0,12.87,ASK
21,1712300760.383386,67854093.61220717,12.59,-0.0,12.87,ASK
22,1712300775.9833925,67854093.61220773,12.59,-2.3887506712636806e-16,12.87,ASK
23,1712300778.0543523,67854488.6438246,12.58,-1.711515519949636e-07,12.87,ASK
24,1712300778.0554342,67983213.82396568,12.58,-5.577152162123265e-05,12.87,ASK
25,1712300778.063655,68123689.97538972,12.58,-6.086275201034361e-05,12.87,ASK
26,1712300790.3944075,68123689.97538972,12.58,-0.0,12.87,ASK
27,1712300820.583628,68123689.97538972,12.58,-0.0,12.87,ASK
28,1712300850.5735145,68123689.97538972,12.58,-0.0,12.87,ASK
29,1712300880.3470118,68123689.97538972,12.58,-0.0,12.87,ASK
30,1712300910.3973572,68123689.97538972,12.58,-0.0,12.87,ASK
31,1712300940.54377,68123689.97538972,12.58,-0.0,12.87,ASK
32,1712300970.5839183,68123689.97538972,12.58,-0.0,12.87,ASK
33,1712301000.4440594,68123689.97538972,12.58,-0.0,12.87,ASK
34,1712301016.1443338,68149681.29639588,12.58,-1.1276606922457456e-05,12.87,ASK
35,1712301030.3985355,68149681.29639588,12.58,-0.0,12.87,ASK
36,1712301060.5914192,68149681.29639588,12.58,-0.0,12.87,ASK
37,1712301087.0940056,68157681.29639588,12.58,-3.470391505053141e-06,12.87,ASK
38,1712301090.5741737,68157681.29639588,12.58,-0.0,12.87,ASK
39,1712301112.9942594,68158556.43539508,12.59,3.796177953944617e-07,12.87,BID
40,1712301115.9642622,68159431.57439429,12.59,3.796177954009255e-07,12.87,BID
41,1712301120.3659542,68159431.57439429,12.59,0.0,12.87,BID
42,1712301150.4285364,68159431.57439429,12.59,0.0,12.87,BID
43,1712301180.5438025,68159431.57439429,12.59,0.0,12.87,BID
44,1712301210.572986,68159431.57439429,12.59,0.0,12.87,BID
45,1712301240.3922262,68159431.57439429,12.59,0.0,12.87,BID
46,1712301270.3814714,68159431.57439429,12.59,0.0,12.87,BID
47,1712301300.4548414,68159431.57439429,12.59,0.0,12.87,BID
48,1712301330.3962123,68159431.57439429,12.59,0.0,12.87,BID
49,1712301360.4120698,68159431.57439429,12.59,0.0,12.87,BID
50,1712301390.3788488,68159431.57439429,12.59,0.0,12.87,BID
51,1712301409.6683292,68170236.22420429,12.59,4.6915118805064205e-06,12.87,BID
52,1712301409.6695426,68170236.2242045,12.59,9.058374533656187e-17,12.87,BID
53,1712301420.5514188,68170236.2242045,12.59,0.0,12.87,BID
54,1712301450.550748,68170236.2242045,12.59,0.0,12.87,BID
55,1712301456.6274943,68178236.2242045,12.58,-3.473493260695021e-06,12.87,ASK
56,1712301478.5671394,68238465.84965152,12.58,-2.615089976055114e-05,12.87,ASK
57,1712301480.3988914,68238465.84965152,12.58,-0.0,12.87,ASK
58,1712301510.39826,68238465.84965152,12.58,-0.0,12.87,ASK
59,1712301540.570268,68238465.84965152,12.58,-0.0,12.87,ASK
60,1712301570.5755603,68238465.84965152,12.58,-0.0,12.87,ASK
61,1712301600.4049811,68238465.84965152,12.58,-0.0,12.87,ASK
62,1712301630.4064772,68238465.84965152,12.58,-0.0,12.87,ASK
63,1712301639.9345963,68258436.96076262,12.6,8.693058252962624e-06,12.87,BID
64,1712301651.7846348,68258872.64176257,12.6,1.8964394575746762e-07,12.87,BID
65,1712301651.7864003,68277027.75474662,12.6,7.902587586710623e-06,12.87,BID
66,1712301651.804377,68277027.75474668,12.6,2.5944808293190617e-17,12.87,BID
67,1712301660.5543053,68277027.75474668,12.6,0.0,12.87,BID
68,1712301690.60604,68277027.75474668,12.6,0.0,12.87,BID
69,1712301720.4070463,68277027.75474668,12.6,0.0,12.87,BID
70,1712301725.4633667,68292913.3782574,12.59,-6.913258340555626e-06,12.87,ASK
71,1712301725.4643145,68410806.11852744,12.59,-5.1305695959177045e-05,12.87,ASK
72,1712301750.3849251,68410806.11852744,12.59,-0.0,12.87,ASK
73,1712301780.592903,68410806.11852744,12.59,-0.0,12.87,ASK
74,1712301806.4326675,68473995.91178273,12.58,-2.747939988508027e-05,12.87,ASK
75,1712301806.434067,68619647.1271436,12.58,-6.333946962731757e-05,12.87,ASK
76,1712301810.5737617,68619647.1271436,12.58,-0.0,12.87,ASK
77,1712301815.7325156,68635545.37833597,12.58,-6.905796324169052e-06,12.87,ASK
78,1712301840.4123485,68635545.37833597,12.58,-0.0,12.87,ASK
79,1712301870.4618073,68635545.37833597,12.58,-0.0,12.87,ASK
80,1712301900.583962,68635545.37833597,12.58,-0.0,12.87,ASK
81,1712301930.571404,68635545.37833597,12.58,-0.0,12.87,ASK
82,1712301946.4538434,68716696.69659017,12.58,-3.527562632047707e-05,12.87,ASK
83,1712301960.4313655,68716696.69659017,12.58,-0.0,12.87,ASK
84,1712301982.3208585,68717490.9777657,12.59,3.451125409249828e-07,12.87,BID
85,1712301990.39531,68717490.9777657,12.59,0.0,12.87,BID
86,1712302004.360767,68736392.30753511,12.58,-8.212529519929898e-06,12.87,ASK
87,1712302009.3208003,68753403.50432758,12.58,-7.391276567933671e-06,12.87,ASK
88,1712302012.8407884,68768713.5814408,12.58,-6.652148911142247e-06,12.87,ASK
89,1712302015.7806523,68782492.65084271,12.58,-5.986934020028669e-06,12.87,ASK
90,1712302019.340619,68794893.81330442,12.58,-5.388240618025155e-06,12.87,ASK
91,1712302020.590691,68794893.81330442,12.58,-0.0,12.87,ASK
92,1712302023.6159148,68822796.42884327,12.58,-1.2118414336533551e-05,12.87,ASK
93,1712302050.5602996,68822796.42884327,12.58,-0.0,12.87,ASK
94,1712302080.3903391,68822796.42884327,12.58,-0.0,12.87,ASK
95,1712302110.3720448,68822796.42884327,12.58,-0.0,12.87,ASK
96,1712302110.59982,68823193.64885916,12.59,1.7249074722228017e-07,12.87,BID
97,1712302134.009918,68823987.9300347,12.59,3.449125119452604e-07,12.87,BID
98,1712302140.5617251,68823987.9300347,12.59,0.0,12.87,BID
99,1712302170.519498,68823987.9300347,12.59,0.0,12.87,BID
100,1712302200.66176,68823987.9300347,12.59,0.0,12.87,BID
101,1712302208.3093688,68832358.71469635,12.58,-3.6598543878597432e-06,12.87,ASK
102,1712302212.1706774,68851192.98018508,12.58,-8.234672372690937e-06,12.87,ASK
103,1712302215.2676752,68865318.67930163,12.58,-6.176004279523089e-06,12.87,ASK
104,1712302219.4293566,68875912.95363905,12.58,-4.632003209639059e-06,12.87,ASK
105,1712302223.4891744,68891804.36514516,12.58,-6.94800481445859e-06,12.87,ASK
106,1712302230.5812497,68891804.36514516,12.58,-0.0,12.87,ASK
107,1712302260.4112148,68891804.36514516,12.58,-0.0,12.87,ASK
108,1712302264.298998,68892599.27770478,12.58,-3.474201732431706e-07,12.87,ASK
109,1712302264.30092,68896573.84050286,12.58,-1.7371008662223654e-06,12.87,ASK
110,1712302264.311648,69195666.77613528,12.57,-0.0001307199367484,12.87,ASK
111,1712302264.3131137,69238127.3641462,12.58,-1.8557594372307267e-05,12.87,ASK
112,1712302264.3145912,69254063.61912628,12.55,-6.965013194300852e-06,12.87,ASK
113,1712302264.3160822,69269974.51809207,12.57,-6.953931232180741e-06,12.87,ASK
114,1712302264.3175523,69270380.56904747,12.56,-1.7746642893547145e-07,12.87,ASK
115,1712302264.3190107,69286278.82023983,12.58,-6.948403464902488e-06,12.87,ASK
116,1712302264.3201492,69327193.03787287,12.57,-1.788174611945857e-05,12.87,ASK
117,1712302264.3209803,69356693.03787287,12.56,-1.2893110049306072e-05,12.87,ASK
118,1712302264.321811,69500794.67246287,12.54,-6.298027908656812e-05,12.87,ASK
119,1712302264.322647,69748662.6230628,12.55,-0.0001083318225349,12.87,ASK
120,1712302264.3237069,69788025.34236105,12.54,-1.720365666956602e-05,12.87,ASK
121,1712302264.3245652,69819025.34236105,12.55,-1.3548691916219942e-05,12.87,ASK
122,1712302264.3254316,69834948.90924004,12.56,-6.959467801637112e-06,12.87,ASK
123,1712302264.3262994,69882757.67418025,12.55,-2.089503958290256e-05,12.87,ASK
124,1712302290.3995917,69882757.67418025,12.55,-0.0,12.87,ASK
125,1712302320.59857,69882757.67418025,12.55,-0.0,12.87,ASK
126,1712302350.5495524,69882757.67418025,12.55,-0.0,12.87,ASK
127,1712302380.4081328,69882757.67418025,12.55,-0.0,12.87,ASK
128,1712302391.038468,69883307.75770423,12.55,-2.391160298984351e-07,12.87,ASK
129,1712302410.378105,69883307.75770423,12.55,-0.0,12.87,ASK
130,1712302414.4681633,69883785.84535363,12.55,2.0781949036672894e-07,12.87,BID
131,1712302415.3880112,69887781.45298669,12.54,-1.7368470886879576e-06,12.87,ASK
132,1712302440.541332,69887781.45298669,12.54,-0.0,12.87,ASK
133,1712302470.5678449,69887781.45298669,12.54,-0.0,12.87,ASK
134,1712302500.3933408,69887781.45298669,12.54,-0.0,12.87,ASK
135,1712302530.427466,69887781.45298669,12.54,-0.0,12.87,ASK
136,1712302560.5397213,69887781.45298669,12.54,-0.0,12.87,ASK
137,1712302570.9574063,69897171.04181331,12.55,4.082991728597484e-06,12.87,BID
138,1712302570.959698,69911515.34181333,12.55,6.237510431392506e-06,12.87,BID
139,1712302590.5402057,69911515.34181333,12.55,0.0,12.87,BID
140,1712302620.4082742,69911515.34181333,12.55,0.0,12.87,BID
141,1712302650.3900352,69911515.34181333,12.55,0.0,12.87,BID
142,1712302680.5293417,69911515.34181333,12.55,0.0,12.87,BID
143,1712302710.5665455,69911515.34181333,12.55,0.0,12.87,BID
144,1712302740.358574,69911515.34181333,12.55,0.0,12.87,BID
145,1712302770.4012122,69911515.34181333,12.55,0.0,12.87,BID
146,1712302780.8463483,69935249.23063995,12.54,-1.031916559789944e-05,12.87,ASK
147,1712302800.40901,69935249.23063995,12.54,-0.0,12.87,ASK
148,1712302812.306172,69959172.67561603,12.54,-1.0464955906296775e-05,12.87,ASK
149,1712302830.4114068,69959172.67561603,12.54,-0.0,12.87,ASK
150,1712302842.326311,69967118.38136908,12.54,-3.47527498039993e-06,12.87,ASK
151,1712302845.7960465,69971091.23424561,12.54,-1.737637490199965e-06,12.87,ASK
152,1712302860.5468318,69971091.23424561,12.54,-0.0,12.87,ASK
153,1712302890.5592306,69971091.23424561,12.54,-0.0,12.87,ASK
154,1712302906.4058745,69981226.499993,12.54,-4.432650063150645e-06,12.87,ASK
155,1712302913.2658005,69997175.46331038,12.54,-6.975265870480164e-06,12.87,ASK
156,1712302920.4204843,69997175.46331038,12.54,-0.0,12.87,ASK
157,1712302950.388173,69997175.46331038,12.54,-0.0,12.87,ASK
158,1712302975.5455515,70001667.64817034,12.55,-1.9643723065441483e-06,12.87,ASK
159,1712302976.1253967,70002146.11706986,12.58,2.092280449394532e-07,12.87,BID
160,1712302980.545438,70002146.11706986,12.58,0.0,12.87,BID
161,1712303010.540897,70002146.11706986,12.58,0.0,12.87,BID
162,1712303010.6177275,70031667.64817034,12.58,1.2909018150794129e-05,12.87,BID
163,1712303010.619033,70057789.99624313,12.58,1.1422641470231752e-05,12.87,BID
164,1712303018.7653124,70058584.90880275,12.58,3.4759513744117897e-07,12.87,BID
165,1712303040.4153345,70058584.90880275,12.58,0.0,12.87,BID
166,1712303070.3877428,70058584.90880275,12.58,0.0,12.87,BID
167,1712303089.7354045,70098330.53678368,12.58,1.7374362740209628e-05,12.87,BID
168,1712303089.7379498,70131340.14978872,12.58,1.4429788115026912e-05,12.87,BID
169,1712303089.7402585,70737574.5028388,12.59,0.0002650086585755,12.87,BID
170,1712303092.225099,70773440.18966112,12.59,-1.567828927187957e-05,12.87,ASK
171,1712303100.4151428,70773440.18966112,12.59,-0.0,12.87,ASK
172,1712303130.4005227,70773440.18966112,12.59,-0.0,12.87,ASK
173,1712303160.4351091,70773440.18966112,12.59,-0.0,12.87,ASK
174,1712303190.4174423,70773440.18966112,12.59,-0.0,12.87,ASK
175,1712303220.5668075,70773440.18966112,12.59,-0.0,12.87,ASK
176,1712303250.5761075,70773440.18966112,12.59,-0.0,12.87,ASK
177,1712303280.3585672,70773440.18966112,12.59,-0.0,12.87,ASK
178,1712303285.6153834,70774232.58268806,12.55,-3.451824928349968e-07,12.87,ASK
179,1712303310.3976283,70774232.58268806,12.55,-0.0,12.87,ASK
180,1712303340.20777,70851932.66038813,12.55,-3.384758499125971e-05,12.87,ASK
181,1712303340.555996,70851932.66038813,12.55,-0.0,12.87,ASK
182,1712303370.556174,70851932.66038813,12.55,-0.0,12.87,ASK
183,1712303388.066311,70852362.64209941,12.55,-1.8722842096318817e-07,12.87,ASK
184,1712303400.461343,70852362.64209941,12.55,-0.0,12.87,ASK
185,1712303401.4964056,70876267.02456953,12.55,-1.0415322836402687e-05,12.87,ASK
186,1712303418.72662,70967743.0019122,12.55,-3.9856785130950365e-05,12.87,ASK
187,1712303426.1166325,71065970.8643371,12.55,-4.279863326166344e-05,12.87,ASK
188,1712303430.4113374,71065970.8643371,12.55,-0.0,12.87,ASK
189,1712303460.5668027,71065970.8643371,12.55,-0.0,12.87,ASK
190,1712303490.5706315,71065970.8643371,12.55,-0.0,12.87,ASK
191,1712303520.4169805,71065970.8643371,12.55,-0.0,12.87,ASK
192,1712303550.4055269,71065970.8643371,12.55,-0.0,12.87,ASK
193,1712303580.55735,71065970.8643371,12.55,-0.0,12.87,ASK
194,1712303586.6474276,71097722.5044406,12.56,-1.3818292902873096e-05,12.87,ASK
195,1712303604.417623,71105722.5044406,12.55,-3.4815947416456463e-06,12.87,ASK
196,1712303608.9076552,71108112.94268762,12.55,-1.0403171538773803e-06,12.87,ASK
197,1712303610.5475268,71108112.94268762,12.55,-0.0,12.87,ASK
198,1712303610.617462,71147921.85988507,12.56,1.7320825477758075e-05,12.87,BID
199,1712303640.4004326,71147921.85988507,12.56,0.0,12.87,BID
200,1712303641.1922934,71166017.03171423,12.56,7.871481191331567e-06,12.87,BID
201,1712303670.3779535,71166017.03171423,12.56,0.0,12.87,BID
202,1712303681.797793,71187423.76498348,12.56,-9.31110477311492e-06,12.87,ASK
203,1712303681.959976,71251168.78490378,12.55,-2.772662936362178e-05,12.87,ASK
204,1712303681.961964,71333918.97111589,12.55,-3.5993144966340675e-05,12.87,ASK
205,1712303682.0578823,71349867.93443327,12.54,-6.93718497833776e-06,12.87,ASK
206,1712303682.060441,71352509.76509988,12.54,-1.1490946245887907e-06,12.87,ASK
207,1712303682.117975,71354104.66143163,12.54,-6.937184978357205e-07,12.87,ASK
208,1712303682.1205585,71367411.79408237,12.54,-5.7880903537424885e-06,12.87,ASK
209,1712303682.128262,71367521.45183219,12.53,-4.769689914317582e-08,12.87,ASK
210,1712303682.1307545,71397521.45183219,12.54,-1.304884494425743e-05,12.87,ASK
211,1712303682.1327822,71405502.29780187,12.53,-3.4713607194105546e-06,12.87,ASK
212,1712303682.134791,71417489.5386312,12.54,-5.213988229714893e-06,12.87,ASK
213,1712303682.1368403,71419036.35425694,12.53,-6.728052419220968e-07,12.87,ASK
214,1712303682.2215085,71440399.03491172,12.53,-9.291943581929998e-06,12.87,ASK
215,1712303682.2241275,71476860.27032828,12.53,-1.585923358089256e-05,12.87,ASK
216,1712303700.4378512,71476860.27032828,12.53,-0.0,12.87,ASK
217,1712303730.3979151,71476860.27032828,12.53,-0.0,12.87,ASK
218,1712303760.5580003,71476860.27032828,12.53,-0.0,12.87,ASK
219,1712303790.5910778,71476860.27032828,12.53,-0.0,12.87,ASK
220,1712303820.38828,71476860.27032828,12.53,-0.0,12.87,ASK
221,1712303850.4016795,71476860.27032828,12.53,-0.0,12.87,ASK
222,1712303880.5683262,71476860.27032828,12.53,-0.0,12.87,ASK
223,1712303910.578313,71476860.27032828,12.53,-0.0,12.87,ASK
224,1712303914.8783216,71496860.27032828,12.52,-8.684539525050087e-06,12.87,ASK
225,1712303934.5784788,71497860.27032828,12.53,-4.342269762525044e-07,12.87,ASK
226,1712303934.5813203,71504860.27032828,12.53,-3.0395888337675306e-06,12.87,ASK
227,1712303940.3986392,71504860.27032828,12.53,-0.0,12.87,ASK
228,1712303970.3645856,71504860.27032828,12.53,-0.0,12.87,ASK
229,1712304000.5318122,71504860.27032828,12.53,-0.0,12.87,ASK
230,1712304030.3884723,71504860.27032828,12.53,-0.0,12.87,ASK
231,1712304060.5583951,71504860.27032828,12.53,-0.0,12.87,ASK
232,1712304090.5685923,71504860.27032828,12.53,-0.0,12.87,ASK
233,1712304120.4140182,71504860.27032828,12.53,-0.0,12.87,ASK
234,1712304150.3616748,71504860.27032828,12.53,-0.0,12.87,ASK
235,1712304180.561469,71504860.27032828,12.53,-0.0,12.87,ASK
236,1712304210.5736556,71504860.27032828,12.53,-0.0,12.87,ASK
237,1712304227.758587,71584668.730025,12.53,-3.466996653335448e-05,12.87,ASK
238,1712304227.7615378,71604860.27032828,12.53,-8.771501532948341e-06,12.87,ASK
239,1712304240.361415,71604860.27032828,12.53,-0.0,12.87,ASK
240,1712304270.3913968,71604860.27032828,12.53,-0.0,12.87,ASK
241,1712304300.5816782,71604860.27032828,12.53,-0.0,12.87,ASK
242,1712304330.5721743,71604860.27032828,12.53,-0.0,12.87,ASK
243,1712304360.371032,71604860.27032828,12.53,-0.0,12.87,ASK
244,1712304390.4144306,71604860.27032828,12.53,-0.0,12.87,ASK
245,1712304394.278562,71605860.27032828,12.54,-4.348169939681247e-07,12.87,ASK
246,1712304408.3685656,71606260.27032828,12.57,1.739267975872499e-07,12.87,BID
247,1712304419.488482,71630183.71530436,12.54,-1.040232042985941e-05,12.87,ASK
248,1712304420.5583415,71630183.71530436,12.54,-0.0,12.87,ASK
249,1712304436.978892,71630583.71530436,12.57,1.7390278440157853e-07,12.87,BID
250,1712304450.5485466,71630583.71530436,12.57,0.0,12.87,BID
251,1712304480.4162006,71630583.71530436,12.57,0.0,12.87,BID
252,1712304510.3853986,71630583.71530436,12.57,0.0,12.87,BID
253,1712304540.5517852,71630583.71530436,12.57,0.0,12.87,BID
254,1712304570.5511703,71630583.71530436,12.57,0.0,12.87,BID
255,1712304600.450598,71630583.71530436,12.57,0.0,12.87,BID
256,1712304630.3885188,71630583.71530436,12.57,0.0,12.87,BID
257,1712304660.5516922,71630583.71530436,12.57,0.0,12.87,BID
258,1712304668.0186694,71642935.83235876,12.54,-5.375584057388404e-06,12.87,ASK
259,1712304672.9582925,71652333.71530436,12.54,4.089915073914179e-06,12.87,BID
260,1712304672.9597497,71668646.21530376,12.54,7.099124348217541e-06,12.87,BID
261,1712304672.961218,71668646.21530436,12.54,2.5939664981290073e-16,12.87,BID
262,1712304682.8087778,71676620.69696306,12.54,-3.470457435079819e-06,12.87,ASK
263,1712304690.5584538,71676620.69696306,12.54,-0.0,12.87,ASK
264,1712304720.3918505,71676620.69696306,12.54,-0.0,12.87,ASK
265,1712304750.408583,71676620.69696306,12.54,-0.0,12.87,ASK
266,1712304758.0684853,71705620.69696306,12.55,1.261749548991318e-05,12.87,BID
267,1712304758.0716548,71730089.44696306,12.55,1.0646011819614246e-05,12.87,BID
268,1712304778.7883992,71759589.44696306,12.57,1.283503851560134e-05,12.87,BID
269,1712304778.7907484,72525634.39525263,12.57,0.000333295471728,12.87,BID
270,1712304780.5685675,72525634.39525263,12.57,0.0,12.87,BID
271,1712304787.0884008,72625634.39525263,12.57,4.330753614959366e-05,12.87,BID
272,1712304790.523066,72641128.44958517,12.57,6.7100931811022005e-06,12.87,BID
273,1712304790.5248244,72649109.29555462,12.57,3.456307753264443e-06,12.87,BID
274,1712304790.5383186,72649109.29555485,12.57,9.679988656102192e-17,12.87,BID
275,1712304810.540941,72649109.29555485,12.57,0.0,12.87,BID
276,1712304837.2683918,72728537.41310845,12.59,3.4375254797201664e-05,12.87,BID
277,1712304840.3765552,72728537.41310845,12.59,0.0,12.87,BID
278,1712304844.0283828,72741684.7225602,12.59,5.687489736712106e-06,12.87,BID
279,1712304844.038589,72785467.81456634,12.59,1.8940444608874024e-05,12.87,BID
280,1712304844.04093,72827316.73253681,12.6,1.8103726266057164e-05,12.87,BID
281,1712304844.0433695,72830516.82641181,12.59,1.384351766984289e-06,12.87,BID
282,1712304844.046274,73101473.2186436,12.6,0.0001172149865013,12.87,BID
283,1712304844.1694696,73128473.2186436,12.6,-1.1680125386480289e-05,12.87,ASK
284,1712304870.4025407,73128473.2186436,12.6,-0.0,12.87,ASK
285,1712304900.4451554,73128473.2186436,12.6,-0.0,12.87,ASK
286,1712304930.3920617,73128473.2186436,12.6,-0.0,12.87,ASK
287,1712304960.5483131,73128473.2186436,12.6,-0.0,12.87,ASK
288,1712304990.5616438,73128473.2186436,12.6,-0.0,12.87,ASK
289,1712305020.3981411,73128473.2186436,12.6,-0.0,12.87,ASK
290,1712305050.3804562,73128473.2186436,12.6,-0.0,12.87,ASK
291,1712305077.6503098,73128537.41310845,12.6,-2.77191990285223e-08,12.87,ASK
292,1712305077.6535845,73283189.69014452,12.6,-6.677892334743256e-05,12.87,ASK
293,1712305080.5958476,73283189.69014452,12.6,-0.0,12.87,ASK
294,1712305110.5549955,73283189.69014452,12.6,-0.0,12.87,ASK
295,1712305139.0378966,73283689.69014452,12.56,-2.1571864259075495e-07,12.87,ASK
296,1712305140.3943565,73283689.69014452,12.56,-0.0,12.87,ASK
297,1712305170.377892,73283689.69014452,12.56,-0.0,12.87,ASK
298,1712305200.500016,73283689.69014452,12.56,-0.0,12.87,ASK
299,1712305230.3578207,73283689.69014452,12.56,-0.0,12.87,ASK
300,1712305260.5460129,73283689.69014452,12.56,-0.0,12.87,ASK
301,1712305286.617883,73313789.61077945,12.6,1.3125868528802274e-05,12.87,BID
302,1712305290.5681784,73313789.61077945,12.6,0.0,12.87,BID
303,1712305293.4880211,73328431.95204929,12.6,6.384125325579311e-06,12.87,BID
304,1712305293.491226,73328832.03141437,12.6,1.7443636641440154e-07,12.87,BID
305,1712305320.0986805,73332478.44141437,12.57,-1.589850830507506e-06,12.87,ASK
306,1712305320.390311,73332478.44141437,12.57,-0.0,12.87,ASK
307,1712305345.5594945,73342848.76107316,12.61,4.521041115800409e-06,12.87,BID
308,1712305345.5621016,73432478.44141437,12.61,3.907492568711334e-05,12.87,BID
309,1712305350.402421,73432478.44141437,12.61,0.0,12.87,BID
310,1712305380.4926715,73432478.44141437,12.61,0.0,12.87,BID
311,1712305410.3685994,73432478.44141437,12.61,0.0,12.87,BID
312,1712305414.1985977,73461478.44141437,12.62,1.2635883857087453e-05,12.87,BID
313,1712305414.358418,73670077.54994251,12.62,-9.089083131219042e-05,12.87,ASK
314,1712305418.658847,73801212.45754808,12.63,5.713811938323866e-05,12.87,BID
315,1712305430.3189323,73805834.52069518,12.63,2.0139259692018013e-06,12.87,BID
316,1712305430.328729,74101212.45754808,12.63,0.0001287021139317,12.87,BID
317,1712305431.749352,74151212.45754808,12.64,2.178600665015077e-05,12.87,BID
318,1712305431.752827,74181712.45754808,12.64,1.3289464056591976e-05,12.87,BID
319,1712305431.756166,74624756.80540337,12.64,0.0001930433421737,12.87,BID
320,1712305431.8486538,74654256.80540337,12.65,1.285374392358896e-05,12.87,BID
321,1712305440.5630217,74654256.80540337,12.65,0.0,12.87,BID
322,1712305459.8188126,74656644.07868844,12.65,-1.0332344008940136e-06,12.87,ASK
323,1712305470.5588932,74656644.07868844,12.65,-0.0,12.87,ASK
324,1712305488.2793014,74660874.81868845,12.65,-1.83108025462081e-06,12.87,ASK
325,1712305500.3629117,74660874.81868845,12.65,-0.0,12.87,ASK
326,1712305530.4094129,74660874.81868845,12.65,-0.0,12.87,ASK
327,1712305533.829489,74662161.94374329,12.65,-5.571310025922805e-07,12.87,ASK
328,1712305533.8329926,74691161.94374329,12.65,-1.2552625725424431e-05,12.87,ASK
329,1712305533.8422904,76602488.79841964,12.64,-0.0008273162291622,12.87,ASK
330,1712305534.1591947,76639528.54201964,12.61,-1.6032622012980495e-05,12.87,ASK
331,1712305534.162789,76695465.33971964,12.61,-2.4212196062307487e-05,12.87,ASK
332,1712305560.5691884,76695465.33971964,12.61,-0.0,12.87,ASK
333,1712305575.5893898,76711422.41281137,12.59,-6.830972885472262e-06,12.87,ASK
334,1712305575.5930483,76730358.28182907,12.59,-8.10614873286714e-06,12.87,ASK
335,1712305590.55908,76730358.28182907,12.59,-0.0,12.87,ASK
336,1712305620.4393165,76730358.28182907,12.59,-0.0,12.87,ASK
337,1712305650.409482,76730358.28182907,12.59,-0.0,12.87,ASK
338,1712305653.041807,76760358.28182907,12.6,-1.2840115100401426e-05,12.87,ASK
339,1712305677.8894544,76767560.9587447,12.6,3.0827733542567497e-06,12.87,BID
340,1712305680.5751748,76767560.9587447,12.6,0.0,12.87,BID
341,1712305710.5595486,76767560.9587447,12.6,0.0,12.87,BID
342,1712305736.4098845,76810038.12444745,12.6,-1.8176743121278942e-05,12.87,ASK
343,1712305736.4136004,76846363.16520649,12.6,-1.5544138216934245e-05,12.87,ASK
344,1712305740.3763952,76846363.16520649,12.6,-0.0,12.87,ASK
345,1712305770.399632,76846363.16520649,12.6,-0.0,12.87,ASK
346,1712305800.4496691,76846363.16520649,12.6,-0.0,12.87,ASK
347,1712305830.3897872,76846363.16520649,12.6,-0.0,12.87,ASK
348,1712305860.6014156,76846363.16520649,12.6,-0.0,12.87,ASK
349,1712305890.5701983,76846363.16520649,12.6,-0.0,12.87,ASK
350,1712305893.000488,76891969.93631929,12.6,-1.970968986889133e-05,12.87,ASK
351,1712305893.0402875,76903922.57444829,12.6,5.16552224350471e-06,12.87,BID
352,1712305893.0599632,76903922.57444882,12.6,2.318318379361893e-16,12.87,BID
353,1712305919.6002965,76918312.4267594,12.59,-6.218803028156968e-06,12.87,ASK
354,1712305920.352725,76918312.4267594,12.59,-0.0,12.87,ASK
355,1712305950.4048758,76918312.4267594,12.59,-0.0,12.87,ASK
356,1712305980.440176,76918312.4267594,12.59,-0.0,12.87,ASK
357,1712306010.3719444,76918312.4267594,12.59,-0.0,12.87,ASK
358,1712306031.9402688,76921612.74675941,12.59,-1.4257271714100732e-06,12.87,ASK
359,1712306040.5701883,76921612.74675941,12.59,-0.0,12.87,ASK
360,1712306070.5723145,76921612.74675941,12.59,-0.0,12.87,ASK
361,1712306100.394929,76921612.74675941,12.59,-0.0,12.87,ASK
362,1712306113.5967257,76932922.57444882,12.59,-4.893333906925356e-06,12.87,ASK
363,1712306113.6002705,76955612.74675941,12.59,-9.817177818311392e-06,12.87,ASK
364,1712306130.3630972,76955612.74675941,12.59,-0.0,12.87,ASK
365,1712306160.5400355,76955612.74675941,12.59,-0.0,12.87,ASK
366,1712306190.5678308,76955612.74675941,12.59,-0.0,12.87,ASK
367,1712306199.5200412,76964405.75389095,12.62,3.8036965500327968e-06,12.87,BID
368,1712306199.5299478,76995405.75389095,12.62,1.341004178515601e-05,12.87,BID
369,1712306218.3503718,77002181.3533882,12.62,2.9310023347651848e-06,12.87,BID
370,1712306218.354002,77011305.32588822,12.62,3.946866208766652e-06,12.87,BID
371,1712306218.356917,77066257.33867699,12.62,2.377125121535057e-05,12.87,BID
372,1712306220.3908465,77066257.33867699,12.62,0.0,12.87,BID
373,1712306235.210061,77072870.17707972,12.62,2.858867976166949e-06,12.87,BID
374,1712306235.350037,77077609.73817971,12.62,-2.0490111242172613e-06,12.87,ASK
375,1712306235.3899956,77084564.52897972,12.62,-3.006701130161814e-06,12.87,ASK
376,1712306250.3901176,77084564.52897972,12.62,-0.0,12.87,ASK
377,1712306263.1300163,77096097.11680694,12.62,-4.9852803317605884e-06,12.87,ASK
378,1712306280.5609837,77096097.11680694,12.62,-0.0,12.87,ASK
379,1712306310.574289,77096097.11680694,12.62,-0.0,12.87,ASK
380,1712306340.364473,77096097.11680694,12.62,-0.0,12.87,ASK
381,1712306370.3600094,77096097.11680694,12.62,-0.0,12.87,ASK
382,1712306390.2703178,77172384.3819095,12.59,-3.297520750368437e-05,12.87,ASK
383,1712306390.2740831,77256077.01495159,12.59,-3.617618140304218e-05,12.87,ASK
384,1712306390.2800455,77304949.59827195,12.57,-2.112519794835227e-05,12.87,ASK
385,1712306390.282942,77334949.59827195,12.58,-1.2967514614405354e-05,12.87,ASK
386,1712306400.4568236,77334949.59827195,12.58,-0.0,12.87,ASK
387,1712306430.3677957,77334949.59827195,12.58,-0.0,12.87,ASK
388,1712306460.570008,77334949.59827195,12.58,-0.0,12.87,ASK
389,1712306490.5832927,77334949.59827195,12.58,-0.0,12.87,ASK
390,1712306493.9800627,77364449.59827195,12.58,-1.276334704615689e-05,12.87,ASK
391,1712306493.9831896,77517779.4869842,12.58,-6.633907058247327e-05,12.87,ASK
392,1712306506.657566,77524280.04919092,12.62,2.8125061504959186e-06,12.87,BID
393,1712306506.6656518,77581779.4869842,12.62,2.4877467102183432e-05,12.87,BID
394,1712306520.4145184,77581779.4869842,12.62,0.0,12.87,BID
395,1712306550.3501866,77581779.4869842,12.62,0.0,12.87,BID
396,1712306580.460041,77581779.4869842,12.62,0.0,12.87,BID
397,1712306610.3806934,77581779.4869842,12.62,0.0,12.87,BID
398,1712306640.5499809,77581779.4869842,12.62,0.0,12.87,BID
399,1712306670.559996,77581779.4869842,12.62,0.0,12.87,BID
400,1712306674.0801654,77582179.4869842,12.61,1.728299532999502e-07,12.87,BID
401,1712306700.450235,77582179.4869842,12.61,0.0,12.87,BID
402,1712306730.3818204,77582179.4869842,12.61,0.0,12.87,BID
403,1712306753.5599835,77582579.4869842,12.6,-1.728587048569995e-07,12.87,ASK
404,1712306760.5641336,77582579.4869842,12.6,-0.0,12.87,ASK
405,1712306788.780027,77587359.09395722,12.6,2.0654871790335354e-06,12.87,BID
406,1712306788.7839272,77598452.50285721,12.6,4.79397029589297e-06,12.87,BID
407,1712306790.57229,77598452.50285721,12.6,0.0,12.87,BID
408,1712306820.394536,77598452.50285721,12.6,0.0,12.87,BID
409,1712306850.4180138,77598452.50285721,12.6,0.0,12.87,BID
410,1712306874.880092,77604105.12606864,12.58,-2.442546390813424e-06,12.87,ASK
411,1712306874.8841174,77617031.39285721,12.58,-5.585549418415783e-06,12.87,ASK
412,1712306880.5727336,77617031.39285721,12.58,-0.0,12.87,ASK
413,1712306910.5427446,77617031.39285721,12.58,-0.0,12.87,ASK
414,1712306916.2898471,77625885.36575721,12.59,3.8254903704992375e-06,12.87,BID
415,1712306916.349777,77626996.33735721,12.59,-4.80011764852097e-07,12.87,ASK
416,1712306926.9100878,77627589.17195721,12.6,2.561429856651096e-07,12.87,BID
417,1712306926.913314,77636650.09579714,12.6,3.914906594920133e-06,12.87,BID
418,1712306939.400051,77640350.09579714,12.61,1.5986399021892275e-06,12.87,BID
419,1712306939.404139,77677830.09183203,12.61,1.619378843115401e-05,12.87,BID
420,1712306940.399849,77677830.09183203,12.61,0.0,12.87,BID
421,1712306967.3901498,77750550.70428392,12.61,3.1409619190217854e-05,12.87,BID
422,1712306967.3941028,77751124.36358392,12.61,2.477759681937423e-07,12.87,BID
423,1712306967.398002,77752807.84968393,12.61,7.271343781393636e-07,12.87,BID
424,1712306970.405428,77752807.84968393,12.61,0.0,12.87,BID
425,1712307000.4299874,77752807.84968393,12.61,0.0,12.87,BID
426,1712307015.1699274,77801993.13293092,12.62,-2.1249051980506704e-05,12.87,ASK
427,1712307015.1897838,77843445.77106091,12.62,-1.790839056329344e-05,12.87,ASK
428,1712307030.3209977,77848931.19937976,12.63,2.369817632178976e-06,12.87,BID
429,1712307030.372657,77848931.19937976,12.63,0.0,12.87,BID
430,1712307056.3198364,77859281.08380833,12.63,-4.469020320065371e-06,12.87,ASK
431,1712307060.55979,77859281.08380833,12.63,-0.0,12.87,ASK
432,1712307090.5645404,77859281.08380833,12.63,-0.0,12.87,ASK
433,1712307095.8098705,78163142.02774937,12.6,-0.0001311979953282,12.87,ASK
434,1712307095.8120725,78424531.8401283,12.62,-0.0001128602410647,12.87,ASK
435,1712307095.8139155,78454031.8401283,12.6,-1.2737210685868938e-05,12.87,ASK
436,1712307095.8208482,78644464.49068242,12.61,-8.222307768055219e-05,12.87,ASK
437,1712307095.9566822,78668918.81398243,12.59,-1.0558639595000163e-05,12.87,ASK
438,1712307120.3958652,78668918.81398243,12.59,-0.0,12.87,ASK
439,1712307147.6897795,78679280.35539791,12.6,4.454168821747934e-06,12.87,BID
440,1712307150.402772,78679280.35539791,12.6,0.0,12.87,BID
441,1712307180.565674,78679280.35539791,12.6,0.0,12.87,BID
442,1712307181.090108,78687286.76052201,12.6,-3.441561185311855e-06,12.87,ASK
443,1712307210.5697565,78687286.76052201,12.6,-0.0,12.87,ASK
444,1712307240.374852,78687286.76052201,12.6,-0.0,12.87,ASK
445,1712307245.3597474,78758983.06087103,12.6,-3.0817389475886194e-05,12.87,ASK
446,1712307270.4096682,78758983.06087103,12.6,-0.0,12.87,ASK
447,1712307300.4034944,78758983.06087103,12.6,-0.0,12.87,ASK
448,1712307300.7497685,78778793.51491696,12.6,-8.519292898415553e-06,12.87,ASK
449,1712307330.379649,78778793.51491696,12.6,-0.0,12.87,ASK
450,1712307333.589792,78799225.69097388,12.6,-8.785715310657713e-06,12.87,ASK
451,1712307360.5628402,78799225.69097388,12.6,-0.0,12.87,ASK
452,1712307390.040003,78814132.20448793,12.6,-6.409003499670732e-06,12.87,ASK
453,1712307390.5700014,78814132.20448793,12.6,-0.0,12.87,ASK
454,1712307420.379958,78814132.20448793,12.6,-0.0,12.87,ASK
455,1712307450.3769336,78814132.20448793,12.6,-0.0,12.87,ASK
456,1712307469.3902726,78821989.04954606,12.6,-3.3777503674243658e-06,12.87,ASK
457,1712307480.56337,78821989.04954606,12.6,-0.0,12.87,ASK
458,1712307510.5604873,78821989.04954606,12.6,-0.0,12.87,ASK
459,1712307537.9401324,78831989.04954606,12.6,-4.298934995744847e-06,12.87,ASK
460,1712307540.3910298,78831989.04954606,12.6,-0.0,12.87,ASK
461,1712307560.6054726,78841989.04954606,12.6,-4.298702149746888e-06,12.87,ASK
462,1712307570.4148474,78841989.04954606,12.6,-0.0,12.87,ASK
463,1712307586.6005898,78843463.41481256,12.63,6.337513877758793e-07,12.87,BID
464,1712307600.4766889,78843463.41481256,12.63,0.0,12.87,BID
465,1712307630.3966951,78843463.41481256,12.63,0.0,12.87,BID
466,1712307660.5504973,78843463.41481256,12.63,0.0,12.87,BID
467,1712307690.57537,78843463.41481256,12.63,0.0,12.87,BID
468,1712307693.3305051,78851373.15748674,12.63,3.426942142726703e-06,12.87,BID
469,1712307720.37164,78851373.15748674,12.63,0.0,12.87,BID
470,1712307750.3658395,78851373.15748674,12.63,0.0,12.87,BID
471,1712307780.5347967,78851373.15748674,12.63,0.0,12.87,BID
472,1712307797.9507754,78852173.15748674,12.63,3.465896643610567e-07,12.87,BID
473,1712307810.5708528,78852173.15748674,12.63,0.0,12.87,BID
474,1712307840.383979,78852173.15748674,12.63,0.0,12.87,BID
475,1712307849.2807972,78863231.69272031,12.63,4.790946546639876e-06,12.87,BID
476,1712307870.4007933,78863231.69272031,12.63,0.0,12.87,BID
477,1712307900.560836,78863231.69272031,12.63,0.0,12.87,BID
478,1712307930.5508163,78863231.69272031,12.63,0.0,12.87,BID
479,1712307960.3909936,78863231.69272031,12.63,0.0,12.87,BID
480,1712307990.366384,78863231.69272031,12.63,0.0,12.87,BID
481,1712308007.1932244,78864007.78634128,12.6,-3.39125968103494e-07,12.87,ASK
482,1712308020.02736,78879880.8022143,12.6,-6.935956860365084e-06,12.87,ASK
483,1712308020.5744665,78879880.8022143,12.6,-0.0,12.87,ASK
484,1712308050.5918376,78879880.8022143,12.6,-0.0,12.87,ASK
485,1712308080.351096,78879880.8022143,12.6,-0.0,12.87,ASK
486,1712308110.4711726,78879880.8022143,12.6,-0.0,12.87,ASK
487,1712308140.5886662,78879880.8022143,12.6,-0.0,12.87,ASK
488,1712308170.547335,78879880.8022143,12.6,-0.0,12.87,ASK
489,1712308172.631225,78944607.87833378,12.6,-2.8280892685183427e-05,12.87,ASK
490,1712308172.6427183,78959080.505057,12.61,-6.3234557741622665e-06,12.87,ASK
491,1712308190.281202,78963208.9135737,12.6,-1.8038058447995968e-06,12.87,ASK
492,1712308190.285767,79002373.14738655,12.6,-1.7111841905452078e-05,12.87,ASK
493,1712308194.6655731,79403590.9954529,12.6,-0.0001753022009459,12.87,ASK
494,1712308194.6724749,79415335.60280924,12.6,-5.13151528212293e-06,12.87,ASK
495,1712308200.471029,79415335.60280924,12.6,-0.0,12.87,ASK
496,1712308230.4706483,79415335.60280924,12.6,-0.0,12.87,ASK
497,1712308233.7213264,79649710.60280924,12.6,-0.0001021601596511,12.87,ASK
498,1712308260.566521,79649710.60280924,12.6,-0.0,12.87,ASK
499,1712308290.5614345,79649710.60280924,12.6,-0.0,12.87,ASK
500,1712308320.3913913,79649710.60280924,12.6,-0.0,12.87,ASK
501,1712308350.3960557,79649710.60280924,12.6,-0.0,12.87,ASK
502,1712308380.5614564,79649710.60280924,12.6,-0.0,12.87,ASK
503,1712308410.541323,79649710.60280924,12.6,-0.0,12.87,ASK
504,1712308440.3890789,79649710.60280924,12.6,-0.0,12.87,ASK
505,1712308470.431529,79649710.60280924,12.6,-0.0,12.87,ASK
506,1712308484.4417205,79666359.75596584,12.6,-7.247759170540371e-06,12.87,ASK
507,1712308484.4465096,79744695.65781024,12.6,-3.410141919139751e-05,12.87,ASK
508,1712308489.671604,79745249.80411781,12.6,-2.41232628756084e-07,12.87,ASK
509,1712308500.417923,79745249.80411781,12.6,-0.0,12.87,ASK
510,1712308529.581131,79775665.55227268,12.6,-1.3305951064860908e-05,12.87,ASK
511,1712308529.591664,79878922.10509236,12.59,-4.517155494415288e-05,12.87,ASK
512,1712308529.595839,79926710.66125982,12.58,-2.0906018375313667e-05,12.87,ASK
513,1712308529.599388,79971104.71243626,12.58,-1.94210272098874e-05,12.87,ASK
514,1712308529.602866,79986990.33594698,12.59,-6.9494699914071325e-06,12.87,ASK
515,1712308530.4148693,79986990.33594698,12.59,-0.0,12.87,ASK
516,1712308560.3844464,79986990.33594698,12.59,-0.0,12.87,ASK
517,1712308561.7656715,80002888.58713934,12.58,-6.945748220438697e-06,12.87,ASK
518,1712308561.7694595,80038934.79010075,12.58,-1.574813776958807e-05,12.87,ASK
519,1712308590.391127,80038934.79010075,12.58,-0.0,12.87,ASK
520,1712308594.581066,80042911.70291822,12.56,-1.7369678639792292e-06,12.87,ASK
521,1712308594.5911226,80050941.70220034,12.56,-3.507205548880602e-06,12.87,ASK
522,1712308601.5912533,80051339.79441018,12.58,1.7387189690611885e-07,12.87,BID
523,1712308620.5611243,80051339.79441018,12.58,0.0,12.87,BID
524,1712308648.7411945,80073338.8320987,12.57,-9.607709038543798e-06,12.87,ASK
525,1712308650.5620975,80073338.8320987,12.57,-0.0,12.87,ASK
526,1712308680.3558445,80073338.8320987,12.57,-0.0,12.87,ASK
527,1712308710.3928697,80073338.8320987,12.57,-0.0,12.87,ASK
528,1712308740.571196,80073338.8320987,12.57,-0.0,12.87,ASK
529,1712308749.87164,80310937.94062683,12.56,-0.0001037548768702,12.87,ASK
530,1712308757.9814277,80313006.9799846,12.57,9.035089615222032e-07,12.87,BID
531,1712308757.986478,80402855.5040785,12.57,3.923509062003705e-05,12.87,BID
532,1712308770.5648098,80402855.5040785,12.57,0.0,12.87,BID
533,1712308778.1217055,80405394.15662722,12.6,1.1065794762178226e-06,12.87,BID
534,1712308778.1292937,80413336.96838258,12.62,3.46221166673219e-06,12.87,BID
535,1712308778.1340332,80442084.29281703,12.63,1.2530741645376904e-05,12.87,BID
536,1712308778.1363676,80472584.29281703,12.61,1.3294719689671997e-05,12.87,BID
537,1712308778.13848,80502084.29281703,12.6,1.2858827240830292e-05,12.87,BID
538,1712308778.1406157,80507678.71920183,12.63,2.438568216738009e-06,12.87,BID
539,1712308778.1428127,80547582.94905019,12.62,1.7393952467741736e-05,12.87,BID
540,1712308800.4366746,80547582.94905019,12.62,0.0,12.87,BID
541,1712308830.3662412,80547582.94905019,12.62,0.0,12.87,BID
542,1712308860.5743597,80547582.94905019,12.62,0.0,12.87,BID
543,1712308877.0207627,80577582.94905019,12.57,-1.31187910036135e-05,12.87,ASK
544,1712308877.0247667,80587456.83290061,12.57,-4.317780620922881e-06,12.87,ASK
545,1712308890.9545193,80587456.83290061,12.57,-0.0,12.87,ASK
546,1712308920.455882,80587456.83290061,12.57,-0.0,12.87,ASK
547,1712308950.397349,80587456.83290061,12.57,-0.0,12.87,ASK
548,1712308968.0082896,80637669.54101197,12.56,-2.1952855871371177e-05,12.87,ASK
549,1712308980.5639694,80637669.54101197,12.56,-0.0,12.87,ASK
550,1712308984.12127,80676410.26641941,12.56,-1.6932668236408295e-05,12.87,ASK
551,1712308990.5052862,80740410.26641941,12.56,-2.797290850217561e-05,12.87,ASK
552,1712309010.5716696,80740410.26641941,12.56,-0.0,12.87,ASK
553,1712309032.8815193,80768868.3301859,12.56,-1.2431345013847578e-05,12.87,ASK
554,1712309032.8864715,80776624.93846615,12.56,-3.388321653227745e-06,12.87,ASK
555,1712309033.941653,80792561.19344622,12.55,-6.961439313351095e-06,12.87,ASK
556,1712309033.9465773,80793939.91854583,12.55,-6.022689221977764e-07,12.87,ASK
557,1712309033.9514885,80794737.36671168,12.54,-3.483495350094294e-07,12.87,ASK
558,1712309033.9552867,80991268.61671168,12.55,-8.585080822080437e-05,12.87,ASK
559,1712309033.9576614,81077593.46871167,12.54,-3.770931245662538e-05,12.87,ASK
560,1712309033.9598763,81113686.47989377,12.52,-1.576652151302034e-05,12.87,ASK
561,1712309033.962046,81114219.99889378,12.55,-2.330572738528983e-07,12.87,ASK
562,1712309033.9642632,81299823.23253508,12.54,-8.107711937160172e-05,12.87,ASK
563,1712309034.0214546,81326323.23253508,12.52,1.1576003398194006e-05,12.87,BID
564,1712309038.6188176,81346355.28381713,12.51,-8.75060730995422e-06,12.87,ASK
565,1712309039.1830168,81390272.07346234,12.51,-1.9184185138517785e-05,12.87,ASK
566,1712309039.1911724,81422353.89522284,12.51,-1.4014312366787372e-05,12.87,ASK
567,1712309040.37895,81422353.89522284,12.51,-0.0,12.87,ASK
568,1712309050.5018716,81470208.1246214,12.51,-2.0826390916980945e-05,12.87,ASK
569,1712309050.5068915,81473406.78169574,12.51,-1.3920709512336112e-06,12.87,ASK
570,1712309050.5112894,81512202.41931677,12.51,-1.6884048183907473e-05,12.87,ASK
571,1712309052.3264446,81513374.80727527,12.51,-5.102288812689295e-07,12.87,ASK
572,1712309060.0944574,81913374.80727527,12.5,-0.0001740819248683,12.87,ASK
573,1712309060.09687,81931574.80727527,12.5,-7.920727581508841e-06,12.87,ASK
574,1712309060.0991294,81942388.26524734,12.5,-4.706068945655872e-06,12.87,ASK
575,1712309064.4613202,81943269.00065902,12.51,3.833002894096751e-07,12.87,BID
576,1712309067.1114967,81951205.50859553,12.5,-3.4540064457999166e-06,12.87,ASK
577,1712309067.116558,81953761.91039462,12.5,-1.1125583648094303e-06,12.87,ASK
578,1712309067.1220088,81970248.72602254,12.5,-7.175141498642764e-06,12.87,ASK
579,1712309070.4014957,81970248.72602254,12.5,-0.0,12.87,ASK
580,1712309079.616831,81984696.7804661,12.49,-6.269174531449032e-06,12.87,ASK
581,1712309079.634769,81985104.90306611,12.49,-1.7708902051441364e-07,12.87,ASK
582,1712309079.6370635,81990473.8453738,12.48,-2.3296449018539628e-06,12.87,ASK
583,1712309079.646393,82047399.14173281,12.49,-2.470053110080734e-05,12.87,ASK
584,1712309079.648683,82127389.18195745,12.48,-3.470858480670175e-05,12.87,ASK
585,1712309079.651005,82143699.33703564,12.49,-7.077161095955278e-06,12.87,ASK
586,1712309097.2816546,82174699.33703564,12.51,1.3451251255606876e-05,12.87,BID
587,1712309097.2867277,82174713.88035539,12.51,6.310511225984973e-09,12.87,BID
588,1712309100.5613418,82174713.88035539,12.51,0.0,12.87,BID
589,1712309112.709555,82379721.83963452,12.51,8.90114241377431e-05,12.87,BID
590,1712309130.571998,82379721.83963452,12.51,0.0,12.87,BID
591,1712309160.372025,82379721.83963452,12.51,0.0,12.87,BID
592,1712309188.6621647,82410262.05391489,12.49,-1.3245360248819515e-05,12.87,ASK
593,1712309188.6662457,82482032.15696912,12.48,-3.112685658722554e-05,12.87,ASK
594,1712309188.6703246,82492997.20982622,12.48,-4.75556831089481e-06,12.87,ASK
595,1712309188.675793,82501010.03033903,12.48,-3.4751784426611343e-06,12.87,ASK
596,1712309190.3694715,82501010.03033903,12.48,-0.0,12.87,ASK
597,1712309194.56208,82501809.39085062,12.51,3.464569784449572e-07,12.87,BID
598,1712309220.5997112,82501809.39085062,12.51,0.0,12.87,BID
599,1712309240.8198528,82505006.83289698,12.51,1.3858219073891266e-06,12.87,BID
600,1712309250.571789,82505006.83289698,12.51,0.0,12.87,BID
601,1712309276.195444,82518960.32717656,12.48,-6.0475600630940935e-06,12.87,ASK
602,1712309276.1979373,82521501.68534762,12.48,-1.1014456933427629e-06,12.87,ASK
603,1712309276.2002687,82619630.75185403,12.48,-4.252995068779553e-05,12.87,ASK
604,1712309280.339097,82619630.75185403,12.48,-0.0,12.87,ASK
605,1712309284.9321756,82623640.37494946,12.47,-1.7367271207838269e-06,12.87,ASK
606,1712309284.937442,82623732.34853452,12.47,-3.983741508464949e-08,12.87,ASK
607,1712309284.9427257,82633006.83289698,12.47,-4.017147781781426e-06,12.87,ASK
608,1712309288.2323363,82697707.78899997,12.46,-2.8024555558099143e-05,12.87,ASK
609,1712309288.236281,82708902.58171044,12.47,-4.8489096478960095e-06,12.87,ASK
610,1712309288.2418306,82808902.58171044,12.46,-4.331397439241396e-05,12.87,ASK
611,1712309288.2443862,82832261.39147958,12.47,-1.0117628881777423e-05,12.87,ASK
612,1712309288.2466874,82891734.88010442,12.46,-2.576033163323885e-05,12.87,ASK
613,1712309288.2490358,82912777.68283097,12.47,-9.114474184424873e-06,12.87,ASK
614,1712309288.251416,82914777.68283097,12.46,-8.662794878482792e-07,12.87,ASK
615,1712309288.253771,82915580.89568236,12.45,-3.479034087677477e-07,12.87,ASK
616,1712309288.2561483,82918994.21430194,12.46,-1.4784439528159791e-06,12.87,ASK
617,1712309288.258501,83248663.69963562,12.45,-0.000142792956457,12.87,ASK
618,1712309288.378762,83292635.02923563,12.45,1.9045730442950687e-05,12.87,BID
619,1712309291.0320082,83300622.2496829,12.44,-3.459582619197073e-06,12.87,ASK
620,1712309294.8520124,83304638.31393993,12.45,1.7395170438710098e-06,12.87,BID
621,1712309304.5548062,83305048.7641007,12.44,-1.7778227753023637e-07,12.87,ASK
622,1712309304.5591884,83359650.61637485,12.44,-2.365023231180888e-05,12.87,ASK
623,1712309310.3544662,83359650.61637485,12.44,-0.0,12.87,ASK
624,1712309323.5621831,83366511.71469925,12.44,-2.959998228139856e-06,12.87,ASK
625,1712309323.5672529,83388123.93346928,12.44,-9.323890467786896e-06,12.87,ASK
626,1712309323.5713975,83399650.61637485,12.44,-4.97281329659186e-06,12.87,ASK
627,1712309340.5620594,83399650.61637485,12.44,-0.0,12.87,ASK
628,1712309363.5220344,83405844.30904724,12.44,-2.671494218341384e-06,12.87,ASK
629,1712309363.5355198,83433005.2118534,12.44,-1.171517520316921e-05,12.87,ASK
630,1712309370.581838,83433005.2118534,12.44,-0.0,12.87,ASK
631,1712309379.4019182,83437024.5044579,12.44,1.7333109941469906e-06,12.87,BID
632,1712309379.5419796,83439843.54241987,12.44,1.215703849703486e-06,12.87,BID
633,1712309384.021881,83839331.40839894,12.45,0.0001722782534801,12.87,BID
634,1712309384.1020198,83931427.16193663,12.45,3.9716088831691207e-05,12.87,BID
635,1712309384.1619189,84158567.16945983,12.45,9.795362293584383e-05,12.87,BID
636,1712309384.3420098,84214792.06905822,12.45,2.424686287070593e-05,12.87,BID
637,1712309384.3474452,84292725.88735366,12.45,3.36087857639148e-05,12.87,BID
638,1712309400.502053,84292725.88735366,12.45,0.0,12.87,BID
639,1712309419.352008,84293575.629147,12.44,-3.648228872917112e-07,12.87,ASK
640,1712309430.413428,84293575.629147,12.44,-0.0,12.87,ASK
641,1712309460.559039,84293575.629147,12.44,-0.0,12.87,ASK
642,1712309480.453185,84294054.86237383,12.52,2.057500965630299e-07,12.87,BID
643,1712309490.5518415,84294054.86237383,12.52,0.0,12.87,BID
644,1712309491.0720394,84299676.80771145,12.53,2.413674076907307e-06,12.87,BID
645,1712309520.4304576,84299676.80771145,12.53,0.0,12.87,BID
646,1712309550.3767345,84299676.80771145,12.53,0.0,12.87,BID
647,1712309580.4144878,84299676.80771145,12.53,0.0,12.87,BID
648,1712309610.4020631,84299676.80771145,12.53,0.0,12.87,BID
649,1712309640.5790715,84299676.80771145,12.53,0.0,12.87,BID
650,1712309670.5764406,84299676.80771145,12.53,0.0,12.87,BID
651,1712309700.403601,84299676.80771145,12.53,0.0,12.87,BID
652,1712309730.398167,84299676.80771145,12.53,0.0,12.87,BID
653,1712309760.5621538,84299676.80771145,12.53,0.0,12.87,BID
654,1712309790.5724175,84299676.80771145,12.53,0.0,12.87,BID
655,1712309820.3918183,84299676.80771145,12.53,0.0,12.87,BID
656,1712309850.399994,84299676.80771145,12.53,0.0,12.87,BID
657,1712309880.576888,84299676.80771145,12.53,0.0,12.87,BID
658,1712309910.5706787,84299676.80771145,12.53,0.0,12.87,BID
659,1712309939.0121562,84374580.78258252,12.5,3.229250687238511e-05,12.87,BID
660,1712309939.0178754,84403580.78258252,12.5,1.2502443307062384e-05,12.87,BID
661,1712309940.402193,84403580.78258252,12.5,0.0,12.87,BID
662,1712309970.3971007,84403580.78258252,12.5,0.0,12.87,BID
663,1712309979.142787,84407590.40567794,12.53,1.727656257178469e-06,12.87,BID
664,1712309979.1483405,84437590.40567794,12.54,1.2926324116228798e-05,12.87,BID
665,1712309979.153715,84562685.75874731,12.53,5.390076930695632e-05,12.87,BID
666,1712309979.15633,84612685.75874731,12.54,2.1543873527048e-05,12.87,BID
667,1712309979.1588602,84643685.75874731,12.53,1.335720158676976e-05,12.87,BID
668,1712310000.4475358,84643685.75874731,12.53,0.0,12.87,BID
669,1712310003.3521924,84644166.75874731,12.55,2.0728398749609933e-07,12.87,BID
670,1712310007.6321096,84646053.90568335,12.56,8.132543490525296e-07,12.87,BID
671,1712310030.392162,84646053.90568335,12.56,0.0,12.87,BID
672,1712310060.554598,84646053.90568335,12.56,0.0,12.87,BID
673,1712310090.549589,84646053.90568335,12.56,0.0,12.87,BID
674,1712310099.8721943,84648853.90568335,12.55,-1.206627290654028e-06,12.87,ASK
675,1712310112.302139,84654999.70933332,12.55,-2.6484622882304363e-06,12.87,ASK
676,1712310117.12216,84754999.70933332,12.56,4.309383180907243e-05,12.87,BID
677,1712310117.2620175,84770485.28397545,12.55,-6.673327490950756e-06,12.87,ASK
678,1712310120.3905232,84770485.28397545,12.55,-0.0,12.87,ASK
679,1712310123.7421434,85008328.66453695,12.54,-0.0001024268531529,12.87,ASK
680,1712310150.3690348,85008328.66453695,12.54,-0.0,12.87,ASK
681,1712310180.5389376,85008328.66453695,12.54,-0.0,12.87,ASK
682,1712310210.551929,85008328.66453695,12.54,-0.0,12.87,ASK
683,1712310214.0220697,85014815.56531733,12.53,2.7899893936619803e-06,12.87,BID
684,1712310240.6156013,85014815.56531733,12.53,0.0,12.87,BID
685,1712310270.3899949,85014815.56531733,12.53,0.0,12.87,BID
686,1712310300.4247704,85014815.56531733,12.53,0.0,12.87,BID
687,1712310330.3822985,85014815.56531733,12.53,0.0,12.87,BID
688,1712310353.5121667,85018415.56531733,12.55,1.5548687760129458e-06,12.87,BID
689,1712310360.5447357,85018415.56531733,12.55,0.0,12.87,BID
690,1712310390.5462532,85018415.56531733,12.55,0.0,12.87,BID
691,1712310420.3833442,85018415.56531733,12.55,0.0,12.87,BID
692,1712310447.146109,85031955.60109197,12.56,5.847935566838266e-06,12.87,BID
693,1712310447.1488786,85062455.60109197,12.59,1.3172936745316524e-05,12.87,BID
694,1712310447.1515622,85092455.60109197,12.57,1.2956986962606415e-05,12.87,BID
695,1712310450.3850071,85092455.60109197,12.57,0.0,12.87,BID
696,1712310451.9021962,85095061.8756379,12.55,-1.1251963272957252e-06,12.87,ASK
697,1712310455.6321695,85095459.64811204,12.57,1.7172869515960326e-07,12.87,BID
698,1712310480.5392425,85095459.64811204,12.57,0.0,12.87,BID
699,1712310510.5648215,85095459.64811204,12.57,0.0,12.87,BID
700,1712310540.3730965,85095459.64811204,12.57,0.0,12.87,BID
701,1712310568.3421235,85103459.64811204,12.56,3.4537512905612783e-06,12.87,BID
702,1712310568.352754,85115348.27181928,12.57,5.132543683982476e-06,12.87,BID
703,1712310570.3921888,85115348.27181928,12.57,0.0,12.87,BID
704,1712310600.427387,85115348.27181928,12.57,0.0,12.87,BID
705,1712310630.3928788,85115348.27181928,12.57,0.0,12.87,BID
706,1712310660.5550723,85115348.27181928,12.57,0.0,12.87,BID
707,1712310677.6821282,85157879.43423966,12.56,-1.842458331194645e-05,12.87,ASK
708,1712310690.550316,85157879.43423966,12.56,-0.0,12.87,ASK
709,1712310712.473498,85159641.28718376,12.55,-7.630615825973586e-07,12.87,ASK
710,1712310720.404986,85159641.28718376,12.55,-0.0,12.87,ASK
711,1712310746.2421846,85161128.78835711,12.54,-6.442331827888438e-07,12.87,ASK
712,1712310750.3857255,85161128.78835711,12.54,-0.0,12.87,ASK
713,1712310761.7621307,85168579.47872627,12.51,-3.2268500215509994e-06,12.87,ASK
714,1712310780.5434268,85168579.47872627,12.51,-0.0,12.87,ASK
715,1712310810.168251,85171819.47872627,12.51,-1.4031682331139173e-06,12.87,ASK
716,1712310810.5556235,85171819.47872627,12.51,-0.0,12.87,ASK
717,1712310826.0622268,85245837.5737376,12.51,-3.205494336723652e-05,12.87,ASK
718,1712310840.423028,85245837.5737376,12.51,-0.0,12.87,ASK
719,1712310870.379676,85245837.5737376,12.51,-0.0,12.87,ASK
720,1712310872.2753797,85253318.86116275,12.51,-3.2386150544352216e-06,12.87,ASK
721,1712310900.563138,85253318.86116275,12.51,-0.0,12.87,ASK
722,1712310930.5628123,85253318.86116275,12.51,-0.0,12.87,ASK
723,1712310931.592251,85255891.29698956,12.52,-1.1161331305444693e-06,12.87,ASK
724,1712310931.5959556,85262647.61826612,12.52,-2.931444951428832e-06,12.87,ASK
725,1712310934.3921688,85286891.29698956,12.52,-1.0518891374282017e-05,12.87,ASK
726,1712310934.452096,85327347.61826555,12.52,1.7553262182681716e-05,12.87,BID
727,1712310934.4719975,85327347.61826612,12.52,2.456830299559198e-16,12.87,BID
728,1712310940.1121674,85357847.61826612,12.52,-1.3233395417231642e-05,12.87,ASK
729,1712310940.2321794,85357847.61826684,12.52,3.103364588916882e-16,12.87,BID
730,1712310940.238401,85375270.94094983,12.52,7.559662903149163e-06,12.87,BID
731,1712310947.4222548,85414581.195882,12.51,-1.7056004835066288e-05,12.87,ASK
732,1712310947.427497,85415525.86015058,12.51,-4.098726492685094e-07,12.87,ASK
733,1712310947.4334054,85615079.09442705,12.51,-8.658251986780449e-05,12.87,ASK
734,1712310960.3867664,85615079.09442705,12.51,-0.0,12.87,ASK
735,1712310990.3869228,85615079.09442705,12.51,-0.0,12.87,ASK
736,1712311020.53757,85615079.09442705,12.51,-0.0,12.87,ASK
737,1712311050.5527053,85615079.09442705,12.51,-0.0,12.87,ASK
738,1712311080.3797724,85615079.09442705,12.51,-0.0,12.87,ASK
739,1712311106.7423697,85672665.40619877,12.5,-2.4936675121173097e-05,12.87,ASK
740,1712311106.7519293,85674390.62282546,12.51,-7.470727888239659e-07,12.87,ASK
741,1712311106.7567382,85705390.62282546,12.51,-1.3423970123677676e-05,12.87,ASK
742,1712311106.760107,85705829.65191203,12.51,-1.901133336002297e-07,12.87,ASK
743,1712311110.4129045,85705829.65191203,12.51,-0.0,12.87,ASK
744,1712311140.5564733,85705829.65191203,12.51,-0.0,12.87,ASK
745,1712311145.4445715,85706329.65191203,12.54,2.1640931086965146e-07,12.87,BID
746,1712311170.546955,85706329.65191203,12.54,0.0,12.87,BID
747,1712311200.5102878,85706329.65191203,12.54,0.0,12.87,BID
748,1712311230.392944,85706329.65191203,12.54,0.0,12.87,BID
749,1712311260.2958038,85706865.19291203,12.51,-2.318917751196023e-07,12.87,ASK
750,1712311260.436162,85706865.19291203,12.51,-0.0,12.87,ASK
751,1712311290.359843,85706865.19291203,12.51,-0.0,12.87,ASK
752,1712311299.3650386,86050098.86429022,12.5,-0.000148621365015,12.87,ASK
753,1712311299.370064,86053564.06429023,12.5,-1.5004435665729855e-06,12.87,ASK
754,1712311299.3747876,86054364.06429023,12.5,-3.464027626853734e-07,12.87,ASK
755,1712311299.3776512,86256088.24220125,12.5,-8.734726566101997e-05,12.87,ASK
756,1712311320.552229,86256088.24220125,12.5,-0.0,12.87,ASK
757,1712311339.03237,86256888.88271368,12.49,-3.4565258758845575e-07,12.87,ASK
758,1712311350.5723102,86256888.88271368,12.49,-0.0,12.87,ASK
759,1712311364.8884404,86260228.24220125,12.49,1.4416623274970651e-06,12.87,BID
760,1712311372.652511,86261829.52322608,12.49,-6.913021906800946e-07,12.87,ASK
761,1712311380.3891895,86261829.52322608,12.49,-0.0,12.87,ASK
762,1712311410.4286606,86261829.52322608,12.49,-0.0,12.87,ASK
763,1712311440.612937,86261829.52322608,12.49,-0.0,12.87,ASK
764,1712311470.5687113,86261829.52322608,12.49,-0.0,12.87,ASK
765,1712311500.4186172,86261829.52322608,12.49,-0.0,12.87,ASK
766,1712311500.7597232,86497852.02582496,12.49,-0.000101958791816,12.87,ASK
767,1712311530.364619,86497852.02582496,12.49,-0.0,12.87,ASK
768,1712311543.8354125,86511223.05011284,12.49,-5.7687702140559206e-06,12.87,ASK
769,1712311545.906128,86511505.83971842,12.51,1.2200622916764013e-07,12.87,BID
770,1712311552.855156,86511622.81030469,12.51,-5.046557537160753e-08,12.87,ASK
771,1712311560.5482943,86511622.81030469,12.51,-0.0,12.87,ASK
772,1712311578.595328,86512264.86715162,12.49,-2.76987274255944e-07,12.87,ASK
773,1712311581.10196,86512847.21539444,12.52,2.5122861506287924e-07,12.87,BID
774,1712311590.5614042,86512847.21539444,12.52,0.0,12.87,BID
775,1712311595.955556,86513429.56363724,12.49,-2.512269557141366e-07,12.87,ASK
776,1712311598.2461054,86517098.34333724,12.52,1.5827236822717005e-06,12.87,BID
777,1712311598.2526555,86533425.5179024,12.52,7.0435970436982425e-06,12.87,BID
778,1712311598.2563088,86561328.9246596,12.52,1.2037621853040914e-05,12.87,BID
779,1712311620.3659544,86561328.9246596,12.52,0.0,12.87,BID
780,1712311650.411879,86561328.9246596,12.52,0.0,12.87,BID
781,1712311680.556838,86561328.9246596,12.52,0.0,12.87,BID
782,1712311710.5508304,86561328.9246596,12.52,0.0,12.87,BID
783,1712311740.3967347,86561328.9246596,12.52,0.0,12.87,BID
784,1712311770.383215,86561328.9246596,12.52,0.0,12.87,BID
785,1712311800.4536695,86561328.9246596,12.52,0.0,12.87,BID
786,1712311830.398805,86561328.9246596,12.52,0.0,12.87,BID
787,1712311860.590836,86561328.9246596,12.52,0.0,12.87,BID
788,1712311890.5612862,86561328.9246596,12.52,0.0,12.87,BID
789,1712311894.1494308,86591828.9246596,12.53,1.3199186411088465e-05,12.87,BID
790,1712311918.889761,86606750.03597592,12.53,-6.4572632696640176e-06,12.87,ASK
791,1712311920.423663,86606750.03597592,12.53,-0.0,12.87,ASK
792,1712311950.4010372,86606750.03597592,12.53,-0.0,12.87,ASK
793,1712311963.7600465,86608620.5563596,12.54,8.092874707144355e-07,12.87,BID
794,1712311963.7665396,86610737.27680527,12.54,9.158068260685956e-07,12.87,BID
795,1712311980.5956032,86610737.27680527,12.54,0.0,12.87,BID
796,1712312000.0404005,86611937.27680527,12.54,5.191731484516257e-07,12.87,BID
797,1712312010.0398076,86643017.75405917,12.54,1.344679102607156e-05,12.87,BID
798,1712312010.0430698,86673017.75405917,12.54,1.2979328711290643e-05,12.87,BID
799,1712312010.5842476,86673017.75405917,12.54,0.0,12.87,BID
800,1712312040.3987443,86673017.75405917,12.54,0.0,12.87,BID
801,1712312070.3943727,86673017.75405917,12.54,0.0,12.87,BID
802,1712312100.410442,86673017.75405917,12.54,0.0,12.87,BID
803,1712312130.4159162,86673017.75405917,12.54,0.0,12.87,BID
804,1712312160.5842826,86673017.75405917,12.54,0.0,12.87,BID
805,1712312179.5415592,86673487.73813559,12.56,2.0329451558172921e-07,12.87,BID
806,1712312190.5672803,86673487.73813559,12.56,0.0,12.87,BID
807,1712312220.40493,86673487.73813559,12.56,0.0,12.87,BID
808,1712312222.3623047,86686263.48406906,12.56,5.52621371510156e-06,12.87,BID
809,1712312222.369287,86716263.48406906,12.56,1.2976652190513422e-05,12.87,BID
810,1712312231.6720085,86745263.48406906,12.56,1.2544097117496308e-05,12.87,BID
811,1712312242.5121312,86745667.6045128,12.57,1.748043480460076e-07,12.87,BID
812,1712312250.4078429,86745667.6045128,12.57,0.0,12.87,BID
813,1712312280.562278,86745667.6045128,12.57,0.0,12.87,BID
814,1712312280.635043,86747257.10448372,12.57,6.87276762364362e-07,12.87,BID
815,1712312280.7740903,86792666.33030473,12.57,-1.96342914592908e-05,12.87,ASK
816,1712312280.792375,86810089.65298773,12.57,-7.533592338612215e-06,12.87,ASK
817,1712312289.8823483,86831249.58363529,12.57,-9.14924749499366e-06,12.87,ASK
818,1712312310.5756626,86831249.58363529,12.57,-0.0,12.87,ASK
819,1712312315.8627295,86831943.32106979,12.57,-2.998225563028781e-07,12.87,ASK
820,1712312315.869382,86834249.58363529,12.54,-9.967309006236492e-07,12.87,ASK
821,1712312315.8744557,86835249.58363529,12.56,-4.321844856421758e-07,12.87,ASK
822,1712312340.3743367,86835249.58363529,12.56,-0.0,12.87,ASK
823,1712312356.3925898,86847283.99762146,12.54,-5.200974178221543e-06,12.87,ASK
824,1712312370.4209163,86847283.99762146,12.54,-0.0,12.87,ASK
825,1712312400.4327548,86847283.99762146,12.54,-0.0,12.87,ASK
826,1712312430.4085598,86847283.99762146,12.54,-0.0,12.87,ASK
827,1712312460.5731487,86847283.99762146,12.54,-0.0,12.87,ASK
828,1712312489.5631623,86859928.22538184,12.53,-5.476214835419574e-06,12.87,ASK
829,1712312490.5832703,86859928.22538184,12.53,-0.0,12.87,ASK
830,1712312520.4060447,86859928.22538184,12.53,-0.0,12.87,ASK
831,1712312550.428724,86859928.22538184,12.53,-0.0,12.87,ASK
832,1712312580.594476,86859928.22538184,12.53,-0.0,12.87,ASK
833,1712312610.5739174,86859928.22538184,12.53,-0.0,12.87,ASK
834,1712312611.1543202,86890428.22538184,12.54,-1.3208643162140694e-05,12.87,ASK
835,1712312611.1610296,86892690.19177099,12.53,-9.79590389476415e-07,12.87,ASK
836,1712312640.4040244,86892690.19177099,12.53,-0.0,12.87,ASK
837,1712312670.4100044,86892690.19177099,12.53,-0.0,12.87,ASK
838,1712312700.564128,86892690.19177099,12.53,-0.0,12.87,ASK
839,1712312730.5543694,86892690.19177099,12.53,-0.0,12.87,ASK
840,1712312760.4262905,86892690.19177099,12.53,-0.0,12.87,ASK
841,1712312790.4094567,86892690.19177099,12.53,-0.0,12.87,ASK
842,1712312794.0446806,86893489.19177099,12.51,-3.468293666427863e-07,12.87,ASK
843,1712312794.0514843,86912673.08671172,12.5,-8.327331829832909e-06,12.87,ASK
844,1712312818.0746443,86913742.11395109,12.53,4.640426036967082e-07,12.87,BID
845,1712312820.5846727,86913742.11395109,12.53,0.0,12.87,BID
846,1712312830.644816,86950556.34552372,12.5,-1.5978470685522427e-05,12.87,ASK
847,1712312847.2047577,86974558.21901035,12.5,-1.0417526470632969e-05,12.87,ASK
848,1712312847.2084386,87006503.66461036,12.5,-1.3865272864614655e-05,12.87,ASK
849,1712312847.2122796,87037503.66461036,12.51,-1.3454921373925486e-05,12.87,ASK
850,1712312847.284712,87109327.01576091,12.5,3.117346911427711e-05,12.87,BID
851,1712312850.586965,87109327.01576091,12.5,0.0,12.87,BID
852,1712312871.1450088,87115695.57751179,12.51,-2.7612147308299066e-06,12.87,ASK
853,1712312880.4349144,87115695.57751179,12.51,-0.0,12.87,ASK
854,1712312910.4072208,87115695.57751179,12.51,-0.0,12.87,ASK
855,1712312940.5879848,87115695.57751179,12.51,-0.0,12.87,ASK
856,1712312944.8750987,87126585.63890049,12.51,-4.721436400137242e-06,12.87,ASK
857,1712312970.5857344,87126585.63890049,12.51,-0.0,12.87,ASK
858,1712313000.4771593,87126585.63890049,12.51,-0.0,12.87,ASK
859,1712313012.1755009,87144085.63890049,12.51,-7.594939552622085e-06,12.87,ASK
860,1712313012.1827242,87156327.01576091,12.51,-5.312715274045352e-06,12.87,ASK
861,1712313012.295868,87239993.38283487,12.51,3.6310914315095135e-05,12.87,BID
862,1712313030.3967817,87239993.38283487,12.51,0.0,12.87,BID
863,1712313060.4756474,87239993.38283487,12.51,0.0,12.87,BID
864,1712313090.3980746,87239993.38283487,12.51,0.0,12.87,BID
865,1712313120.595597,87239993.38283487,12.51,0.0,12.87,BID
866,1712313135.2355573,87240872.01122402,12.54,-3.810870414373993e-07,12.87,ASK
867,1712313135.245685,87241751.34083295,12.53,-3.81391181134578e-07,12.87,ASK
868,1712313135.251456,87242628.57013232,12.56,-3.80480214941856e-07,12.87,ASK
869,1712313135.2565138,87243506.49841917,12.55,-3.8078338642545533e-07,12.87,ASK
870,1712313135.2597194,87244386.53036804,12.52,-3.816958066803445e-07,12.87,ASK
871,1712313135.2628818,87247967.7847886,12.51,-1.5532956465041533e-06,12.87,ASK
872,1712313150.577491,87247967.7847886,12.51,-0.0,12.87,ASK
873,1712313166.355656,87271221.07050095,12.51,-1.0085198757998154e-05,12.87,ASK
874,1712313179.3860743,87295336.82612795,12.51,-1.04592611859678e-05,12.87,ASK
875,1712313180.428283,87295336.82612795,12.51,-0.0,12.87,ASK
876,1712313210.4211984,87295336.82612795,12.51,-0.0,12.87,ASK
877,1712313240.568642,87295336.82612795,12.51,-0.0,12.87,ASK
878,1712313270.576072,87295336.82612795,12.51,-0.0,12.87,ASK
879,1712313300.4083092,87295336.82612795,12.51,-0.0,12.87,ASK
880,1712313330.392756,87295336.82612795,12.51,-0.0,12.87,ASK
881,1712313336.7271192,87382737.93218306,12.51,-3.804517894887664e-05,12.87,ASK
882,1712313345.656121,87383136.33855756,12.55,1.73423912995309e-07,12.87,BID
883,1712313347.436235,87385136.33855756,12.5,-8.705880432425484e-07,12.87,ASK
884,1712313347.44331,87425136.33855756,12.5,-1.741176086485097e-05,12.87,ASK
885,1712313347.4471269,87709166.33212799,12.49,-0.0001236365581623,12.87,ASK
886,1712313347.4502482,87748334.99719594,12.51,-1.7049885738967223e-05,12.87,ASK
887,1712313347.4533808,87988338.09967792,12.49,-0.0001044719156809,12.87,ASK
888,1712313347.4565756,88081384.1129053,12.5,-4.0502373293569625e-05,12.87,ASK
889,1712313347.4597166,88182840.86456749,12.51,-4.416351745166764e-05,12.87,ASK
890,1712313347.4628892,88183776.8509675,12.5,-4.0742928424238873e-07,12.87,ASK
891,1712313360.5693035,88183776.8509675,12.5,-0.0,12.87,ASK
892,1712313386.289144,88184616.8509675,12.5,-3.638883501365502e-07,12.87,ASK
893,1712313386.2925642,88291376.29808287,12.48,-4.624823699083889e-05,12.87,ASK
894,1712313386.295836,88292177.58013415,12.48,-3.471157186123346e-07,12.87,ASK
895,1712313386.299115,88490554.68518627,12.47,-8.593704459795081e-05,12.87,ASK
896,1712313386.302347,88637387.24272619,12.49,-6.360792513039687e-05,12.87,ASK
897,1712313386.3055997,88640498.01177189,12.47,-1.3475864472548158e-06,12.87,ASK
898,1712313386.309144,88642298.01177189,12.48,-7.797607502926075e-07,12.87,ASK
899,1712313386.3124528,88647298.01177189,12.48,-2.166002084146132e-06,12.87,ASK
900,1712313386.3157096,88760454.34459184,12.47,-4.901937054447056e-05,12.87,ASK
901,1712313390.5904572,88760454.34459184,12.47,-0.0,12.87,ASK
902,1712313411.5168407,88864704.54507299,12.47,-4.502090035415296e-05,12.87,ASK
903,1712313411.5225644,88918557.11139025,12.47,-2.325646388011745e-05,12.87,ASK
904,1712313419.0937345,88926576.35758111,12.47,-3.463146181090174e-06,12.87,ASK
905,1712313420.3666043,88926576.35758111,12.47,-0.0,12.87,ASK
906,1712313450.409789,88926576.35758111,12.47,-0.0,12.87,ASK
907,1712313480.585695,88926576.35758111,12.47,-0.0,12.87,ASK
908,1712313510.594892,88926576.35758111,12.47,-0.0,12.87,ASK
909,1712313540.35398,88926576.35758111,12.47,-0.0,12.87,ASK
910,1712313567.3036342,88988448.17008923,12.52,2.669572795179745e-05,12.87,BID
911,1712313567.310936,89018448.17008923,12.52,1.294405006235761e-05,12.87,BID
912,1712313567.3177917,89048948.17008923,12.53,1.3159784230063573e-05,12.87,BID
913,1712313567.3210137,89153198.37057038,12.52,4.498066046795929e-05,12.87,BID
914,1712313570.44331,89153198.37057038,12.52,0.0,12.87,BID
915,1712313600.4441755,89153198.37057038,12.52,0.0,12.87,BID
916,1712313630.3973122,89153198.37057038,12.52,0.0,12.87,BID
917,1712313660.5828242,89153198.37057038,12.52,0.0,12.87,BID
918,1712313690.615415,89153198.37057038,12.52,0.0,12.87,BID
919,1712313720.4304144,89153198.37057038,12.52,0.0,12.87,BID
920,1712313750.401389,89153198.37057038,12.52,0.0,12.87,BID
921,1712313780.6122105,89153198.37057038,12.52,0.0,12.87,BID
922,1712313810.5826375,89153198.37057038,12.52,0.0,12.87,BID
923,1712313840.4430225,89153198.37057038,12.52,0.0,12.87,BID
924,1712313852.5383472,89160758.37057038,12.52,-3.2617217832043907e-06,12.87,ASK
925,1712313870.3592842,89160758.37057038,12.52,-0.0,12.87,ASK
926,1712313900.374108,89160758.37057038,12.52,-0.0,12.87,ASK
927,1712313924.7073328,89171558.37057038,12.53,4.6596270517057125e-06,12.87,BID
928,1712313930.3786693,89171558.37057038,12.53,0.0,12.87,BID
929,1712313935.1699245,89240566.8302671,12.53,-2.977175117987976e-05,12.87,ASK
930,1712313960.5667868,89240566.8302671,12.53,-0.0,12.87,ASK
931,1712313971.7270756,89270066.8302671,12.54,1.2722196049671148e-05,12.87,BID
932,1712313971.7329867,89326058.37057038,12.53,2.414696111394332e-05,12.87,BID
933,1712313971.7387094,89595743.47778767,12.54,0.0001163046374811,12.87,BID
934,1712313990.5798564,89595743.47778767,12.54,0.0,12.87,BID
935,1712314020.3986015,89595743.47778767,12.54,0.0,12.87,BID
936,1712314050.3561342,89595743.47778767,12.54,0.0,12.87,BID
937,1712314080.5609086,89595743.47778767,12.54,0.0,12.87,BID
938,1712314110.5575323,89595743.47778767,12.54,0.0,12.87,BID
939,1712314115.6061523,89596679.46418768,12.57,4.0288056592091307e-07,12.87,BID
940,1712314115.612286,89625679.46418768,12.57,1.2482592067154076e-05,12.87,BID
941,1712314115.6182036,89627597.89855522,12.58,8.257597799165285e-07,12.87,BID
942,1712314115.6234932,89701166.56294097,12.59,3.166646987767913e-05,12.87,BID
943,1712314115.6267948,89714405.90003783,12.6,5.698663593778671e-06,12.87,BID
944,1712314115.6301453,89714904.3051415,12.59,2.145306066649105e-07,12.87,BID
945,1712314115.633507,89715849.7507415,12.56,4.06952129190456e-07,12.87,BID
946,1712314115.6368637,89716348.15584517,12.6,2.145306066649105e-07,12.87,BID
947,1712314115.6402524,89717344.9660525,12.58,4.2906121332982093e-07,12.87,BID
948,1712314115.6436503,89720556.6213516,12.6,1.3824063089291485e-06,12.87,BID
949,1712314115.6470346,89751056.6213516,12.59,1.312824338097239e-05,12.87,BID
950,1712314115.650464,89756399.67218725,12.6,2.299831861225425e-06,12.87,BID
951,1712314115.6538773,90095743.47778767,12.61,0.0001460651826146,12.87,BID
952,1712314140.3792653,90095743.47778767,12.61,0.0,12.87,BID
953,1712314170.417956,90095743.47778767,12.61,0.0,12.87,BID
954,1712314200.4007962,90095743.47778767,12.61,0.0,12.87,BID
955,1712314217.8945022,90106743.47778767,12.59,4.7316456431380615e-06,12.87,BID
956,1712314221.554495,90110373.47778767,12.55,-1.5614430622355602e-06,12.87,ASK
957,1712314230.3745413,90110373.47778767,12.55,-0.0,12.87,ASK
958,1712314260.5711224,90110373.47778767,12.55,-0.0,12.87,ASK
959,1712314290.543944,90110373.47778767,12.55,-0.0,12.87,ASK
960,1712314302.3877418,90117856.23362976,12.59,3.218449665009775e-06,12.87,BID
961,1712314320.393785,90117856.23362976,12.59,0.0,12.87,BID
962,1712314350.39368,90117856.23362976,12.59,0.0,12.87,BID
963,1712314380.443625,90117856.23362976,12.59,0.0,12.87,BID
964,1712314385.7235415,90127856.23362976,12.59,4.3009812503910806e-06,12.87,BID
965,1712314410.3912506,90127856.23362976,12.59,0.0,12.87,BID
966,1712314424.9533308,90128873.47778767,12.59,4.37491115162985e-07,12.87,BID
967,1712314424.9578722,90141807.16691016,12.59,5.562454238115375e-06,12.87,BID
968,1712314434.553253,90152268.60455906,12.59,4.49920108917633e-06,12.87,BID
969,1712314440.6032474,90152268.60455906,12.59,0.0,12.87,BID
970,1712314450.6929998,90157488.37378769,12.59,2.244594698873213e-06,12.87,BID
971,1712314450.7730312,90179804.57778336,12.59,-9.59636930172338e-06,12.87,ASK
972,1712314450.7929585,90289853.11405344,12.59,-4.732285093680509e-05,12.87,ASK
973,1712314450.9053257,90399595.1535819,12.59,-4.719105182244401e-05,12.87,ASK
974,1712314463.6731496,90509643.689852,12.59,-4.732285093680509e-05,12.87,ASK
975,1712314463.6777153,90529805.77354464,12.59,-8.670058807698667e-06,12.87,ASK
976,1712314467.553027,90588992.41898228,12.59,-2.545132261113749e-05,12.87,ASK
977,1712314470.5722296,90588992.41898228,12.59,-0.0,12.87,ASK
978,1712314500.4078083,90588992.41898228,12.59,-0.0,12.87,ASK
979,1712314530.3828351,90588992.41898228,12.59,-0.0,12.87,ASK
980,1712314560.5752397,90588992.41898228,12.59,-0.0,12.87,ASK
981,1712314577.242421,90615839.67675193,12.56,-1.1520042003792332e-05,12.87,ASK
982,1712314588.1827736,90907259.73586126,12.56,-0.0001250470849012,12.87,ASK
983,1712314588.1897738,90920492.21197988,12.56,-5.677998178005106e-06,12.87,ASK
984,1712314590.562481,90920492.21197988,12.56,-0.0,12.87,ASK
985,1712314603.7782593,90973214.76204485,12.55,-2.2582671659769843e-05,12.87,ASK
986,1712314620.3647697,90973214.76204485,12.55,-0.0,12.87,ASK
987,1712314642.222537,90973714.76204485,12.55,-2.1410452674649305e-07,12.87,ASK
988,1712314650.395671,90973714.76204485,12.55,-0.0,12.87,ASK
989,1712314680.551371,90973714.76204485,12.55,-0.0,12.87,ASK
990,1712314710.5720837,90973714.76204485,12.55,-0.0,12.87,ASK
991,1712314711.8393362,91037385.31936967,12.56,-2.7264235828117663e-05,12.87,ASK
992,1712314711.8457086,91050397.08497202,12.55,-5.571740861515106e-06,12.87,ASK
993,1712314726.4519038,91062966.38620809,12.55,-5.382274123122343e-06,12.87,ASK
994,1712314728.781977,91069251.03682607,12.55,-2.6911370615579813e-06,12.87,ASK
995,1712314740.3838556,91069251.03682607,12.55,-0.0,12.87,ASK
996,1712314770.391827,91069251.03682607,12.55,-0.0,12.87,ASK
997,1712314800.537138,91069251.03682607,12.55,-0.0,12.87,ASK
998,1712314830.3783064,91069251.03682607,12.55,-0.0,12.87,ASK
999,1712314860.5759163,91069251.03682607,12.55,-0.0,12.87,ASK
1000,1712314890.575578,91069251.03682607,12.55,-0.0,12.87,ASK
1201,1712314896.871436,91423631.50600272,12.56,-0.0001519901295389,12.87,ASK
1202,1712314896.873453,91424427.68434668,12.56,-3.4147268305857184e-07,12.87,ASK
1203,1712314920.4084816,91424427.68434668,12.56,-0.0,12.87,ASK
1204,1712314950.4010313,91424427.68434668,12.56,-0.0,12.87,ASK
1205,1712314950.4166868,91453927.68434668,12.59,1.262808472851507e-05,12.87,BID
1206,1712314950.4178708,91482271.4740292,12.59,1.2133145004681504e-05,12.87,BID
1207,1712314969.041396,91482974.1061318,12.59,-3.007761940582073e-07,12.87,ASK
1208,1712314969.044019,91485871.4740292,12.57,-1.2402782134893943e-06,12.87,ASK
1209,1712314980.563754,91485871.4740292,12.57,-0.0,12.87,ASK
1210,1712315010.572254,91485871.4740292,12.57,-0.0,12.87,ASK
1211,1712315032.6911297,91490871.4740292,12.56,-2.139644862572773e-06,12.87,ASK
1212,1712315040.39128,91490871.4740292,12.56,-0.0,12.87,ASK
1213,1712315070.4018142,91490871.4740292,12.56,-0.0,12.87,ASK
1214,1712315100.6049595,91490871.4740292,12.56,-0.0,12.87,ASK
1215,1712315130.6004713,91490871.4740292,12.56,-0.0,12.87,ASK
1216,1712315137.0310142,91492737.59841014,12.6,7.995462706993768e-07,12.87,BID
1217,1712315137.0336685,91493252.42641015,12.6,2.205795131673695e-07,12.87,BID
1218,1712315147.8910155,91510726.79148953,12.6,7.486941157135756e-06,12.87,BID
1219,1712315152.9509666,91520886.3020292,12.6,4.352871034258786e-06,12.87,BID
1220,1712315152.9536226,91690714.17179526,12.6,7.276323128227088e-05,12.87,BID
1221,1712315153.070825,91828120.32323554,12.6,-5.88720543373028e-05,12.87,ASK
1222,1712315160.371246,91828120.32323554,12.6,-0.0,12.87,ASK
1223,1712315172.7607045,91907422.46439336,12.61,3.3915478871289413e-05,12.87,BID
1224,1712315173.9108396,91916793.56756794,12.61,4.007778946173311e-06,12.87,BID
1225,1712315174.1708212,92040052.4345596,12.61,5.2714635924348354e-05,12.87,BID
1226,1712315174.2508588,92166793.56756794,12.61,-5.4203911217398725e-05,12.87,ASK
1227,1712315190.419957,92166793.56756794,12.61,-0.0,12.87,ASK
1228,1712315220.5446324,92166793.56756794,12.61,-0.0,12.87,ASK
1229,1712315233.0810122,92224902.61713503,12.62,2.4806432784835505e-05,12.87,BID
1230,1712315233.083777,92233358.06661794,12.62,3.609584751865843e-06,12.87,BID
1231,1712315250.5614195,92233358.06661794,12.62,0.0,12.87,BID
1232,1712315280.41865,92233358.06661794,12.62,0.0,12.87,BID
1233,1712315290.2406774,92249358.06661794,12.59,-6.827863217918236e-06,12.87,ASK
1234,1712315310.42681,92249358.06661794,12.59,-0.0,12.87,ASK
1235,1712315319.414005,92250547.5987353,12.61,5.075790290053238e-07,12.87,BID
1236,1712315340.5446582,92250547.5987353,12.61,0.0,12.87,BID
1237,1712315354.120409,92251387.5987353,12.59,-3.584297129674879e-07,12.87,ASK
1238,1712315358.110346,92393403.83384252,12.59,-6.0598617126430624e-05,12.87,ASK
1239,1712315370.5784934,92393403.83384252,12.59,-0.0,12.87,ASK
1240,1712315394.6108332,92395790.4686874,12.57,-1.0176009981517267e-06,12.87,ASK
1241,1712315394.6137855,92473002.7509668,12.55,-3.2921372821659225e-05,12.87,ASK
1242,1712315394.6166098,92515031.27860545,12.56,-1.791990583221051e-05,12.87,ASK
1243,1712315394.6229434,92546031.27860545,12.57,-1.3217619364989232e-05,12.87,ASK
1244,1712315394.6242204,92575635.8204381,12.55,-1.262263114254656e-05,12.87,ASK
1245,1712315394.625644,92576636.8204381,12.56,-4.2680119304368453e-07,12.87,ASK
1246,1712315394.6269166,92985620.85232653,12.55,-0.0001743804922535,12.87,ASK
1247,1712315394.670398,93193403.83384252,12.55,8.859343097422362e-05,12.87,BID
1248,1712315400.4404602,93193403.83384252,12.55,0.0,12.87,BID
1249,1712315430.4061916,93193403.83384252,12.55,0.0,12.87,BID
1250,1712315453.3803017,93206855.02906165,12.55,-5.730064104499315e-06,12.87,ASK
1251,1712315453.383167,93225599.26799892,12.55,-7.984843647795005e-06,12.87,ASK
1252,1712315460.5419655,93225599.26799892,12.55,-0.0,12.87,ASK
1253,1712315465.070129,93231356.66068572,12.58,2.4521651245650943e-06,12.87,BID
1254,1712315490.554264,93231356.66068572,12.58,0.0,12.87,BID
1255,1712315520.3960662,93231356.66068572,12.58,0.0,12.87,BID
1256,1712315550.3915386,93231356.66068572,12.58,0.0,12.87,BID
1257,1712315580.562047,93231356.66068572,12.58,0.0,12.87,BID
1258,1712315610.5425994,93231356.66068572,12.58,0.0,12.87,BID
1259,1712315610.8025546,93254599.26799892,12.58,9.89909079085999e-06,12.87,BID
1260,1712315615.7329078,93255398.26799892,12.59,3.402963116536817e-07,12.87,BID
1261,1712315630.233035,93255794.85800686,12.61,1.6890878214971418e-07,12.87,BID
1262,1712315640.378998,93255794.85800686,12.61,0.0,12.87,BID
1263,1712315670.4059377,93255794.85800686,12.61,0.0,12.87,BID
1264,1712315700.395937,93255794.85800686,12.61,0.0,12.87,BID
1265,1712315730.3763814,93255794.85800686,12.61,0.0,12.87,BID
1266,1712315758.1957684,93304998.6659132,12.59,-2.095686402629174e-05,12.87,ASK
1267,1712315760.5777135,93304998.6659132,12.59,-0.0,12.87,ASK
1268,1712315784.8056183,93316998.6659132,12.59,-5.109686499237401e-06,12.87,ASK
1269,1712315790.535647,93316998.6659132,12.59,-0.0,12.87,ASK
1270,1712315820.3793309,93316998.6659132,12.59,-0.0,12.87,ASK
1271,1712315848.356516,93374295.73173396,12.61,2.4395934225492786e-05,12.87,BID
1272,1712315850.438991,93374295.73173396,12.61,0.0,12.87,BID
1273,1712315859.2570782,93391828.93175104,12.61,7.462986843530243e-06,12.87,BID
1274,1712315859.2599056,93529416.08088548,12.62,5.856381509535028e-05,12.87,BID
1275,1712315859.262605,93536237.457805,12.61,2.903511404399212e-06,12.87,BID
1276,1712315859.2649856,93545955.83837178,12.62,4.136617744609563e-06,12.87,BID
1277,1712315880.546823,93545955.83837178,12.62,0.0,12.87,BID
1278,1712315903.377206,93625320.91773686,12.6,-3.3750538630005155e-05,12.87,ASK
1279,1712315910.5589564,93625320.91773686,12.6,-0.0,12.87,ASK
1280,1712315929.80736,93657092.16475832,12.59,-1.3505195243071289e-05,12.87,ASK
1281,1712315940.4115388,93657092.16475832,12.59,-0.0,12.87,ASK
1282,1712315970.3778827,93657092.16475832,12.59,-0.0,12.87,ASK
1283,1712316000.4981475,93657092.16475832,12.59,-0.0,12.87,ASK
1284,1712316030.3834205,93657092.16475832,12.59,-0.0,12.87,ASK
1285,1712316059.7586803,93687860.1282002,12.62,1.3076568862254294e-05,12.87,BID
1286,1712316060.5521698,93687860.1282002,12.62,0.0,12.87,BID
1287,1712316061.7187424,93706279.34072354,12.62,7.826984054766719e-06,12.87,BID
1288,1712316072.298758,93806279.34072354,12.62,4.249358676353951e-05,12.87,BID
1289,1712316090.5589492,93806279.34072354,12.62,0.0,12.87,BID
1290,1712316118.819334,93862858.34123914,12.62,2.402718831372931e-05,12.87,BID
1291,1712316120.3998847,93862858.34123914,12.62,0.0,12.87,BID
1292,1712316129.259247,93879053.59055658,12.59,-6.875489939182675e-06,12.87,ASK
1293,1712316147.9927864,93910515.2117713,12.59,-1.3356636621781556e-05,12.87,ASK
1294,1712316147.995304,93931518.00681688,12.59,-8.916473170632288e-06,12.87,ASK
1295,1712316150.42355,93931518.00681688,12.59,-0.0,12.87,ASK
1296,1712316154.959743,93933609.0978877,12.59,8.874208163167973e-07,12.87,BID
1297,1712316180.5997026,93933609.0978877,12.59,0.0,12.87,BID
1298,1712316180.655266,93949523.92473696,12.57,-6.753886064689192e-06,12.87,ASK
1299,1712316210.576389,93949523.92473696,12.57,-0.0,12.87,ASK
1300,1712316240.4317305,93949523.92473696,12.57,-0.0,12.87,ASK
1301,1712316270.3772566,93949523.92473696,12.57,-0.0,12.87,ASK
1302,1712316292.5006888,93963005.90564388,12.57,-5.7209565764403e-06,12.87,ASK
1303,1712316300.5722616,93963005.90564388,12.57,-0.0,12.87,ASK
1304,1712316326.7106037,94038676.91631415,12.55,-3.21082720154788e-05,12.87,ASK
1305,1712316330.5906725,94038676.91631415,12.55,-0.0,12.87,ASK
1306,1712316360.3827257,94038676.91631415,12.55,-0.0,12.87,ASK
1307,1712316390.3976986,94038676.91631415,12.55,-0.0,12.87,ASK
1308,1712316420.5740151,94038676.91631415,12.55,-0.0,12.87,ASK
1309,1712316428.5713675,94087374.45787673,12.55,-2.06547274441221e-05,12.87,ASK
1310,1712316428.5748205,94128881.9536104,12.55,-1.7605118939435522e-05,12.87,ASK
1311,1712316450.5713592,94128881.9536104,12.55,-0.0,12.87,ASK
1312,1712316480.4016228,94128881.9536104,12.55,-0.0,12.87,ASK
1313,1712316491.3617008,94139148.09861603,12.54,-4.352225052382359e-06,12.87,ASK
1314,1712316491.3652475,94201505.60884628,12.55,-2.643581578863932e-05,12.87,ASK
1315,1712316510.4246385,94201505.60884628,12.55,-0.0,12.87,ASK
1316,1712316522.8217664,94203097.96553417,12.56,-6.748022948507309e-07,12.87,ASK
1317,1712316522.8251474,94232097.96553417,12.55,-1.2289499393895496e-05,12.87,ASK
1318,1712316522.9218268,94232097.96553516,12.55,4.167736398747783e-16,12.87,BID
1319,1712316522.925253,94274129.26408216,12.55,1.7811848897172184e-05,12.87,BID
1320,1712316540.581637,94274129.26408216,12.55,0.0,12.87,BID
1321,1712316570.592079,94274129.26408216,12.55,0.0,12.87,BID
1322,1712316599.3722615,94304629.26408216,12.59,1.2920172772018533e-05,12.87,BID
1323,1712316599.375801,94333629.26408216,12.58,1.228475443896844e-05,12.87,BID
1324,1712316599.3791804,94409298.67067853,12.59,3.2054485468233554e-05,12.87,BID
1325,1712316600.483776,94409298.67067853,12.59,0.0,12.87,BID
1326,1712316615.1922247,94438798.67067853,12.61,1.2487559852033787e-05,12.87,BID
1327,1712316615.1957676,94448941.69761989,12.62,4.293615458000416e-06,12.87,BID
1328,1712316630.431491,94448941.69761989,12.62,0.0,12.87,BID
1329,1712316660.5861945,94448941.69761989,12.62,0.0,12.87,BID
1330,1712316677.9390428,94478941.69761989,12.58,1.2696526143930372e-05,12.87,BID
1331,1712316677.9418175,94507941.69761989,12.59,1.227330860579936e-05,12.87,BID
1332,1712316677.94453,94513458.08258854,12.59,2.334630865822687e-06,12.87,BID
1333,1712316678.072304,94607797.93272708,12.59,-3.992627912328368e-05,12.87,ASK
1334,1712316690.622303,94607797.93272708,12.59,-0.0,12.87,ASK
1335,1712316717.0024862,94609386.49507816,12.59,6.717389492695158e-07,12.87,BID
1336,1712316720.399622,94609386.49507816,12.59,0.0,12.87,BID
1337,1712316735.0524385,94636797.93272708,12.59,1.1591093410959192e-05,12.87,BID
1338,1712316735.1724818,94741091.09551822,12.59,-4.410099928063887e-05,12.87,ASK
1339,1712316750.387697,94741091.09551822,12.59,-0.0,12.87,ASK
1340,1712316780.585925,94741091.09551822,12.59,-0.0,12.87,ASK
1341,1712316798.4626365,94741591.09551822,12.59,2.112799044478934e-07,12.87,BID
1342,1712316810.5725954,94741591.09551822,12.59,0.0,12.87,BID
1343,1712316840.43177,94741591.09551822,12.59,0.0,12.87,BID
1344,1712316870.4980557,94741591.09551822,12.59,0.0,12.87,BID
1345,1712316894.682982,94758641.34399424,12.56,-7.204730572972091e-06,12.87,ASK
1346,1712316898.2976763,94800672.64254124,12.56,-1.7760690237977325e-05,12.87,ASK
1347,1712316899.493,95008455.62406024,12.56,-8.78005034118969e-05,12.87,ASK
1348,1712316900.572961,95008455.62406024,12.56,-0.0,12.87,ASK
1349,1712316930.6063411,95008455.62406024,12.56,-0.0,12.87,ASK
1350,1712316933.7132246,95156730.51596878,12.56,-6.278921260775592e-05,12.87,ASK
1351,1712316960.3718586,95156730.51596878,12.56,-0.0,12.87,ASK
1352,1712316967.793167,95160873.9422636,12.55,-1.7532129701577208e-06,12.87,ASK
1353,1712316984.4731982,95199792.83349852,12.55,-1.6467797431933552e-05,12.87,ASK
1354,1712316990.4214978,95199792.83349852,12.55,-0.0,12.87,ASK
1355,1712316998.3535523,95477127.76754218,12.55,-0.0001173222369387,12.87,ASK
1356,1712316998.3572102,95481107.8492145,12.55,-1.683711742281899e-06,12.87,ASK
1357,1712316998.3634276,95579189.1731509,12.54,-4.1491780924785815e-05,12.87,ASK
1358,1712317020.5569098,95579189.1731509,12.54,-0.0,12.87,ASK
1359,1712317023.9432502,95579616.39359818,12.52,-1.803657494062957e-07,12.87,ASK
1360,1712317023.9537425,95598671.35135472,12.53,-8.044703284898613e-06,12.87,ASK
1361,1712317023.9565148,95602671.35135472,12.54,-1.68873704947127e-06,12.87,ASK
1362,1712317023.9592948,95607997.04059777,12.53,-2.2484221846640395e-06,12.87,ASK
1363,1712317023.9620447,95640480.43090849,12.52,-1.3713976177537068e-05,12.87,ASK
1364,1712317023.9648292,95669980.43090849,12.53,-1.2454435739850616e-05,12.87,ASK
1365,1712317050.6034312,95669980.43090849,12.53,-0.0,12.87,ASK
1366,1712317080.416402,95669980.43090849,12.53,-0.0,12.87,ASK
1367,1712317101.383568,95690420.36328144,12.52,-8.625276251621433e-06,12.87,ASK
1368,1712317101.385661,95721420.36328144,12.52,-1.3081430942199423e-05,12.87,ASK
1369,1712317110.3893466,95721420.36328144,12.52,-0.0,12.87,ASK
1370,1712317112.8636203,95831270.7534891,12.51,-4.63422538361808e-05,12.87,ASK
1371,1712317140.57366,95831270.7534891,12.51,-0.0,12.87,ASK
1372,1712317170.5760877,95831270.7534891,12.51,-0.0,12.87,ASK
1373,1712317200.4392776,95831270.7534891,12.51,-0.0,12.87,ASK
1374,1712317230.4254663,95831270.7534891,12.51,-0.0,12.87,ASK
1375,1712317246.093866,95842473.930831,12.53,-4.723711487050343e-06,12.87,ASK
1376,1712317246.097447,95872239.70299584,12.52,-1.2550450252196014e-05,12.87,ASK
1377,1712317260.5577466,95872239.70299584,12.52,-0.0,12.87,ASK
1378,1712317290.5780797,95872239.70299584,12.52,-0.0,12.87,ASK
1379,1712317319.104282,95872473.930831,12.52,-9.87385446150297e-08,12.87,ASK
1380,1712317319.1069846,95902973.930831,12.52,-1.285724904837454e-05,12.87,ASK
1381,1712317320.394004,95902973.930831,12.52,-0.0,12.87,ASK
1382,1712317350.388475,95902973.930831,12.52,-0.0,12.87,ASK
1383,1712317358.8842242,95904188.58478498,12.52,5.119532973715798e-07,12.87,BID
1384,1712317363.5943236,95904587.31089962,12.56,1.680553942657894e-07,12.87,BID
1385,1712317380.564164,95904587.31089962,12.56,0.0,12.87,BID
1386,1712317397.234125,95919347.0978402,12.52,-6.2209135246972e-06,12.87,ASK
1387,1712317397.244553,95941104.6542827,12.51,-9.170313750619722e-06,12.87,ASK
1388,1712317397.2475312,95972104.6542827,12.52,-1.3065792889955518e-05,12.87,ASK
1389,1712317397.250579,96016303.96265112,12.51,-1.8629000290999464e-05,12.87,ASK
1390,1712317397.2535224,96078130.07834728,12.52,-2.605829751213825e-05,12.87,ASK
1391,1712317397.2556713,96111939.11112104,12.51,-1.4249736130061276e-05,12.87,ASK
1392,1712317410.5928292,96111939.11112104,12.51,-0.0,12.87,ASK
1393,1712317440.3702812,96111939.11112104,12.51,-0.0,12.87,ASK
1394,1712317447.4945085,96112815.64254506,12.55,3.690343690666781e-07,12.87,BID
1395,1712317462.214494,96170699.61586566,12.51,-2.437011952814735e-05,12.87,ASK
1396,1712317462.2184796,96204995.7789352,12.52,-1.443925745615348e-05,12.87,ASK
1397,1712317470.4094777,96204995.7789352,12.52,-0.0,12.87,ASK
1398,1712317500.4246163,96204995.7789352,12.52,-0.0,12.87,ASK
1399,1712317530.4069707,96204995.7789352,12.52,-0.0,12.87,ASK
1400,1712317560.597603,96204995.7789352,12.52,-0.0,12.87,ASK
1401,1712317590.5744698,96204995.7789352,12.52,-0.0,12.87,ASK
1402,1712317620.4192965,96204995.7789352,12.52,-0.0,12.87,ASK
1403,1712317650.3969865,96204995.7789352,12.52,-0.0,12.87,ASK
1404,1712317680.5573404,96204995.7789352,12.52,-0.0,12.87,ASK
1405,1712317701.8048587,96205874.40732434,12.54,-3.700726906944002e-07,12.87,ASK
1406,1712317701.8087258,96215326.73637202,12.52,-3.981260891636101e-06,12.87,ASK
1407,1712317701.8124404,96216206.06598096,12.53,-3.703680400079256e-07,12.87,ASK
1408,1712317701.8210442,96235980.84312911,12.52,-8.329010395602159e-06,12.87,ASK
1409,1712317710.5864956,96235980.84312911,12.52,-0.0,12.87,ASK
1410,1712317740.4094198,96235980.84312911,12.52,-0.0,12.87,ASK
1411,1712317753.6466725,96238980.84312911,12.52,-1.263374481310374e-06,12.87,ASK
1412,1712317753.6497576,96256109.0202546,12.52,-7.2131006305667485e-06,12.87,ASK
1413,1712317759.904039,96256604.5102546,12.51,-2.0866314058550859e-07,12.87,ASK
1414,1712317760.1038733,96280566.17159644,12.51,1.0090850489696505e-05,12.87,BID
1415,1712317769.4536724,96299407.91144654,12.5,-7.934724436697044e-06,12.87,ASK
1416,1712317769.4555843,96361447.61159644,12.5,-2.612645799918066e-05,12.87,ASK
1417,1712317769.4740467,96375548.65174636,12.5,-5.938298095110711e-06,12.87,ASK
1418,1712317769.477969,96390952.80152968,12.5,-6.487069914179848e-06,12.87,ASK
1419,1712317770.3792531,96390952.80152968,12.5,-0.0,12.87,ASK
1420,1712317773.6138017,96414696.19797324,12.5,-9.990780702938971e-06,12.87,ASK
1421,1712317773.6171446,96419693.33922689,12.5,-2.102704325623127e-06,12.87,ASK
1422,1712317788.6937926,96471834.24152888,12.5,2.193992429816087e-05,12.87,BID
1423,1712317794.283674,96472641.7495153,12.51,3.397843786709662e-07,12.87,BID
1424,1712317794.2869248,96472641.7495161,12.5,3.385871368186929e-16,12.87,BID
1425,1712317796.693705,96473449.25750332,12.51,3.397843790095533e-07,12.87,BID
1426,1712317800.447904,96473449.25750332,12.51,0.0,12.87,BID
1427,1712317830.388944,96473449.25750332,12.51,0.0,12.87,BID
1428,1712317838.2236876,96581796.72644536,12.49,-4.560445196715153e-05,12.87,ASK
1429,1712317841.4336596,96582603.58997288,12.51,3.396163227826523e-07,12.87,BID
1430,1712317860.593681,96582603.58997288,12.51,0.0,12.87,BID
1431,1712317868.6736684,96607513.8036763,12.49,-1.047892607166143e-05,12.87,ASK
1432,1712317890.6254976,96607513.8036763,12.49,-0.0,12.87,ASK
1433,1712317897.1035526,96608321.31166352,12.51,3.3964819604965616e-07,12.87,BID
1434,1712317901.0434785,96615321.31166352,12.49,-2.94428960454516e-06,12.87,ASK
1435,1712317920.3904555,96615321.31166352,12.49,-0.0,12.87,ASK
1436,1712317922.2994325,96682018.5447024,12.49,-2.805255917896468e-05,12.87,ASK
1437,1712317932.0234256,96794956.26312536,12.49,-4.7501101398772406e-05,12.87,ASK
1438,1712317945.0932431,96818586.51086588,12.48,-9.9387769619805e-06,12.87,ASK
1439,1712317945.1032522,96848086.51086588,12.49,-1.240756862128216e-05,12.87,ASK
1440,1712317950.420053,96848086.51086588,12.49,-0.0,12.87,ASK
1441,1712317960.1634283,96848893.3743934,12.53,3.38948783220964e-07,12.87,BID
1442,1712317980.5780835,96848893.3743934,12.53,0.0,12.87,BID
1443,1712318010.565705,96848893.3743934,12.53,0.0,12.87,BID
1444,1712318033.1532652,96849700.88238062,12.52,-3.3921806841457575e-07,12.87,ASK
1445,1712318040.37309,96849700.88238062,12.52,-0.0,12.87,ASK
1446,1712318070.3776536,96849700.88238062,12.52,-0.0,12.87,ASK
1447,1712318100.5759256,96849700.88238062,12.52,-0.0,12.87,ASK
1448,1712318113.7173831,96850509.03585784,12.51,-3.395209548588818e-07,12.87,ASK
1449,1712318113.7207396,96851317.83585782,12.5,-3.397925716263097e-07,12.87,ASK
1450,1712318113.722944,96857778.74111377,12.49,-2.714351646833685e-06,12.87,ASK
1451,1712318113.7248063,96858971.261838,12.48,-5.010010924921376e-07,12.87,ASK
1452,1712318130.587639,96858971.261838,12.48,-0.0,12.87,ASK
1453,1712318160.4051747,96858971.261838,12.48,-0.0,12.87,ASK
1454,1712318166.2832098,96954280.73494476,12.48,-4.003941086315352e-05,12.87,ASK
1455,1712318166.2865193,96962235.06433766,12.48,-3.341605533232215e-06,12.87,ASK
1456,1712318190.428426,96962235.06433766,12.48,-0.0,12.87,ASK
1457,1712318196.2087803,96993235.06433766,12.51,1.3016021058441378e-05,12.87,BID
1458,1712318196.3130355,97058158.32572854,12.51,-2.725943669181887e-05,12.87,ASK
1459,1712318220.5837944,97058158.32572854,12.51,-0.0,12.87,ASK
1460,1712318250.6031373,97058158.32572854,12.51,-0.0,12.87,ASK
1461,1712318280.412948,97058158.32572854,12.51,-0.0,12.87,ASK
1462,1712318298.4888246,97058957.68624014,12.51,3.354597945220969e-07,12.87,BID
1463,1712318310.4302318,97058957.68624014,12.51,0.0,12.87,BID
1464,1712318340.576482,97058957.68624014,12.51,0.0,12.87,BID
1465,1712318362.6630032,97088158.32572854,12.51,1.2254294867332152e-05,12.87,BID
1466,1712318362.702932,97138893.73739854,12.51,-2.1291543805629992e-05,12.87,ASK
1467,1712318366.1531126,97138893.7373992,12.51,-2.8140291394447316e-16,12.87,ASK
1468,1712318370.568998,97138893.7373992,12.51,-0.0,12.87,ASK
1469,1712318390.8231945,97138952.22851913,12.48,-2.453599550776233e-08,12.87,ASK
1470,1712318390.8277645,97214592.6131305,12.48,-3.1729810260600545e-05,12.87,ASK
1471,1712318393.0331311,97217571.9435361,12.48,1.2497766762990058e-06,12.87,BID
1472,1712318395.1631107,97228879.9219518,12.48,-4.74349795290614e-06,12.87,ASK
1473,1712318400.488459,97228879.9219518,12.48,-0.0,12.87,ASK
1474,1712318430.023151,98373970.77661283,12.48,-0.0004802909418602,12.87,ASK
1475,1712318430.0275564,98425928.88959362,12.48,-2.1793040193480867e-05,12.87,ASK
1476,1712318430.4050364,98425928.88959362,12.48,-0.0,12.87,ASK
1477,1712318458.3928971,98449967.35113208,12.48,1.0019783019579933e-05,12.87,BID
1478,1712318460.573048,98449967.35113208,12.48,0.0,12.87,BID
1479,1712318480.4330454,98489300.4047198,12.47,-1.6392870480281743e-05,12.87,ASK
1480,1712318490.5826511,98489300.4047198,12.47,-0.0,12.87,ASK
1481,1712318520.4510138,98489300.4047198,12.47,-0.0,12.87,ASK
1482,1712318538.5731668,98505338.8971015,12.47,-6.68301009149379e-06,12.87,ASK
1483,1712318538.5776515,98585531.35901009,12.47,-3.341505045748758e-05,12.87,ASK
1484,1712318538.5811224,98706583.22923952,12.47,-5.044058076557423e-05,12.87,ASK
1485,1712318538.5846648,98716697.60774793,12.47,-4.214516678509509e-06,12.87,ASK
1486,1712318538.5886936,98802371.7249229,12.46,-3.569917770532998e-05,12.87,ASK
1487,1712318538.5909505,98856374.12469532,12.47,-2.250202662786445e-05,12.87,ASK
1488,1712318538.5929575,98909470.51023749,12.45,-2.2124503472962896e-05,12.87,ASK
1489,1712318538.5949645,98913279.63142528,12.46,-1.5872062493084834e-06,12.87,ASK
1490,1712318538.5969908,98914082.84427668,12.45,-3.346872925276308e-07,12.87,ASK
1491,1712318538.5990174,98916865.64228375,12.46,-1.1595520776725802e-06,12.87,ASK
1492,1712318538.6010542,99034494.2789353,12.45,-4.901416835709327e-05,12.87,ASK
1493,1712318538.6030943,99035296.8471536,12.46,-3.344186831529631e-07,12.87,ASK
1494,1712318550.4280472,99035296.8471536,12.46,-0.0,12.87,ASK
1495,1712318551.2723982,99039581.94846672,12.44,-1.78049226616703e-06,12.87,ASK
1496,1712318556.9735837,99181432.81982242,12.44,-5.8940118550760607e-05,12.87,ASK
1497,1712318556.978147,99240801.839115,12.44,-2.466828015862425e-05,12.87,ASK
1498,1712318556.9818673,99248840.424324,12.44,-3.34009344229932e-06,12.87,ASK
1499,1712318556.9839072,99251840.424324,12.44,-1.246522872664739e-06,12.87,ASK
1500,1712318556.985972,99283644.92955329,12.43,-1.3215014407360689e-05,12.87,ASK
1501,1712318556.988023,99305481.41692626,12.44,-9.073226989691243e-06,12.87,ASK
1502,1712318556.9900713,99462223.59498002,12.43,-6.512757001843014e-05,12.87,ASK
1503,1712318557.1331358,99652963.6695153,12.43,7.925395521400141e-05,12.87,BID
1504,1712318562.2161112,99653374.2975346,12.42,-1.706190727456287e-07,12.87,ASK
1505,1712318562.220838,99683153.9043399,12.42,-1.2373653673914617e-05,12.87,ASK
1506,1712318566.122938,99763153.9043399,12.43,3.324060993772637e-05,12.87,BID
1507,1712318566.2628818,99823153.9043399,12.43,2.493045745329477e-05,12.87,BID
1508,1712318566.3633657,99883153.9043399,12.43,2.493045745329477e-05,12.87,BID
1509,1712318566.4629345,99943153.9043399,12.43,2.493045745329477e-05,12.87,BID
1510,1712318567.923546,100003153.9043399,12.43,2.493045745329477e-05,12.87,BID
1511,1712318580.2326813,100025722.95123312,12.47,9.377611055555168e-06,12.87,BID
1512,1712318580.593977,100025722.95123312,12.47,0.0,12.87,BID
1513,1712318610.5802362,100025722.95123312,12.47,0.0,12.87,BID
1514,1712318636.573457,100031491.73988456,12.43,-2.384773845313397e-06,12.87,ASK
1515,1712318640.6636298,100031491.73988456,12.43,-0.0,12.87,ASK
1516,1712318640.8128445,100055396.12235469,12.43,-9.88159902665758e-06,12.87,ASK
1517,1712318655.2928147,100056622.5776028,12.43,-5.069923475764391e-07,12.87,ASK
1518,1712318655.2951074,100059392.1676028,12.43,-1.1448937399863767e-06,12.87,ASK
1519,1712318670.846039,100059392.1676028,12.43,-0.0,12.87,ASK
1520,1712318674.6698244,100060595.6297606,12.42,-4.974161485263595e-07,12.87,ASK
1521,1712318674.6749735,100324314.17029828,12.42,-0.0001090004034434,12.87,ASK
1522,1712318674.677488,100352190.64088649,12.41,-1.15219299124731e-05,12.87,ASK
1523,1712318674.6826422,100433658.58125712,12.41,-3.367240828045309e-05,12.87,ASK
1524,1712318674.6848094,100457481.33957732,12.41,-9.84644561865897e-06,12.87,ASK
1525,1712318674.6927986,100537417.3907364,12.41,-3.3039246342909714e-05,12.87,ASK
1526,1712318683.483086,100576609.68214089,12.41,-1.6198995968410314e-05,12.87,ASK
1527,1712318683.6804953,100586531.16309234,12.41,-4.10075614805404e-06,12.87,ASK
1528,1712318683.6826894,100590336.9648651,12.41,-1.5730176870036758e-06,12.87,ASK
1529,1712318700.4664843,100590336.9648651,12.41,-0.0,12.87,ASK
1530,1712318705.7716308,100590740.2713167,12.4,-1.6782624446388789e-07,12.87,ASK
1531,1712318705.7739017,100592353.17454252,12.4,-6.71170743723209e-07,12.87,ASK
1532,1712318705.7760737,100628015.64228442,12.4,-1.4840075098324532e-05,12.87,ASK
1533,1712318705.778235,100750273.65065816,12.4,-5.087471901182718e-05,12.87,ASK
1534,1712318705.7804146,101335280.46757792,12.4,-0.0002434364654445,12.87,ASK
1535,1712318705.7850256,101452007.96757792,12.4,-4.857333145244269e-05,12.87,ASK
1536,1712318705.790153,101454419.98370697,12.4,-1.003702288698878e-06,12.87,ASK
1537,1712318705.7953236,101818809.23290908,12.4,-0.0001516317901025,12.87,ASK
1538,1712318729.8172288,101822184.70197707,12.4,-1.4046199725660856e-06,12.87,ASK
1539,1712318729.821095,101822828.52551356,12.4,-2.679116235275715e-07,12.87,ASK
1540,1712318730.4341023,101822828.52551356,12.4,-0.0,12.87,ASK
1541,1712318731.7634797,101823635.6280156,12.39,-3.3373380746643934e-07,12.87,ASK
1542,1712318731.7685018,101824039.9863691,12.39,-1.6720063754042737e-07,12.87,ASK
1543,1712318731.773116,101847651.8265628,12.39,-9.763405898791332e-06,12.87,ASK
1544,1712318731.7752178,101887330.58367148,12.4,-1.6407014787212044e-05,12.87,ASK
1545,1712318731.7773454,101894003.56551357,12.39,-2.75925255063625e-06,12.87,ASK
1546,1712318731.7930827,101973939.61667264,12.39,-3.3053252394137854e-05,12.87,ASK
1547,1712318751.3930008,101987330.58367148,12.39,-5.537113800294317e-06,12.87,ASK
1548,1712318751.3979015,102016470.77909304,12.39,-1.2049359708383604e-05,12.87,ASK
1549,1712318753.2431145,102026315.6926303,12.39,-4.070834213446401e-06,12.87,ASK
1550,1712318756.2330828,102027633.32315636,12.39,5.44835198990697e-07,12.87,BID
1551,1712318760.577496,102027633.32315636,12.39,0.0,12.87,BID
1552,1712318775.1828158,102058535.3043723,12.39,1.2764456095392238e-05,12.87,BID
1553,1712318790.604133,102058535.3043723,12.39,0.0,12.87,BID
1554,1712318802.0728652,102084102.26382726,12.39,-1.0559087613911851e-05,12.87,ASK
1555,1712318820.4135225,102084102.26382726,12.39,-0.0,12.87,ASK
1556,1712318844.9284797,102114642.47810762,12.39,1.2611378983785172e-05,12.87,BID
1557,1712318844.930751,102122635.26170395,12.39,3.3005669882819014e-06,12.87,BID
1558,1712318844.9329617,102152635.26170395,12.41,1.2388301078717729e-05,12.87,BID
1559,1712318850.4238915,102152635.26170395,12.41,0.0,12.87,BID
1560,1712318852.112821,102153439.12022483,12.44,3.31831610378743e-07,12.87,BID
1561,1712318880.592785,102153439.12022483,12.44,0.0,12.87,BID
1562,1712318910.0928557,102160748.42855036,12.42,-3.0172592280157267e-06,12.87,ASK
1563,1712318910.5768044,102160748.42855036,12.42,-0.0,12.87,ASK
1564,1712318916.1329353,102164395.373888,12.44,1.5053910219476437e-06,12.87,BID
1565,1712318940.4625993,102164395.373888,12.44,0.0,12.87,BID
1566,1712318951.426833,102167559.70388798,12.42,-1.3061519506815838e-06,12.87,ASK
1567,1712318952.43303,102167800.76455492,12.44,9.950348425991473e-08,12.87,BID
1568,1712318961.9530196,102208410.02788477,12.44,1.6762432652104687e-05,12.87,BID
1569,1712318961.9583344,102547037.11101192,12.44,0.0001397763271151,12.87,BID
1570,1712318970.4075975,102547037.11101192,12.44,0.0,12.87,BID
1571,1712318992.0229192,102938671.89403552,12.44,0.0001613395070668,12.87,BID
1572,1712318992.025446,102967671.8940349,12.44,1.194696157659529e-05,12.87,BID
1573,1712318992.032802,102967671.89403552,12.44,2.5168853826087406e-16,12.87,BID
1574,1712318992.1028855,102998671.89403552,12.45,1.2770889961457112e-05,12.87,BID
1575,1712319000.4270537,102998671.89403552,12.45,0.0,12.87,BID
1576,1712319030.418599,102998671.89403552,12.45,0.0,12.87,BID
1577,1712319049.596923,103005004.3756769,12.43,-2.6055635978181843e-06,12.87,ASK
1578,1712319060.61643,103005004.3756769,12.43,-0.0,12.87,ASK
1579,1712319082.6729915,103005969.78195204,12.43,-3.972133083286797e-07,12.87,ASK
1580,1712319084.113163,103035469.78195204,12.46,1.2137680163740294e-05,12.87,BID
1581,1712319084.116999,103064042.1616422,12.47,1.17560137693578e-05,12.87,BID
1582,1712319084.1232722,103086420.30488044,12.47,9.207415094373625e-06,12.87,BID
1583,1712319090.5881774,103086420.30488044,12.47,0.0,12.87,BID
1584,1712319120.402813,103086420.30488044,12.47,0.0,12.87,BID
