,time,acc_trade_volume,trade_price,dev,high,ask_bid
0,1712300395.4768395,2282969.36609001,1311.0,0.0,1353.0,ASK
1,1712300400.5422096,2282969.36609001,1311.0,-0.0,1353.0,ASK
2,1712300430.4235988,2282969.36609001,1311.0,-0.0,1353.0,ASK
3,1712300458.3824754,2283033.42758904,1311.0,-8.651596660254376e-09,1353.0,ASK
4,1712300460.582307,2283033.42758904,1311.0,-0.0,1353.0,ASK
5,1712300490.5712595,2283033.42758904,1311.0,-0.0,1353.0,ASK
6,1712300491.9926617,2284006.47419597,1313.0,1.3140983929103296e-07,1353.0,BID
7,1712300520.404063,2284006.47419597,1313.0,0.0,1353.0,BID
8,1712300533.1527472,2286930.75881186,1311.0,-3.948561929667211e-07,1353.0,ASK
9,1712300533.1629922,2288930.75881186,1310.0,-2.700531889551344e-07,1353.0,ASK
10,1712300533.164222,2289160.75881186,1311.0,-3.105611672984046e-08,1353.0,ASK
11,1712300533.1658952,2292015.4398795,1310.0,-3.854578628830097e-07,1353.0,ASK
12,1712300533.1674478,2292229.98357046,1311.0,-2.8969103957028897e-08,1353.0,ASK
13,1712300533.1689837,2293755.53658342,1311.0,-2.0599022803493485e-07,1353.0,ASK
14,1712300533.170576,2294136.45299544,1310.0,-5.143384589568824e-08,1353.0,ASK
15,1712300550.393653,2294136.45299544,1310.0,-0.0,1353.0,ASK
16,1712300580.5429723,2294136.45299544,1310.0,-0.0,1353.0,ASK
17,1712300582.1030705,2294713.15299544,1310.0,-7.773050506307145e-08,1353.0,ASK
18,1712300583.59709,2294886.05299544,1310.0,-2.330432516974765e-08,1353.0,ASK
19,1712300585.402853,2295069.75299544,1310.0,-2.4760003086630644e-08,1353.0,ASK
20,1712300593.3130283,2295277.604559,1310.0,-2.8015271395330043e-08,1353.0,ASK
21,1712300605.4551086,2295371.95632454,1310.0,-1.2717201992390218e-08,1353.0,ASK
22,1712300610.573003,2295371.95632454,1310.0,-0.0,1353.0,ASK
23,1712300613.3633842,2295473.61060604,1310.0,-1.3698483215167265e-08,1353.0,ASK
24,1712300614.4330437,2295654.02326887,1310.0,-2.4311615773784664e-08,1353.0,ASK
25,1712300617.7228506,2295850.32326887,1310.0,-2.6452523351317866e-08,1353.0,ASK
26,1712300617.942947,2295976.40481342,1310.0,-1.6990193588313057e-08,1353.0,ASK
27,1712300618.5629232,2297773.94487824,1311.0,2.422285814550582e-07,1353.0,BID
28,1712300618.563706,2298398.94487824,1311.0,8.422224704324682e-08,1353.0,BID
29,1712300620.492977,2299574.44487824,1310.0,-1.584052022389386e-07,1353.0,ASK
30,1712300637.8630154,2303661.30951644,1310.0,-5.507278771052679e-07,1353.0,ASK
31,1712300640.4238715,2303661.30951644,1310.0,-0.0,1353.0,ASK
32,1712300648.7031355,2304015.24392827,1310.0,-4.762493637338338e-08,1353.0,ASK
33,1712300649.1030996,2304531.24357262,1310.0,-6.943221514919197e-08,1353.0,ASK
34,1712300649.3632128,2304917.51576846,1310.0,-5.19762649090002e-08,1353.0,ASK
35,1712300650.673223,2304921.34019594,1310.0,-5.146097957872401e-10,1353.0,ASK
36,1712300650.6746364,2305906.1612752,1310.0,-1.3251619416279818e-07,1353.0,ASK
37,1712300650.6760716,2309482.03496699,1310.0,-4.811647337999949e-07,1353.0,ASK
38,1712300657.213276,2309813.53496699,1309.0,-4.460619222119725e-08,1353.0,ASK
39,1712300661.9531708,2310828.63496699,1309.0,-1.3659048483783254e-07,1353.0,ASK
40,1712300662.8130364,2311167.53496698,1309.0,-4.56019262242033e-08,1353.0,ASK
41,1712300667.3732033,2311242.12208264,1310.0,1.003634153347716e-08,1353.0,BID
42,1712300669.9432683,2313376.33178471,1309.0,-2.8717637469343224e-07,1353.0,ASK
43,1712300670.4140663,2313376.33178471,1309.0,-0.0,1353.0,ASK
44,1712300697.827135,2313452.72597875,1309.0,1.0261931432573581e-08,1353.0,BID
45,1712300700.564921,2313452.72597875,1309.0,0.0,1353.0,BID
46,1712300700.9434323,2313682.08377692,1308.0,-3.116256727073445e-08,1353.0,ASK
47,1712300700.9477289,2313892.77952853,1308.0,-2.8626977524093392e-08,1353.0,ASK
48,1712300702.343397,2314273.06237153,1308.0,-5.166857099012844e-08,1353.0,ASK
49,1712300702.3530736,2314488.7430501,1308.0,-2.9304273534819293e-08,1353.0,ASK
50,1712300702.913277,2315002.93798025,1308.0,-6.986304467911672e-08,1353.0,ASK
51,1712300702.9931777,2315282.76671318,1308.0,-3.8019992273140964e-08,1353.0,ASK
52,1712300702.994603,2316081.1789483,1308.0,-1.084793069395697e-07,1353.0,ASK
53,1712300703.3931117,2318511.23361916,1308.0,-3.301685957763333e-07,1353.0,ASK
54,1712300703.5131967,2320119.21574743,1308.0,-2.184745914117376e-07,1353.0,ASK
55,1712300705.7032087,2320119.21574744,1308.0,-1.3286455810276077e-18,1353.0,ASK
56,1712300705.7045162,2320195.66834681,1308.0,-1.038752242089977e-08,1353.0,ASK
57,1712300730.5637352,2320195.66834681,1308.0,-0.0,1353.0,ASK
58,1712300739.4158654,2320218.60412662,1308.0,3.112526887660389e-09,1353.0,BID
59,1712300744.1933746,2320223.19128258,1308.0,6.225053772666662e-10,1353.0,BID
60,1712300752.3903463,2320319.88164437,1307.0,-1.312147890075539e-08,1353.0,ASK
61,1712300755.053442,2320616.73397597,1307.0,-4.028469367190413e-08,1353.0,ASK
62,1712300759.4133017,2322656.87581056,1307.0,-2.768598394045377e-07,1353.0,ASK
63,1712300759.433468,2322688.33605718,1307.0,-4.269349649730152e-09,1353.0,ASK
64,1712300759.4350402,2322967.52201733,1307.0,-3.7887258023233634e-08,1353.0,ASK
65,1712300759.7337332,2323321.92681533,1307.0,-4.8094918595817343e-08,1353.0,ASK
66,1712300759.735469,2323917.20169675,1307.0,-8.078247564810578e-08,1353.0,ASK
67,1712300759.8534374,2324746.82838477,1307.0,-1.1258546230302608e-07,1353.0,ASK
68,1712300760.3746386,2324746.82838477,1307.0,-0.0,1353.0,ASK
69,1712300760.793573,2325936.06177071,1307.0,-1.6125613942937656e-07,1353.0,ASK
70,1712300760.79552,2326012.57286481,1307.0,-1.0374652951998354e-08,1353.0,ASK
71,1712300768.2034888,2326850.09209396,1306.0,-1.1356485546680293e-07,1353.0,ASK
72,1712300778.1034925,2336012.57286481,1306.0,-1.242402285515406e-06,1353.0,ASK
73,1712300778.1048071,2336276.81941917,1306.0,-3.583096448296493e-08,1353.0,ASK
74,1712300790.3906734,2336276.81941917,1306.0,-0.0,1353.0,ASK
75,1712300803.643604,2336506.70447664,1305.0,-3.110813529700685e-08,1353.0,ASK
76,1712300803.6451287,2336582.57011067,1305.0,-1.0266167073930129e-08,1353.0,ASK
77,1712300818.9952471,2336659.19846316,1305.0,-1.0369378432356622e-08,1353.0,ASK
78,1712300818.9960508,2336779.90371035,1305.0,-1.6333880948855e-08,1353.0,ASK
79,1712300820.535174,2336779.90371035,1305.0,-0.0,1353.0,ASK
80,1712300850.5684335,2336779.90371035,1305.0,-0.0,1353.0,ASK
81,1712300880.3454237,2336779.90371035,1305.0,-0.0,1353.0,ASK
82,1712300900.2137227,2336856.59082691,1304.0,-1.0376408556339708e-08,1353.0,ASK
83,1712300910.3956203,2336856.59082691,1304.0,-0.0,1353.0,ASK
84,1712300933.523898,2337373.35701201,1304.0,6.992184282662769e-08,1353.0,BID
85,1712300940.5405126,2337373.35701201,1304.0,0.0,1353.0,BID
86,1712300943.4039187,2339095.71671534,1304.0,2.330252797343805e-07,1353.0,BID
87,1712300943.4060102,2339932.59496767,1304.0,1.1322477440440685e-07,1353.0,BID
88,1712300943.4839034,2340686.74277064,1304.0,1.0203182436774849e-07,1353.0,BID
89,1712300943.5038798,2340785.67428623,1304.0,1.3384860346125633e-08,1353.0,BID
90,1712300943.506002,2340907.4556188,1304.0,1.6476308075320142e-08,1353.0,BID
91,1712300943.7346232,2342527.95644875,1304.0,-2.192443648552832e-07,1353.0,ASK
92,1712300944.124198,2342901.3206504,1304.0,-5.051401130907551e-08,1353.0,ASK
93,1712300962.0139723,2342939.63482664,1305.0,5.183685857755781e-09,1353.0,BID
94,1712300970.5758858,2342939.63482664,1305.0,0.0,1353.0,BID
95,1712300973.7340846,2342944.26223664,1304.0,-6.25447531084548e-10,1353.0,ASK
96,1712300973.7363093,2344082.39862801,1304.0,-1.538321860527347e-07,1353.0,ASK
97,1712300973.756979,2344447.24387465,1304.0,-4.9313019324531246e-08,1353.0,ASK
98,1712301000.4353142,2344447.24387465,1304.0,-0.0,1353.0,ASK
99,1712301003.614373,2349021.29606195,1303.0,-6.2379027528646e-07,1353.0,ASK
100,1712301003.6172326,2349447.24387465,1303.0,-5.8088996902932295e-08,1353.0,ASK
101,1712301020.0340192,2354862.80471648,1303.0,-7.385517370648801e-07,1353.0,ASK
102,1712301030.3974695,2354862.80471648,1303.0,-0.0,1353.0,ASK
103,1712301038.3541758,2354873.71649527,1304.0,-1.4853540305848947e-09,1353.0,ASK
104,1712301040.2980273,2355407.15146004,1305.0,7.261325492651477e-08,1353.0,BID
105,1712301040.3139973,2355646.29870884,1305.0,3.255365937546018e-08,1353.0,BID
106,1712301047.22409,2355650.88937448,1307.0,6.248993718773541e-10,1353.0,BID
107,1712301060.5841398,2355650.88937448,1307.0,0.0,1353.0,BID
108,1712301061.0241828,2356275.88937448,1306.0,8.506553697404359e-08,1353.0,BID
109,1712301061.0840547,2356416.58615855,1306.0,-1.9149515979864532e-08,1353.0,ASK
110,1712301090.5660782,2356416.58615855,1306.0,-0.0,1353.0,ASK
111,1712301119.674873,2356728.40345051,1306.0,4.2434073121861864e-08,1353.0,BID
112,1712301120.3644044,2356728.40345051,1306.0,0.0,1353.0,BID
113,1712301150.4267905,2356728.40345051,1306.0,0.0,1353.0,BID
114,1712301180.5356092,2356728.40345051,1306.0,0.0,1353.0,BID
115,1712301196.153483,2357085.48148293,1306.0,4.8590748661780926e-08,1353.0,BID
116,1712301196.1560566,2357582.99763121,1306.0,6.770139835376256e-08,1353.0,BID
117,1712301202.033147,2357582.99763155,1306.0,4.625763787935283e-17,1353.0,BID
118,1712301202.0341775,2358495.14666855,1306.0,1.2412414255389082e-07,1353.0,BID
119,1712301208.4230783,2358638.64534962,1305.0,-1.952712772024809e-08,1353.0,ASK
120,1712301210.5648575,2358638.64534962,1305.0,-0.0,1353.0,ASK
121,1712301240.383641,2358638.64534962,1305.0,-0.0,1353.0,ASK
122,1712301270.3730943,2358638.64534962,1305.0,-0.0,1353.0,ASK
123,1712301294.3208032,2358643.23250558,1308.0,6.240028311279399e-10,1353.0,BID
124,1712301300.4528437,2358643.23250558,1308.0,0.0,1353.0,BID
125,1712301312.740455,2358747.48947558,1308.0,1.4205904063199824e-08,1353.0,BID
126,1712301312.7628157,2358747.48947629,1308.0,9.67617594247848e-17,1353.0,BID
127,1712301330.3952444,2358747.48947629,1308.0,0.0,1353.0,BID
128,1712301354.799552,2358767.36745094,1306.0,-2.708493771353852e-09,1353.0,ASK
129,1712301360.410024,2358767.36745094,1306.0,-0.0,1353.0,ASK
130,1712301383.7290232,2358867.36745094,1306.0,-1.3625554103757072e-08,1353.0,ASK
131,1712301390.118503,2359544.32787802,1306.0,-9.223960925278521e-08,1353.0,ASK
132,1712301390.1195264,2359924.44990337,1306.0,-5.179373222437624e-08,1353.0,ASK
133,1712301390.3701465,2359924.44990337,1306.0,-0.0,1353.0,ASK
134,1712301403.0050569,2359955.07777437,1308.0,4.172358034938416e-09,1353.0,BID
135,1712301420.5496736,2359955.07777437,1308.0,0.0,1353.0,BID
136,1712301435.5078998,2359955.07777473,1308.0,4.903565915639586e-17,1353.0,BID
137,1712301450.5490873,2359955.07777473,1308.0,0.0,1353.0,BID
138,1712301480.397108,2359955.07777473,1308.0,0.0,1353.0,BID
139,1712301498.826723,2360046.75080757,1309.0,-1.248831914344678e-08,1353.0,ASK
140,1712301510.39658,2360046.75080757,1309.0,-0.0,1353.0,ASK
141,1712301540.5680172,2360046.75080757,1309.0,-0.0,1353.0,ASK
142,1712301555.925669,2360660.2018368,1308.0,-8.356707268342384e-08,1353.0,ASK
143,1712301555.9657466,2361322.67660694,1308.0,-9.024530831201118e-08,1353.0,ASK
144,1712301556.9056606,2361561.82385574,1308.0,-3.257771944335276e-08,1353.0,ASK
145,1712301556.9256582,2361666.08082574,1308.0,-1.4202355810981352e-08,1353.0,ASK
146,1712301557.0058086,2362208.69240796,1308.0,-7.391700293850723e-08,1353.0,ASK
147,1712301557.0081325,2363653.84841014,1308.0,-1.9686568433107305e-07,1353.0,ASK
148,1712301557.0674834,2363797.34709121,1308.0,-1.9548039109202343e-08,1353.0,ASK
149,1712301557.0697362,2364036.49434001,1308.0,-3.257771944335276e-08,1353.0,ASK
150,1712301560.47568,2364791.64815131,1308.0,-1.0287046631131717e-07,1353.0,ASK
151,1712301570.5655246,2364791.64815131,1308.0,-0.0,1353.0,ASK
152,1712301600.3965824,2364791.64815131,1308.0,-0.0,1353.0,ASK
153,1712301630.4047587,2364791.64815131,1308.0,-0.0,1353.0,ASK
154,1712301660.544572,2364791.64815131,1308.0,-0.0,1353.0,ASK
155,1712301690.6038666,2364791.64815131,1308.0,-0.0,1353.0,ASK
156,1712301713.8337364,2364868.04234535,1309.0,1.0417088053665056e-08,1353.0,BID
157,1712301720.4052746,2364868.04234535,1309.0,0.0,1353.0,BID
158,1712301750.3831823,2364868.04234535,1309.0,0.0,1353.0,BID
159,1712301762.5234196,2364944.49494473,1308.0,1.0424910033510222e-08,1353.0,BID
160,1712301772.483017,2365081.65720769,1307.0,-1.8703147609836084e-08,1353.0,ASK
161,1712301772.642948,2365184.45635187,1307.0,-1.4017467532741277e-08,1353.0,ASK
162,1712301772.6829166,2365279.51500797,1307.0,-1.2961991427188558e-08,1353.0,ASK
163,1712301772.7628496,2365387.49560404,1307.0,-1.4723999033776653e-08,1353.0,ASK
164,1712301780.5829406,2365387.49560404,1307.0,-0.0,1353.0,ASK
165,1712301785.4728105,2365463.94820342,1308.0,1.0423944909472902e-08,1353.0,BID
166,1712301810.572466,2365463.94820342,1308.0,0.0,1353.0,BID
167,1712301816.8224454,2365691.62137731,1307.0,-3.104172106024128e-08,1353.0,ASK
168,1712301824.652484,2365708.13392684,1306.0,-2.2513761623892463e-09,1353.0,ASK
169,1712301838.08243,2366185.22872808,1308.0,6.504869891498048e-08,1353.0,BID
170,1712301838.0847993,2366470.41897138,1308.0,3.8883790436814367e-08,1353.0,BID
171,1712301838.086957,2366472.27907982,1307.0,2.536133982930377e-10,1353.0,BID
172,1712301840.4038415,2366472.27907982,1307.0,0.0,1353.0,BID
173,1712301870.453748,2366472.27907982,1307.0,0.0,1353.0,BID
174,1712301885.7420714,2366572.27907982,1306.0,-1.3631883210213962e-08,1353.0,ASK
175,1712301885.7446742,2366682.30304041,1306.0,-1.499833781086658e-08,1353.0,ASK
176,1712301885.746922,2367436.45085335,1305.0,-1.0280454909238824e-07,1353.0,ASK
177,1712301885.7487645,2367444.10782119,1306.0,-1.0437889133504275e-09,1353.0,ASK
178,1712301885.750616,2367759.80948894,1306.0,-4.3036082640412384e-08,1353.0,ASK
179,1712301885.752476,2368834.68151959,1305.0,-1.4652529987743592e-07,1353.0,ASK
180,1712301885.7546568,2369608.53272568,1306.0,-1.0549049263506202e-07,1353.0,ASK
181,1712301885.7564914,2377716.56837962,1305.0,-1.1052779509875998e-06,1353.0,ASK
182,1712301885.7583344,2396997.21917212,1304.0,-2.628315798202793e-06,1353.0,ASK
183,1712301885.7594316,2397004.88200736,1305.0,-1.04458875049407e-09,1353.0,ASK
184,1712301885.7605095,2405702.18449919,1304.0,-1.185606118125321e-06,1353.0,ASK
185,1712301900.5816867,2405702.18449919,1304.0,-0.0,1353.0,ASK
186,1712301930.5636306,2405702.18449919,1304.0,-0.0,1353.0,ASK
187,1712301960.4232628,2405702.18449919,1304.0,-0.0,1353.0,ASK
188,1712301980.5009935,2405707.02073919,1305.0,-6.566037122739751e-10,1353.0,ASK
189,1712301980.5029492,2405753.47042959,1304.0,-6.306353521140321e-09,1353.0,ASK
190,1712301980.504838,2405853.47042959,1305.0,-1.3576739622615414e-08,1353.0,ASK
191,1712301983.4508936,2406006.37562836,1308.0,2.0759540706460323e-08,1353.0,BID
192,1712301990.3930476,2406006.37562836,1308.0,0.0,1353.0,BID
193,1712302020.5827072,2406006.37562836,1308.0,0.0,1353.0,BID
194,1712302029.9307044,2406312.18602593,1308.0,4.15168415220344e-08,1353.0,BID
195,1712302029.933312,2406402.55414517,1308.0,1.2268382353691326e-08,1353.0,BID
196,1712302050.5526855,2406402.55414517,1308.0,0.0,1353.0,BID
197,1712302080.383739,2406402.55414517,1308.0,0.0,1353.0,BID
198,1712302110.370011,2406402.55414517,1308.0,0.0,1353.0,BID
199,1712302125.9951675,2406631.56177875,1310.0,3.1087905703103295e-08,1353.0,BID
200,1712302133.72786,2407791.48430914,1310.0,1.5746008848695885e-07,1353.0,BID
201,1712302133.7797904,2408545.63211211,1310.0,-1.0237595759772637e-07,1353.0,ASK
202,1712302133.799675,2409146.77516442,1310.0,-8.160548289217347e-08,1353.0,ASK
203,1712302137.6396537,2409365.10380884,1309.0,-2.9638227354757658e-08,1353.0,ASK
204,1712302140.559694,2409365.10380884,1309.0,-0.0,1353.0,ASK
205,1712302149.359665,2409395.73168084,1309.0,-4.15556040795228e-09,1353.0,ASK
206,1712302156.971743,2409548.7364315,1309.0,-2.0759538373162483e-08,1353.0,ASK
207,1712302164.9095197,2409639.70280617,1309.0,-1.2342230796656838e-08,1353.0,ASK
208,1712302165.94963,2409849.63436258,1309.0,-2.8483312983559618e-08,1353.0,ASK
209,1712302166.1296568,2410047.89242314,1309.0,-2.6899464220740013e-08,1353.0,ASK
210,1712302170.5112643,2410047.89242314,1309.0,-0.0,1353.0,ASK
211,1712302172.1595104,2410592.88450606,1309.0,-7.393503927026693e-08,1353.0,ASK
212,1712302177.1697211,2410798.92680602,1309.0,-2.7952232732043664e-08,1353.0,ASK
213,1712302179.659461,2410951.50784203,1309.0,-2.0699539026041203e-08,1353.0,ASK
214,1712302200.659361,2410951.50784203,1309.0,-0.0,1353.0,ASK
215,1712302205.0415905,2411142.7721124,1309.0,-2.6037735684258205e-08,1353.0,ASK
216,1712302214.6592338,2411485.59532578,1309.0,-4.6670191976583664e-08,1353.0,ASK
217,1712302230.2807877,2411493.22891356,1310.0,1.0391974442081772e-09,1353.0,BID
218,1712302230.579162,2411493.22891356,1310.0,0.0,1353.0,BID
219,1712302231.3390548,2411750.96847166,1309.0,-3.5083953159990945e-08,1353.0,ASK
220,1712302231.6190102,2411943.22921661,1309.0,-2.6170864185811708e-08,1353.0,ASK
221,1712302241.9991934,2411948.22921661,1309.0,-6.80608623267876e-10,1353.0,ASK
222,1712302242.0014114,2412527.85710561,1309.0,-7.88999479079747e-08,1353.0,ASK
223,1712302260.4090505,2412527.85710561,1309.0,-0.0,1353.0,ASK
224,1712302273.498809,2412527.85710632,1309.0,-9.664677456583792e-17,1353.0,ASK
225,1712302273.501584,2412577.39978853,1309.0,-6.742592325862905e-09,1353.0,ASK
226,1712302284.8487527,2412604.25130036,1309.0,-3.6544003983353233e-09,1353.0,ASK
227,1712302285.028777,2413358.39910333,1308.0,1.0263697809737458e-07,1353.0,BID
228,1712302285.0496955,2414016.55973394,1308.0,8.957344695884768e-08,1353.0,BID
229,1712302285.1086664,2414066.21596006,1309.0,6.758045269908143e-09,1353.0,BID
230,1712302290.3905962,2414066.21596006,1309.0,0.0,1353.0,BID
231,1712302320.5885756,2414066.21596006,1309.0,0.0,1353.0,BID
232,1712302350.5482335,2414066.21596006,1309.0,0.0,1353.0,BID
233,1712302368.898345,2414106.21596006,1309.0,5.442374902609147e-09,1353.0,BID
234,1712302368.9006722,2416358.04178129,1309.0,3.063820083627602e-07,1353.0,BID
235,1712302377.0882106,2417016.20242186,1308.0,-8.954892380306544e-08,1353.0,ASK
236,1712302377.1082947,2417770.35022483,1308.0,-1.0260887689359456e-07,1353.0,ASK
237,1712302377.1881056,2418002.90339373,1308.0,-3.1641038248568605e-08,1353.0,ASK
238,1712302380.4037302,2418002.90339373,1308.0,-0.0,1353.0,ASK
239,1712302386.5231066,2418303.60273003,1308.0,-4.088430693089897e-08,1353.0,ASK
240,1712302397.2580633,2418405.90896832,1308.0,-1.3909972993807885e-08,1353.0,ASK
241,1712302397.6780877,2418572.66844678,1308.0,-2.2673298135227172e-08,1353.0,ASK
242,1712302397.734007,2418740.0620564,1308.0,-2.2759517191391043e-08,1353.0,ASK
243,1712302410.3707716,2418740.0620564,1308.0,-0.0,1353.0,ASK
244,1712302412.7580564,2418998.72691715,1308.0,-3.5164518405807234e-08,1353.0,ASK
245,1712302418.3079815,2420177.75148335,1308.0,-1.602839710767667e-07,1353.0,ASK
246,1712302418.3098943,2421706.80347111,1308.0,-2.078688872199171e-07,1353.0,ASK
247,1712302438.4880116,2421859.70866988,1307.0,-2.0786888721194067e-08,1353.0,ASK
248,1712302438.490996,2421865.65123153,1307.0,-8.07868985062514e-10,1353.0,ASK
249,1712302440.5390737,2421865.65123153,1307.0,-0.0,1353.0,ASK
250,1712302441.8981414,2433387.90233839,1308.0,1.5655367872064986e-06,1353.0,BID
251,1712302443.448115,2434032.90233839,1308.0,8.7636627459632e-08,1353.0,BID
252,1712302443.451112,2434142.05015132,1308.0,1.4829994139248361e-08,1353.0,BID
253,1712302443.4877217,2434896.19795429,1308.0,1.0246662024554053e-07,1353.0,BID
254,1712302470.560332,2434896.19795429,1308.0,0.0,1353.0,BID
255,1712302472.047743,2434900.02134878,1308.0,5.18287203163152e-10,1353.0,BID
256,1712302500.3919349,2434900.02134878,1308.0,0.0,1353.0,BID
257,1712302500.7107444,2435250.29391798,1307.0,-4.7545314036009046e-08,1353.0,ASK
258,1712302503.2675886,2436004.44172095,1307.0,-1.0236654900970768e-07,1353.0,ASK
259,1712302503.287505,2436284.80576488,1307.0,-3.80560674320145e-08,1353.0,ASK
260,1712302503.2975547,2436296.2900801,1307.0,-1.5588585051378767e-09,1353.0,ASK
261,1712302527.1876006,2437423.72717705,1307.0,1.5303610828779894e-07,1353.0,BID
262,1712302527.1905658,2439489.10989605,1307.0,2.803510140793187e-07,1353.0,BID
263,1712302530.419315,2439489.10989605,1307.0,0.0,1353.0,BID
264,1712302536.5974717,2439717.69508913,1307.0,3.1002466793294184e-08,1353.0,BID
265,1712302551.5574262,2441217.69508913,1310.0,2.034414371432725e-07,1353.0,BID
266,1712302551.5605834,2495048.71736425,1310.0,7.300973689694622e-06,1353.0,BID
267,1712302551.957256,2496548.71736425,1311.0,2.034414371432725e-07,1353.0,BID
268,1712302552.1172793,2497302.86516722,1312.0,1.022832752364262e-07,1353.0,BID
269,1712302552.1192896,2498673.71736425,1312.0,1.8592542738320986e-07,1353.0,BID
270,1712302552.2973092,2498786.33041434,1311.0,-1.5273440500888353e-08,1353.0,ASK
271,1712302560.5373094,2498786.33041434,1311.0,-0.0,1353.0,ASK
272,1712302590.537266,2498786.33041434,1311.0,-0.0,1353.0,ASK
273,1712302620.406873,2498786.33041434,1311.0,-0.0,1353.0,ASK
274,1712302629.261534,2498862.60806498,1311.0,-1.0237492625644707e-08,1353.0,ASK
275,1712302650.3868356,2498862.60806498,1311.0,-0.0,1353.0,ASK
276,1712302680.526862,2498862.60806498,1311.0,-0.0,1353.0,ASK
277,1712302704.6069727,2499013.90228088,1314.0,2.030545800626905e-08,1353.0,BID
278,1712302710.5565715,2499013.90228088,1314.0,0.0,1353.0,BID
279,1712302740.356825,2499013.90228088,1314.0,0.0,1353.0,BID
280,1712302753.2364302,2499036.73257007,1314.0,3.064010788828784e-09,1353.0,BID
281,1712302757.016743,2500167.22083477,1312.0,-1.5172073427992644e-07,1353.0,ASK
282,1712302757.0191622,2502232.60355377,1312.0,-2.7719118586248936e-07,1353.0,ASK
283,1712302770.3987107,2502232.60355377,1312.0,-0.0,1353.0,ASK
284,1712302797.9364333,2502448.70111474,1312.0,2.8985625200219704e-08,1353.0,BID
285,1712302797.9395187,2502613.70111474,1312.0,2.2131800731881983e-08,1353.0,BID
286,1712302800.4075637,2502613.70111474,1312.0,0.0,1353.0,BID
287,1712302830.408942,2502613.70111474,1312.0,0.0,1353.0,BID
288,1712302860.5379815,2502613.70111474,1312.0,0.0,1353.0,BID
289,1712302890.5559351,2502613.70111474,1312.0,0.0,1353.0,BID
290,1712302920.4179175,2502613.70111474,1312.0,0.0,1353.0,BID
291,1712302950.385623,2502613.70111474,1312.0,0.0,1353.0,BID
292,1712302980.5375087,2502613.70111474,1312.0,0.0,1353.0,BID
293,1712303003.1255238,2502713.91114193,1309.0,-1.3456963187886521e-08,1353.0,ASK
294,1712303010.535395,2502713.91114193,1309.0,-0.0,1353.0,ASK
295,1712303033.1854415,2502715.20114193,1312.0,1.7322794150345322e-10,1353.0,BID
296,1712303040.4080188,2502715.20114193,1312.0,0.0,1353.0,BID
297,1712303053.355352,2502791.42065412,1312.0,1.023515209135905e-08,1353.0,BID
298,1712303053.6754866,2502858.22733891,1309.0,-8.97114872428985e-09,1353.0,ASK
299,1712303067.4552426,2502896.33709501,1309.0,-5.11757604636737e-09,1353.0,ASK
300,1712303070.3852017,2502896.33709501,1309.0,-0.0,1353.0,ASK
301,1712303087.8450158,2502985.41267473,1309.0,-1.1961150422604082e-08,1353.0,ASK
302,1712303100.4079795,2502985.41267473,1309.0,-0.0,1353.0,ASK
303,1712303109.7549856,2503073.47362387,1309.0,-1.1851781726496971e-08,1353.0,ASK
304,1712303109.757587,2503805.17148373,1309.0,-9.847637811673673e-08,1353.0,ASK
305,1712303109.8150463,2503805.17148464,1309.0,-1.224602033433291e-16,1353.0,ASK
306,1712303110.5750446,2503843.36858164,1309.0,5.140799192542365e-09,1353.0,BID
307,1712303110.675306,2504305.66803543,1309.0,-6.221909111949248e-08,1353.0,ASK
308,1712303110.696432,2505059.8158384,1309.0,-1.0149782891995597e-07,1353.0,ASK
309,1712303130.3983974,2505059.8158384,1309.0,-0.0,1353.0,ASK
310,1712303136.7198,2505305.1714844,1309.0,-3.3009401706510234e-08,1353.0,ASK
311,1712303160.4324129,2505305.1714844,1309.0,-0.0,1353.0,ASK
312,1712303188.455201,2505309.1714844,1309.0,-5.381245712966077e-10,1353.0,ASK
313,1712303188.4586675,2505309.17148464,1309.0,-3.2262661752495085e-17,1353.0,ASK
314,1712303190.4147992,2505309.17148464,1309.0,-0.0,1353.0,ASK
315,1712303209.0746026,2505356.17148464,1309.0,6.322959258810351e-09,1353.0,BID
316,1712303220.5604997,2505356.17148464,1309.0,0.0,1353.0,BID
317,1712303250.56759,2505356.17148464,1309.0,0.0,1353.0,BID
318,1712303273.1552925,2505585.35406664,1309.0,-3.083191776535772e-08,1353.0,ASK
319,1712303279.7054496,2505585.35406676,1309.0,-1.60998633081498e-17,1353.0,ASK
320,1712303280.3569803,2505585.35406676,1309.0,-0.0,1353.0,ASK
321,1712303310.3956711,2505585.35406676,1309.0,-0.0,1353.0,ASK
322,1712303324.1278956,2505611.84661263,1308.0,-3.563896627762101e-09,1353.0,ASK
323,1712303324.1312177,2506561.10564447,1306.0,-1.2769860167579358e-07,1353.0,ASK
324,1712303324.134483,2506564.93591969,1308.0,-5.15265879179535e-10,1353.0,ASK
325,1712303340.5505683,2506564.93591969,1308.0,-0.0,1353.0,ASK
326,1712303367.9607255,2507288.26673953,1308.0,9.728897632160714e-08,1353.0,BID
327,1712303370.5488186,2507288.26673953,1308.0,0.0,1353.0,BID
328,1712303381.1198714,2507603.96840727,1307.0,-4.2456899687488937e-08,1353.0,ASK
329,1712303381.1224012,2507919.67007501,1307.0,-4.2456899687488937e-08,1353.0,ASK
330,1712303381.1249878,2507970.41104317,1306.0,-6.8238606740070196e-09,1353.0,ASK
331,1712303381.1275697,2508286.11271091,1307.0,-4.2456899687488937e-08,1353.0,ASK
332,1712303381.130219,2508648.0827494,1306.0,-4.867926648616412e-08,1353.0,ASK
333,1712303381.1331837,2510953.22476684,1307.0,-3.100052784025249e-07,1353.0,ASK
334,1712303396.1063912,2513953.22476684,1306.0,-4.03452727932247e-07,1353.0,ASK
335,1712303396.1163118,2517084.25472835,1306.0,-4.210741930695529e-07,1353.0,ASK
336,1712303396.1704297,2520392.41472898,1306.0,4.4489539223019786e-07,1353.0,BID
337,1712303396.1764095,2524428.54348498,1306.0,5.427957189646257e-07,1353.0,BID
338,1712303396.1862009,2525073.77322042,1306.0,8.677323230210466e-08,1353.0,BID
339,1712303400.4596362,2525073.77322042,1306.0,0.0,1353.0,BID
340,1712303412.776446,2525689.25164442,1308.0,8.291463034131013e-08,1353.0,BID
341,1712303412.7799914,2525689.25164445,1308.0,4.0148418656637655e-18,1353.0,BID
342,1712303430.4095612,2525689.25164445,1308.0,0.0,1353.0,BID
343,1712303460.5595074,2525689.25164445,1308.0,0.0,1353.0,BID
344,1712303471.8169315,2525693.25164445,1305.0,-5.38804518879687e-10,1353.0,ASK
345,1712303471.8198197,2525987.68744108,1307.0,-3.9660834436060026e-08,1353.0,ASK
346,1712303471.822554,2525991.52652153,1305.0,-5.17128473717508e-10,1353.0,ASK
347,1712303471.825292,2527871.17671309,1305.0,-2.531910042813888e-07,1353.0,ASK
348,1712303471.8283308,2529938.38254553,1306.0,-2.784549609932713e-07,1353.0,ASK
349,1712303471.8304107,2530293.07340568,1305.0,-4.7777259563524487e-08,1353.0,ASK
350,1712303490.5671532,2530293.07340568,1305.0,-0.0,1353.0,ASK
351,1712303520.413601,2530293.07340568,1305.0,-0.0,1353.0,ASK
352,1712303533.210659,2531059.35693058,1305.0,-1.0313575361015229e-07,1353.0,ASK
353,1712303533.2142482,2531234.5948656,1305.0,-2.3585651918773642e-08,1353.0,ASK
354,1712303550.4027083,2531234.5948656,1305.0,-0.0,1353.0,ASK
355,1712303580.550247,2531234.5948656,1305.0,-0.0,1353.0,ASK
356,1712303584.2675073,2531463.84713364,1306.0,3.08504558036909e-08,1353.0,BID
357,1712303584.287249,2531463.84713365,1306.0,1.3159438936602769e-18,1353.0,BID
358,1712303609.9475467,2531703.72294334,1305.0,-3.2280064788372775e-08,1353.0,ASK
359,1712303610.5389626,2531703.72294334,1305.0,-0.0,1353.0,ASK
360,1712303640.3975685,2531703.72294334,1305.0,-0.0,1353.0,ASK
361,1712303668.713473,2532482.799922,1305.0,-1.0483167474654881e-07,1353.0,ASK
362,1712303668.7211032,2533009.20763721,1305.0,-7.083279816565241e-08,1353.0,ASK
363,1712303670.367851,2533009.20763721,1305.0,-0.0,1353.0,ASK
364,1712303698.5077384,2533158.20763721,1307.0,2.0044668295839305e-08,1353.0,BID
365,1712303698.5101042,2533162.46434219,1307.0,5.726459017327904e-10,1353.0,BID
366,1712303700.4300458,2533162.46434219,1307.0,0.0,1353.0,BID
367,1712303711.4780054,2533262.0492695,1307.0,-1.3444752964932505e-08,1353.0,ASK
368,1712303717.4983835,2533311.81667577,1307.0,-6.718993537243575e-09,1353.0,ASK
369,1712303730.3900754,2533311.81667577,1307.0,-0.0,1353.0,ASK
370,1712303731.5479512,2534842.03855794,1308.0,2.065866147025191e-07,1353.0,BID
371,1712303735.0681148,2535298.99807407,1305.0,-6.169152368903983e-08,1353.0,ASK
372,1712303741.5300813,2535526.83123273,1307.0,3.075846811035762e-08,1353.0,BID
373,1712303741.534418,2536063.52406795,1307.0,7.245586882210226e-08,1353.0,BID
374,1712303754.180297,2536140.03516205,1307.0,1.0329330733956642e-08,1353.0,BID
375,1712303760.550213,2536140.03516205,1307.0,0.0,1353.0,BID
376,1712303772.908101,2536369.56844437,1307.0,3.09725330606264e-08,1353.0,BID
377,1712303790.5880527,2536369.56844437,1307.0,0.0,1353.0,BID
378,1712303800.7389667,2536373.47051016,1307.0,5.265117470166134e-10,1353.0,BID
379,1712303820.3806682,2536373.47051016,1307.0,0.0,1353.0,BID
380,1712303820.8284342,2536381.12161957,1307.0,1.0323752664495774e-09,1353.0,BID
381,1712303831.7587788,2537691.02936655,1307.0,1.7674774818252157e-07,1353.0,BID
382,1712303831.7617557,2537693.53733214,1307.0,3.3840342692176514e-10,1353.0,BID
383,1712303835.8639984,2537846.55952035,1307.0,2.0647505330373857e-08,1353.0,BID
384,1712303844.0420997,2537854.21062976,1307.0,1.0323752664495774e-09,1353.0,BID
385,1712303850.3998106,2537854.21062976,1307.0,0.0,1353.0,BID
386,1712303880.5608437,2537854.21062976,1307.0,0.0,1353.0,BID
387,1712303895.098259,2538619.49940054,1305.0,-1.0323456316034266e-07,1353.0,ASK
388,1712303910.5681145,2538619.49940054,1305.0,-0.0,1353.0,ASK
389,1712303914.7583506,2538740.30708579,1305.0,-1.6294305022586413e-08,1353.0,ASK
390,1712303940.3908374,2538740.30708579,1305.0,-0.0,1353.0,ASK
391,1712303970.3615716,2538740.30708579,1305.0,-0.0,1353.0,ASK
392,1712303972.378664,2538940.01321542,1305.0,-2.6935400599478573e-08,1353.0,ASK
393,1712303972.3864162,2538990.30708579,1305.0,-6.7833949245148735e-09,1353.0,ASK
394,1712303985.9083962,2539615.30708579,1307.0,8.429698880998363e-08,1353.0,BID
395,1712303985.910497,2540896.59041219,1307.0,1.728133219647321e-07,1353.0,BID
396,1712303993.5185654,2541521.59041219,1308.0,8.429698880998363e-08,1353.0,BID
397,1712303993.5226386,2546398.81381,1308.0,6.578163939023692e-07,1353.0,BID
398,1712303993.5265875,2548538.02963141,1307.0,2.885271234552076e-07,1353.0,BID
399,1712304000.528636,2548538.02963141,1307.0,0.0,1353.0,BID
400,1712304030.3808174,2548538.02963141,1307.0,0.0,1353.0,BID
401,1712304030.4283843,2548541.85595122,1307.0,5.15463421072781e-10,1353.0,BID
402,1712304035.170304,2548847.74044734,1305.0,-4.120728968108733e-08,1353.0,ASK
403,1712304046.241033,2549000.99715232,1305.0,-2.0646006965970644e-08,1353.0,ASK
404,1712304046.2430184,2549517.74044734,1305.0,-6.96131739879833e-08,1353.0,ASK
405,1712304060.550765,2549517.74044734,1305.0,-0.0,1353.0,ASK
406,1712304087.9685712,2549525.40328258,1305.0,-1.0321225769063682e-09,1353.0,ASK
407,1712304087.9785304,2549682.00823705,1305.0,-2.109343397104947e-08,1353.0,ASK
408,1712304090.558385,2549682.00823705,1305.0,-0.0,1353.0,ASK
409,1712304103.8086412,2549768.48180026,1306.0,1.1646960576047778e-08,1353.0,BID
410,1712304120.4109232,2549768.48180026,1306.0,0.0,1353.0,BID
411,1712304142.518402,2549998.19083548,1306.0,3.093860462048664e-08,1353.0,BID
412,1712304143.4085765,2551022.27496186,1306.0,1.3792985484364724e-07,1353.0,BID
413,1712304143.4127457,2551115.90365948,1306.0,1.2610480271393032e-08,1353.0,BID
414,1712304143.4425032,2551115.90366022,1306.0,9.965903470531618e-17,1353.0,BID
415,1712304150.358525,2551115.90366022,1306.0,0.0,1353.0,BID
416,1712304180.5509708,2551115.90366022,1306.0,0.0,1353.0,BID
417,1712304210.5685155,2551115.90366022,1306.0,0.0,1353.0,BID
418,1712304240.3584442,2551115.90366022,1306.0,0.0,1353.0,BID
419,1712304261.6990385,2551365.41820845,1308.0,3.3598167957920384e-08,1353.0,BID
420,1712304270.3825777,2551365.41820845,1308.0,0.0,1353.0,BID
421,1712304277.8188703,2551371.16093433,1306.0,7.73247857281591e-10,1353.0,BID
422,1712304283.618691,2551676.97133188,1306.0,4.1176827796748744e-08,1353.0,BID
423,1712304284.63852,2551834.52324408,1305.0,-2.1214085621971947e-08,1353.0,ASK
424,1712304284.6484272,2551842.18021192,1305.0,-1.0309971430212215e-09,1353.0,ASK
425,1712304298.299091,2551879.46124991,1305.0,-5.019825662230643e-09,1353.0,ASK
426,1712304298.302815,2551937.42659148,1305.0,-7.80493046391798e-09,1353.0,ASK
427,1712304300.578229,2551937.42659148,1305.0,-0.0,1353.0,ASK
428,1712304319.0985012,2552200.42685846,1307.0,3.54594328923052e-08,1353.0,BID
429,1712304330.5697024,2552200.42685846,1307.0,0.0,1353.0,BID
430,1712304360.367389,2552200.42685846,1307.0,0.0,1353.0,BID
431,1712304366.5586286,2552492.64937733,1308.0,3.9397543982781415e-08,1353.0,BID
432,1712304366.562996,2552699.22933142,1308.0,2.7851182922773228e-08,1353.0,BID
433,1712304366.5784402,2552699.22933143,1308.0,1.3811736501752397e-18,1353.0,BID
434,1712304366.67852,2553023.92101906,1309.0,4.3775048869289766e-08,1353.0,BID
435,1712304366.83888,2553384.68956006,1310.0,4.8638943078721946e-08,1353.0,BID
436,1712304366.9384742,2553384.68956087,1310.0,1.0923827960476892e-16,1353.0,BID
437,1712304366.948472,2554691.52664141,1311.0,1.7618824024226165e-07,1353.0,BID
438,1712304367.0784433,2554884.68956087,1311.0,2.604229353954285e-08,1353.0,BID
439,1712304367.088805,2555285.54349621,1311.0,5.404327020822386e-08,1353.0,BID
440,1712304390.411162,2555285.54349621,1311.0,0.0,1353.0,BID
441,1712304391.6386938,2556047.15811572,1312.0,1.0262522791101613e-07,1353.0,BID
442,1712304420.551047,2556047.15811572,1312.0,0.0,1353.0,BID
443,1712304450.5409844,2556047.15811572,1312.0,0.0,1353.0,BID
444,1712304480.4141994,2556047.15811572,1312.0,0.0,1353.0,BID
445,1712304507.6384857,2556787.89885646,1306.0,-9.979909955701249e-08,1353.0,ASK
446,1712304510.3832085,2556787.89885646,1306.0,-0.0,1353.0,ASK
447,1712304540.548429,2556787.89885646,1306.0,-0.0,1353.0,ASK
448,1712304570.5484612,2556787.89885646,1306.0,-0.0,1353.0,ASK
449,1712304600.4483626,2556787.89885646,1306.0,-0.0,1353.0,ASK
450,1712304627.0783834,2557024.59909674,1311.0,3.194557194910056e-08,1353.0,BID
451,1712304630.3801494,2557024.59909674,1311.0,0.0,1353.0,BID
452,1712304632.9584837,2557169.2871097,1311.0,-1.952658667588489e-08,1353.0,ASK
453,1712304648.258439,2557227.25245127,1308.0,-7.82279916080365e-09,1353.0,ASK
454,1712304652.268494,2559079.27856935,1308.0,-2.499429481467599e-07,1353.0,ASK
455,1712304660.5484626,2559079.27856935,1308.0,-0.0,1353.0,ASK
456,1712304690.5515993,2559079.27856935,1308.0,-0.0,1353.0,ASK
457,1712304718.2985532,2559271.00576335,1311.0,2.586544666902307e-08,1353.0,BID
458,1712304720.388372,2559271.00576335,1311.0,0.0,1353.0,BID
459,1712304750.4014962,2559271.00576335,1311.0,0.0,1353.0,BID
460,1712304777.0485642,2560031.82183849,1308.0,-1.0263635495147225e-07,1353.0,ASK
461,1712304777.0529118,2562909.52423417,1308.0,-3.882106256407609e-07,1353.0,ASK
462,1712304777.0571513,2563173.14970047,1308.0,-3.5563860724683334e-08,1353.0,ASK
463,1712304780.5602088,2563173.14970047,1308.0,-0.0,1353.0,ASK
464,1712304798.5084183,2563386.17991647,1312.0,2.8718636655131704e-08,1353.0,BID
465,1712304798.5127854,2563386.17991672,1312.0,3.371064261566022e-17,1353.0,BID
466,1712304810.5381863,2563386.17991672,1312.0,0.0,1353.0,BID
467,1712304840.3743224,2563386.17991672,1312.0,0.0,1353.0,BID
468,1712304870.4004965,2563386.17991672,1312.0,0.0,1353.0,BID
469,1712304900.441642,2563386.17991672,1312.0,0.0,1353.0,BID
470,1712304920.4381173,2564147.86183892,1311.0,-1.02960045283326e-07,1353.0,ASK
471,1712304930.3899615,2564147.86183892,1311.0,-0.0,1353.0,ASK
472,1712304960.5409043,2564147.86183892,1311.0,-0.0,1353.0,ASK
473,1712304985.6781352,2564528.95939989,1312.0,-5.1507755876359774e-08,1353.0,ASK
474,1712304985.7883704,2564816.72831725,1312.0,3.889379692288123e-08,1353.0,BID
475,1712304985.7930202,2565354.10189125,1312.0,7.262945161216089e-08,1353.0,BID
476,1712304985.88811,2565799.49515225,1313.0,6.019772810449823e-08,1353.0,BID
477,1712304985.9081085,2565799.49515274,1313.0,6.620980878148065e-17,1353.0,BID
478,1712304990.5581307,2565799.49515274,1313.0,0.0,1353.0,BID
479,1712304994.6094666,2565853.68114994,1314.0,7.321436965097667e-09,1353.0,BID
480,1712304994.6158602,2567734.19865375,1314.0,2.5408945257647013e-07,1353.0,BID
481,1712304994.6191127,2568799.49515274,1314.0,1.439394229043302e-07,1353.0,BID
482,1712305017.668393,2568803.72509274,1314.0,5.715358335411384e-10,1353.0,BID
483,1712305017.672853,2570321.56516796,1314.0,2.050856495777749e-07,1353.0,BID
484,1712305020.3906317,2570321.56516796,1314.0,0.0,1353.0,BID
485,1712305029.9981308,2571446.34982178,1314.0,1.518553511146052e-07,1353.0,BID
486,1712305030.002541,2571983.042657,1314.0,7.245802888246204e-08,1353.0,BID
487,1712305030.078078,2572560.83302381,1314.0,-7.800653994037742e-08,1353.0,ASK
488,1712305030.098235,2573265.21343048,1314.0,-9.509725582571013e-08,1353.0,ASK
489,1712305030.1017463,2573493.79862356,1314.0,-3.086091603122052e-08,1353.0,ASK
490,1712305030.1780686,2575487.71034452,1314.0,-2.6919478626379495e-07,1353.0,ASK
491,1712305033.5980463,2576037.57856859,1315.0,7.423681675360128e-08,1353.0,BID
492,1712305033.6004562,2594480.11528273,1315.0,2.489896958193844e-06,1353.0,BID
493,1712305040.5600443,2608329.30551651,1315.0,1.8697567027260825e-06,1353.0,BID
494,1712305050.378133,2608329.30551651,1315.0,0.0,1353.0,BID
495,1712305075.8205178,2609317.25459498,1315.0,1.324875029173578e-07,1353.0,BID
496,1712305075.9377427,2609572.95655931,1315.0,-3.4290547441636994e-08,1353.0,ASK
497,1712305075.977959,2609815.83226775,1315.0,-3.2570500678347865e-08,1353.0,ASK
498,1712305079.6980815,2610610.6743378,1315.0,-1.0659116281345373e-07,1353.0,ASK
499,1712305079.702711,2610686.71996517,1315.0,-1.0197990460843937e-08,1353.0,ASK
500,1712305080.58087,2610686.71996517,1315.0,-0.0,1353.0,ASK
501,1712305104.1180935,2610762.76559254,1315.0,-1.0193752702949088e-08,1353.0,ASK
502,1712305104.1227555,2610914.78083966,1315.0,-2.0377316748005967e-08,1353.0,ASK
503,1712305107.8679583,2610956.6983669,1315.0,5.6189543222816625e-09,1353.0,BID
504,1712305110.5513344,2610956.6983669,1315.0,0.0,1353.0,BID
505,1712305121.3081334,2611716.57678635,1316.0,1.0185521963296833e-07,1353.0,BID
506,1712305135.0178103,2612054.88739599,1315.0,-4.5347651107127024e-08,1353.0,ASK
507,1712305140.390725,2612054.88739599,1315.0,-0.0,1353.0,ASK
508,1712305170.3710556,2612054.88739599,1315.0,-0.0,1353.0,ASK
509,1712305200.4977562,2612054.88739599,1315.0,-0.0,1353.0,ASK
510,1712305230.350636,2612054.88739599,1315.0,-0.0,1353.0,ASK
511,1712305231.2924938,2612112.19671157,1315.0,7.687799302846992e-09,1353.0,BID
512,1712305256.1957054,2612229.2108371,1315.0,1.5696943918637665e-08,1353.0,BID
513,1712305256.2043054,2614131.47432657,1315.0,2.551805021607332e-07,1353.0,BID
514,1712305256.327623,2614131.47432716,1315.0,7.914501478246994e-17,1353.0,BID
515,1712305256.3877604,2614374.60273316,1316.0,3.2614634658141834e-08,1353.0,BID
516,1712305256.8221188,2614716.35876699,1316.0,4.5845108636066083e-08,1353.0,BID
517,1712305256.8243475,2618994.18573016,1316.0,5.738521706699854e-07,1353.0,BID
518,1712305256.9774563,2619109.52011333,1316.0,1.5471613673157674e-08,1353.0,BID
519,1712305257.8178737,2619489.17083467,1317.0,5.0928518711262894e-08,1353.0,BID
520,1712305257.8203309,2619644.46986237,1317.0,2.0832699619650214e-08,1353.0,BID
521,1712305260.5305912,2619644.46986237,1317.0,0.0,1353.0,BID
522,1712305264.8478017,2619863.66792627,1318.0,2.9365143420404946e-08,1353.0,BID
523,1712305264.8515418,2620455.75351437,1318.0,7.93194880572586e-08,1353.0,BID
524,1712305264.9115405,2620481.84780026,1318.0,3.495753721444864e-09,1353.0,BID
525,1712305264.916211,2620654.40227549,1318.0,2.311647659111107e-08,1353.0,BID
526,1712305288.4878542,2621590.0094719,1320.0,1.253397909583716e-07,1353.0,BID
527,1712305288.4907568,2621846.32649649,1320.0,3.433783152209872e-08,1353.0,BID
528,1712305288.50781,2621846.32649728,1320.0,1.0586377809983063e-16,1353.0,BID
529,1712305288.6280508,2622991.37867928,1321.0,1.5339835101639505e-07,1353.0,BID
530,1712305290.5614908,2622991.37867928,1321.0,0.0,1353.0,BID
531,1712305320.3880515,2622991.37867928,1321.0,0.0,1353.0,BID
532,1712305341.7484071,2623230.09375251,1318.0,-3.196085168916051e-08,1353.0,ASK
533,1712305350.400223,2623230.09375251,1318.0,-0.0,1353.0,ASK
534,1712305380.4893982,2623230.09375251,1318.0,-0.0,1353.0,ASK
535,1712305390.1030464,2623240.09375251,1318.0,-1.3388138830819167e-09,1353.0,ASK
536,1712305394.7230537,2623240.09375291,1321.0,5.3552963098854116e-17,1353.0,BID
537,1712305394.7268577,2623270.37384335,1321.0,4.05394054621346e-09,1353.0,BID
538,1712305410.3606374,2623270.37384335,1321.0,0.0,1353.0,BID
539,1712305411.510815,2625455.38659919,1321.0,2.925304584610427e-07,1353.0,BID
540,1712305411.5146592,2626022.79419935,1321.0,7.596477639106357e-08,1353.0,BID
541,1712305411.5916345,2626022.79420028,1321.0,1.2456118564077446e-16,1353.0,BID
542,1712305440.5586414,2626022.79420028,1321.0,0.0,1353.0,BID
543,1712305470.5531108,2626022.79420028,1321.0,0.0,1353.0,BID
544,1712305481.4242234,2626032.79420028,1321.0,1.3381529619963158e-09,1353.0,BID
545,1712305500.3590848,2626032.79420028,1321.0,0.0,1353.0,BID
546,1712305530.4011872,2626032.79420028,1321.0,0.0,1353.0,BID
547,1712305560.5590796,2626032.79420028,1321.0,0.0,1353.0,BID
548,1712305579.979219,2626271.50927351,1321.0,-3.202902030313586e-08,1353.0,ASK
549,1712305579.9990177,2627025.65707648,1321.0,-1.0118596603927673e-07,1353.0,ASK
550,1712305580.05917,2627336.02800759,1321.0,-4.1643272540519807e-08,1353.0,ASK
551,1712305590.5512905,2627336.02800759,1321.0,-0.0,1353.0,ASK
552,1712305598.0693514,2627714.5291431,1321.0,-5.07727508252451e-08,1353.0,ASK
553,1712305620.4302518,2627714.5291431,1321.0,-0.0,1353.0,ASK
554,1712305639.3895123,2629060.8032843,1321.0,-1.8057926607932099e-07,1353.0,ASK
555,1712305645.3894968,2629367.15680436,1321.0,4.1091997625341016e-08,1353.0,BID
556,1712305650.4023333,2629367.15680436,1321.0,0.0,1353.0,BID
557,1712305652.999452,2629520.25672865,1321.0,2.0529680974168625e-08,1353.0,BID
558,1712305662.2294974,2629673.20372222,1321.0,2.0509173982331043e-08,1353.0,BID
559,1712305680.5685017,2629673.20372222,1321.0,0.0,1353.0,BID
560,1712305693.899668,2630051.70485773,1320.0,-5.075173199428325e-08,1353.0,ASK
561,1712305701.7295969,2630447.94791704,1321.0,5.313067693604111e-08,1353.0,BID
562,1712305701.7799706,2630808.70712873,1321.0,-4.8372787049902967e-08,1353.0,ASK
563,1712305710.5530312,2630808.70712873,1321.0,-0.0,1353.0,ASK
564,1712305711.4605634,2630828.58510338,1320.0,-2.664823779771005e-09,1353.0,ASK
565,1712305740.366143,2630828.58510338,1320.0,-0.0,1353.0,ASK
566,1712305741.0304122,2630839.25902352,1320.0,-1.4309313026125171e-09,1353.0,ASK
567,1712305741.0358627,2630958.63510338,1320.0,-1.600339586691039e-08,1353.0,ASK
568,1712305742.1794505,2631452.73629624,1320.0,-6.623853787915371e-08,1353.0,ASK
569,1712305744.5096204,2631528.49387199,1320.0,1.0155958179188197e-08,1353.0,BID
570,1712305749.6496737,2633044.79409899,1319.0,-2.0327315836044737e-07,1353.0,ASK
571,1712305770.391497,2633044.79409899,1319.0,-0.0,1353.0,ASK
572,1712305800.443378,2633044.79409899,1319.0,-0.0,1353.0,ASK
573,1712305814.0195973,2633044.79409943,1319.0,-5.907908366178118e-17,1353.0,ASK
574,1712305814.219629,2633139.15743065,1318.0,-1.2668788086643704e-08,1353.0,ASK
575,1712305830.3835137,2633139.15743065,1318.0,-0.0,1353.0,ASK
576,1712305836.459665,2633388.0431472,1318.0,-3.3413696956510175e-08,1353.0,ASK
577,1712305857.1302552,2634939.71158757,1318.0,-2.083164102877962e-07,1353.0,ASK
578,1712305857.1354115,2638251.80884521,1318.0,-4.446595633993074e-07,1353.0,ASK
579,1712305860.5834467,2638251.80884521,1318.0,-0.0,1353.0,ASK
580,1712305884.6500926,2638403.55391349,1318.0,2.0353843438635748e-08,1353.0,BID
581,1712305890.5635302,2638403.55391349,1318.0,0.0,1353.0,BID
582,1712305920.3501732,2638403.55391349,1318.0,0.0,1353.0,BID
583,1712305950.4024076,2638403.55391349,1318.0,0.0,1353.0,BID
584,1712305970.5400076,2638408.86096428,1319.0,7.118253294957718e-10,1353.0,BID
585,1712305979.960313,2638560.49098702,1319.0,2.0337866578971693e-08,1353.0,BID
586,1712305980.437543,2638560.49098702,1319.0,0.0,1353.0,BID
587,1712306010.369452,2638560.49098702,1319.0,0.0,1353.0,BID
588,1712306040.563623,2638560.49098702,1319.0,0.0,1353.0,BID
589,1712306070.5696063,2638560.49098702,1319.0,0.0,1353.0,BID
590,1712306085.2302506,2638568.07248815,1318.0,1.0168650952164103e-09,1353.0,BID
591,1712306095.4704013,2638583.73011333,1318.0,2.1000712452872995e-09,1353.0,BID
592,1712306100.3925014,2638583.73011333,1318.0,0.0,1353.0,BID
593,1712306100.710577,2638983.73011333,1318.0,5.3668446969088944e-08,1353.0,BID
594,1712306130.3604198,2638983.73011333,1318.0,0.0,1353.0,BID
595,1712306160.5318496,2638983.73011333,1318.0,0.0,1353.0,BID
596,1712306164.1200604,2639200.51202822,1316.0,-2.9083814513865324e-08,1353.0,ASK
597,1712306164.6411445,2639582.67960704,1316.0,-5.1272224351510464e-08,1353.0,ASK
598,1712306164.645395,2641214.50376132,1316.0,-2.189281843291657e-07,1353.0,ASK
599,1712306164.6999826,2641264.15671765,1316.0,-6.6615214313611575e-09,1353.0,ASK
600,1712306164.7199051,2642171.59210465,1316.0,-1.2174300836941477e-07,1353.0,ASK
601,1712306164.7801287,2642887.23203525,1316.0,-9.601141779200352e-08,1353.0,ASK
602,1712306164.7856815,2643745.01446625,1316.0,-1.1508148698234757e-07,1353.0,ASK
603,1712306164.7999303,2643759.00129232,1316.0,-1.876495349101978e-09,1353.0,ASK
604,1712306165.1902986,2645306.96551416,1314.0,-2.076773993111404e-07,1353.0,ASK
605,1712306165.192768,2645674.13842532,1314.0,-4.9260515334452376e-08,1353.0,ASK
606,1712306165.2897966,2647736.99336432,1314.0,-2.767559759090577e-07,1353.0,ASK
607,1712306165.3203974,2648367.1392204,1314.0,-8.454139361291886e-08,1353.0,ASK
608,1712306190.563442,2648367.1392204,1314.0,-0.0,1353.0,ASK
609,1712306220.38754,2648367.1392204,1314.0,-0.0,1353.0,ASK
610,1712306250.382223,2648367.1392204,1314.0,-0.0,1353.0,ASK
611,1712306263.159945,2648377.1392204,1314.0,-1.3393989438387595e-09,1353.0,ASK
612,1712306280.5534742,2648377.1392204,1314.0,-0.0,1353.0,ASK
613,1712306310.570098,2648377.1392204,1314.0,-0.0,1353.0,ASK
614,1712306333.2641666,2648453.20468842,1314.0,1.0188182821996978e-08,1353.0,BID
615,1712306340.3601213,2648453.20468842,1314.0,0.0,1353.0,BID
616,1712306370.3532815,2648453.20468842,1314.0,0.0,1353.0,BID
617,1712306400.4542933,2648453.20468842,1314.0,0.0,1353.0,BID
618,1712306410.340246,2649975.27470364,1313.0,2.045627259270871e-07,1353.0,BID
619,1712306422.1934102,2649982.89084987,1313.0,1.023592619470496e-09,1353.0,BID
620,1712306430.3635514,2649982.89084987,1313.0,0.0,1353.0,BID
621,1712306433.9766977,2650002.49823753,1312.0,2.6344768817640114e-09,1353.0,BID
622,1712306441.660349,2650383.69589194,1311.0,-5.121826657181072e-08,1353.0,ASK
623,1712306441.66465,2652404.04858453,1311.0,-2.714575013276064e-07,1353.0,ASK
624,1712306444.1901395,2652556.60388582,1311.0,-2.0497550281369163e-08,1353.0,ASK
625,1712306444.195613,2652937.72950367,1311.0,-5.1208587635641234e-08,1353.0,ASK
626,1712306444.2938237,2653319.21814866,1310.0,-5.1257364485760105e-08,1353.0,ASK
627,1712306444.2978528,2655868.74679647,1310.0,-3.4255834579578025e-07,1353.0,ASK
628,1712306444.6500342,2656005.5879864,1310.0,-1.8386179617680685e-08,1353.0,ASK
629,1712306452.360155,2656127.81915154,1310.0,-1.6423155617800322e-08,1353.0,ASK
630,1712306460.5633335,2656127.81915154,1310.0,-0.0,1353.0,ASK
631,1712306475.090135,2656227.81915154,1310.0,-1.3421622150127932e-08,1353.0,ASK
632,1712306485.3102932,2657877.48883568,1310.0,-2.214124317304813e-07,1353.0,ASK
633,1712306485.3158658,2658269.16822454,1310.0,-5.2569727612751776e-08,1353.0,ASK
634,1712306485.3300269,2658269.16822499,1310.0,-6.037432233348293e-17,1353.0,ASK
635,1712306490.5800598,2658269.16822499,1310.0,-0.0,1353.0,ASK
636,1712306520.4102,2658269.16822499,1310.0,-0.0,1353.0,ASK
637,1712306549.6300368,2658385.92839746,1309.0,-1.5665211235120414e-08,1353.0,ASK
638,1712306550.3434577,2658385.92839746,1309.0,-0.0,1353.0,ASK
639,1712306555.9400473,2658548.87203974,1309.0,-2.1861000895273217e-08,1353.0,ASK
640,1712306563.3901775,2658552.69938886,1309.0,-5.134884759178981e-10,1353.0,ASK
641,1712306563.3977013,2658671.83654854,1309.0,-1.598379364779788e-08,1353.0,ASK
642,1712306580.4518423,2658671.83654854,1309.0,-0.0,1353.0,ASK
643,1712306589.2099843,2658781.30957131,1309.0,-1.4686487038683285e-08,1353.0,ASK
644,1712306599.4901087,2659036.74662447,1309.0,-3.426846976094665e-08,1353.0,ASK
645,1712306601.3499825,2659790.89443741,1309.0,1.011736206759046e-07,1353.0,BID
646,1712306601.3698742,2660331.30957131,1309.0,7.25000521470562e-08,1353.0,BID
647,1712306604.973471,2660545.04224038,1309.0,-2.8673567191336584e-08,1353.0,ASK
648,1712306605.1099918,2660877.79864314,1309.0,4.464134151515223e-08,1353.0,BID
649,1712306610.3733983,2660877.79864314,1309.0,0.0,1353.0,BID
650,1712306628.8500488,2662723.73916494,1309.0,-2.4754850679709045e-07,1353.0,ASK
651,1712306640.5433657,2662723.73916494,1309.0,-0.0,1353.0,ASK
652,1712306664.4701269,2662924.04916493,1309.0,-2.6853724686024466e-08,1353.0,ASK
653,1712306665.689967,2663678.1969679,1309.0,-1.0110167976912877e-07,1353.0,ASK
654,1712306665.7107108,2664400.85632075,1309.0,-9.688031203737273e-08,1353.0,ASK
655,1712306665.7159033,2664408.49574015,1309.0,-1.0241468990199472e-09,1353.0,ASK
656,1712306670.552293,2664408.49574015,1309.0,-0.0,1353.0,ASK
657,1712306686.3699472,2665908.49574015,1309.0,2.0103180856063402e-07,1353.0,BID
658,1712306700.019878,2666359.41857493,1310.0,6.043322199808325e-08,1353.0,BID
659,1712306700.105661,2666591.81857493,1310.0,-3.114652820631508e-08,1353.0,ASK
660,1712306700.443366,2666591.81857493,1310.0,-0.0,1353.0,ASK
661,1712306700.8803034,2666667.81857493,1310.0,-1.0192291143145128e-08,1353.0,ASK
662,1712306702.6704626,2666671.85451877,1310.0,-5.412567717315206e-10,1353.0,ASK
663,1712306721.1597648,2666748.19039663,1310.0,1.023733541869836e-08,1353.0,BID
664,1712306730.375691,2666748.19039663,1310.0,0.0,1353.0,BID
665,1712306760.5598955,2666748.19039663,1310.0,0.0,1353.0,BID
666,1712306776.219937,2666758.19039663,1310.0,1.341054098640865e-09,1353.0,BID
667,1712306790.5635617,2666758.19039663,1310.0,0.0,1353.0,BID
668,1712306796.5999815,2666762.4340941,1309.0,-5.691017887112e-10,1353.0,ASK
669,1712306803.8503149,2667144.50605506,1308.0,-5.1237826908488585e-08,1353.0,ASK
670,1712306803.85629,2667889.03409409,1308.0,-9.984506242356281e-08,1353.0,ASK
671,1712306819.0702646,2667996.87182344,1308.0,-1.4461597487400496e-08,1353.0,ASK
672,1712306820.3900237,2667996.87182344,1308.0,-0.0,1353.0,ASK
673,1712306833.2001846,2669478.95500386,1308.0,-1.98711847651346e-07,1353.0,ASK
674,1712306833.205943,2669925.77364732,1308.0,-5.990767548002758e-08,1353.0,ASK
675,1712306847.919969,2670390.37364732,1308.0,-6.229172939717529e-08,1353.0,ASK
676,1712306849.7866516,2670486.94474823,1308.0,-1.2947871040583112e-08,1353.0,ASK
677,1712306850.4136004,2670486.94474823,1308.0,-0.0,1353.0,ASK
678,1712306851.4313002,2670654.69947174,1308.0,-2.2482071812601543e-08,1353.0,ASK
679,1712306854.7940104,2671246.29947174,1308.0,-7.928476412484056e-08,1353.0,ASK
680,1712306859.1599834,2671261.58999162,1308.0,-2.0491975355058352e-09,1353.0,ASK
681,1712306880.569807,2671261.58999162,1308.0,-0.0,1353.0,ASK
682,1712306884.241595,2671626.61386508,1308.0,-4.891295186873957e-08,1353.0,ASK
683,1712306884.2455826,2671640.75836886,1308.0,-1.895353928631995e-09,1353.0,ASK
684,1712306884.2596755,2672018.65728897,1308.0,-5.063819940153048e-08,1353.0,ASK
685,1712306884.819847,2672182.92433156,1308.0,-2.2011672474066785e-08,1353.0,ASK
686,1712306884.83971,2672346.64140748,1308.0,-2.1937977312743235e-08,1353.0,ASK
687,1712306884.879726,2672494.05322432,1308.0,-1.975308363706564e-08,1353.0,ASK
688,1712306910.5399957,2672494.05322432,1308.0,-0.0,1353.0,ASK
689,1712306938.6096892,2672555.31142532,1310.0,8.20678466289041e-09,1353.0,BID
690,1712306940.3918843,2672555.31142532,1310.0,0.0,1353.0,BID
691,1712306951.4998252,2672555.31142536,1310.0,5.365036936387932e-18,1353.0,BID
692,1712306970.40263,2672555.31142536,1310.0,0.0,1353.0,BID
693,1712307000.4220214,2672555.31142536,1310.0,0.0,1353.0,BID
694,1712307008.6400063,2672649.64512917,1308.0,-1.2651857051290436e-08,1353.0,ASK
695,1712307010.0201375,2672758.32582403,1308.0,-1.4576048221110058e-08,1353.0,ASK
696,1712307012.3294458,2672797.974133,1308.0,-5.317555837936057e-09,1353.0,ASK
697,1712307012.3323357,2672869.85769981,1308.0,-9.64088734874111e-09,1353.0,ASK
698,1712307012.3696473,2672981.09156572,1308.0,-1.4918474669337052e-08,1353.0,ASK
699,1712307016.2900662,2673094.31253201,1308.0,-1.5184980795408116e-08,1353.0,ASK
700,1712307021.0697217,2673303.81253201,1308.0,-2.809774179530989e-08,1353.0,ASK
701,1712307021.1098151,2676361.91650754,1308.0,-4.101470925424656e-07,1353.0,ASK
702,1712307021.1152754,2677034.51874956,1308.0,-9.020813425888506e-08,1353.0,ASK
703,1712307029.6397183,2677128.8957789,1307.0,-1.2657667789010052e-08,1353.0,ASK
704,1712307030.3696053,2677128.8957789,1307.0,-0.0,1353.0,ASK
705,1712307031.6300583,2677260.16965917,1307.0,-1.75920889055986e-08,1353.0,ASK
706,1712307032.2572477,2677301.84210174,1307.0,-5.584548221654736e-09,1353.0,ASK
707,1712307032.2600634,2677458.55548052,1307.0,-2.1001250869710224e-08,1353.0,ASK
708,1712307032.514401,2677607.21358937,1307.0,-1.9921759469985625e-08,1353.0,ASK
709,1712307034.299691,2677790.84681709,1307.0,-2.4608795454500283e-08,1353.0,ASK
710,1712307034.504637,2677799.43850849,1307.0,-1.1513775523831971e-09,1353.0,ASK
711,1712307034.5075912,2678062.90444574,1307.0,-3.5307223205167654e-08,1353.0,ASK
712,1712307037.609792,2678208.86195619,1307.0,-1.95598507105662e-08,1353.0,ASK
713,1712307043.209912,2678445.06195619,1307.0,-3.1653299125189344e-08,1353.0,ASK
714,1712307046.4315608,2679665.05384138,1307.0,-1.6349182079673605e-07,1353.0,ASK
715,1712307046.5961037,2680354.37563471,1307.0,-9.23764137077313e-08,1353.0,ASK
716,1712307046.5996492,2683277.36493969,1307.0,-3.91711493692619e-07,1353.0,ASK
717,1712307047.1730063,2686200.20452019,1307.0,-3.916914290281013e-07,1353.0,ASK
718,1712307053.8098783,2686285.10527144,1307.0,-1.1377598963857498e-08,1353.0,ASK
719,1712307058.2981398,2686413.50527144,1307.0,-1.7206958542202197e-08,1353.0,ASK
720,1712307059.5706966,2686506.30527144,1307.0,-1.24361818747845e-08,1353.0,ASK
721,1712307060.5540545,2686506.30527144,1307.0,-0.0,1353.0,ASK
722,1712307066.2396708,2689428.93367548,1307.0,-3.910208889037541e-07,1353.0,ASK
723,1712307066.261212,2690159.4181719,1307.0,-9.773212931402705e-08,1353.0,ASK
724,1712307066.2668583,2691536.21278358,1307.0,-1.8420249805037845e-07,1353.0,ASK
725,1712307090.556904,2691536.21278358,1307.0,-0.0,1353.0,ASK
726,1712307114.7900229,2691629.21814347,1306.0,-1.243232968766742e-08,1353.0,ASK
727,1712307114.8000107,2692576.21278358,1306.0,-1.265878610892379e-07,1353.0,ASK
728,1712307120.3930469,2692576.21278358,1306.0,-0.0,1353.0,ASK
729,1712307120.9698994,2692766.21278358,1306.0,-2.539330905029248e-08,1353.0,ASK
730,1712307121.1895747,2693138.11278358,1306.0,-4.970406124106005e-08,1353.0,ASK
731,1712307128.5997665,2693312.76483693,1306.0,-2.3342071405198378e-08,1353.0,ASK
732,1712307129.3525996,2693578.65483692,1306.0,-3.553593127960755e-08,1353.0,ASK
733,1712307131.6905684,2693777.49336798,1306.0,-2.6574569843708425e-08,1353.0,ASK
734,1712307132.6198175,2693900.82888833,1306.0,-1.6483668342819427e-08,1353.0,ASK
735,1712307134.0209603,2694201.97711622,1306.0,-4.0248158003996e-08,1353.0,ASK
736,1712307139.9700012,2694408.73176206,1306.0,-2.763255062838836e-08,1353.0,ASK
737,1712307139.9730964,2697054.41385166,1306.0,-3.535927523686456e-07,1353.0,ASK
738,1712307139.9777446,2699190.87439834,1306.0,-2.855358049241939e-07,1353.0,ASK
739,1712307139.997406,2699195.46857904,1306.0,-6.140076333975739e-10,1353.0,ASK
740,1712307140.0069497,2700832.1814818,1306.0,-2.18745034559944e-07,1353.0,ASK
741,1712307140.1098604,2701513.1612984,1305.0,-9.101226810488904e-08,1353.0,ASK
742,1712307140.1154733,2702224.1040549,1305.0,-9.501678490986182e-08,1353.0,ASK
743,1712307150.3922253,2702224.1040549,1305.0,-0.0,1353.0,ASK
744,1712307180.5596752,2702224.1040549,1305.0,-0.0,1353.0,ASK
745,1712307181.899846,2702228.31216507,1306.0,-5.614642954165824e-10,1353.0,ASK
746,1712307181.9050896,2702333.06300557,1306.0,-1.3976311094535798e-08,1353.0,ASK
747,1712307181.979794,2703063.36177778,1306.0,9.743962705834653e-08,1353.0,BID
748,1712307181.9896057,2703465.74449594,1306.0,5.3687646048689e-08,1353.0,BID
749,1712307210.563398,2703465.74449594,1306.0,0.0,1353.0,BID
750,1712307220.5897195,2703542.37284843,1306.0,-1.0221875280692429e-08,1353.0,ASK
751,1712307220.5947423,2703622.74449594,1306.0,-1.0721213888200087e-08,1353.0,ASK
752,1712307240.3717763,2703622.74449594,1306.0,-0.0,1353.0,ASK
753,1712307268.239741,2703777.30400134,1306.0,-2.061697433006629e-08,1353.0,ASK
754,1712307270.406441,2703777.30400134,1306.0,-0.0,1353.0,ASK
755,1712307277.509642,2704004.06137095,1306.0,-3.024676470301099e-08,1353.0,ASK
756,1712307300.4006078,2704004.06137095,1306.0,-0.0,1353.0,ASK
757,1712307330.3725796,2704004.06137095,1306.0,-0.0,1353.0,ASK
758,1712307354.8398936,2704171.61658801,1306.0,-2.2402298591756093e-08,1353.0,ASK
759,1712307360.559706,2704171.61658801,1306.0,-0.0,1353.0,ASK
760,1712307365.22002,2704248.18626641,1307.0,-1.0237142381269144e-08,1353.0,ASK
761,1712307381.419989,2704416.51067344,1307.0,-2.250448163046956e-08,1353.0,ASK
762,1712307390.563718,2704416.51067344,1307.0,-0.0,1353.0,ASK
763,1712307390.7201366,2705397.50152126,1306.0,-1.311499990398374e-07,1353.0,ASK
764,1712307390.7264242,2706430.7126979,1306.0,-1.38131405736765e-07,1353.0,ASK
765,1712307394.1291764,2706737.55181347,1306.0,-4.1021738176109126e-08,1353.0,ASK
766,1712307411.4299393,2708476.15208877,1306.0,-2.3243583254927885e-07,1353.0,ASK
767,1712307411.4335055,2708935.45536208,1306.0,-6.14048785342496e-08,1353.0,ASK
768,1712307411.5900486,2710574.32684508,1306.0,2.1910295483339282e-07,1353.0,BID
769,1712307411.5959322,2710574.32684547,1306.0,5.2107342982269635e-17,1353.0,BID
770,1712307420.3735704,2710574.32684547,1306.0,0.0,1353.0,BID
771,1712307423.1799676,2711374.32684547,1306.0,1.0683821851917557e-07,1353.0,BID
772,1712307425.5501504,2712381.4278577,1306.0,-1.344960975193788e-07,1353.0,ASK
773,1712307427.1199522,2712474.40586622,1306.0,-1.2417005989715149e-08,1353.0,ASK
774,1712307450.3738284,2712474.40586622,1306.0,-0.0,1353.0,ASK
775,1712307456.0815327,2712558.10586622,1306.0,-1.117424547622312e-08,1353.0,ASK
776,1712307480.5601192,2712558.10586622,1306.0,-0.0,1353.0,ASK
777,1712307488.8402264,2712787.46366438,1308.0,3.0619628879680005e-08,1353.0,BID
778,1712307510.5541902,2712787.46366438,1308.0,0.0,1353.0,BID
779,1712307512.1023269,2713118.46366438,1308.0,-4.418725389448984e-08,1353.0,ASK
780,1712307512.108635,2713322.63186009,1308.0,-2.725568550157085e-08,1353.0,ASK
781,1712307540.3855577,2713322.63186009,1308.0,-0.0,1353.0,ASK
782,1712307570.4103663,2713322.63186009,1308.0,-0.0,1353.0,ASK
783,1712307585.090432,2713399.08445947,1308.0,-1.0205180551275673e-08,1353.0,ASK
784,1712307585.097061,2713987.20247997,1308.0,-7.850420565581223e-08,1353.0,ASK
785,1712307585.1702688,2714191.37067568,1308.0,2.72531387675724e-08,1353.0,BID
786,1712307585.1902564,2714788.02984592,1308.0,7.964431045166222e-08,1353.0,BID
787,1712307585.2502265,2715007.52837256,1308.0,2.9299489007089934e-08,1353.0,BID
788,1712307585.3514342,2715604.1875428,1308.0,7.964431045166222e-08,1353.0,BID
789,1712307585.4304135,2717483.88247436,1308.0,2.5090875017215244e-07,1353.0,BID
790,1712307585.4369006,2717483.88247437,1308.0,1.305322625732778e-18,1353.0,BID
791,1712307600.470337,2717483.88247437,1308.0,0.0,1353.0,BID
792,1712307616.640454,2717547.54338227,1309.0,8.50031593588882e-09,1353.0,BID
793,1712307619.2164109,2717639.67936393,1309.0,1.2302447121973858e-08,1353.0,BID
794,1712307630.3936274,2717639.67936393,1309.0,0.0,1353.0,BID
795,1712307638.2105184,2717829.99520677,1309.0,2.5411210643957032e-08,1353.0,BID
796,1712307644.1303906,2717944.67410585,1308.0,-1.5312070805325863e-08,1353.0,ASK
797,1712307651.3521652,2718162.47410585,1308.0,-2.9080929867227488e-08,1353.0,ASK
798,1712307652.2806318,2718212.25820371,1308.0,-6.647235346069987e-09,1353.0,ASK
799,1712307660.5428565,2718212.25820371,1308.0,-0.0,1353.0,ASK
800,1712307662.1105528,2718441.79148604,1307.0,-3.0644507294477124e-08,1353.0,ASK
801,1712307690.572095,2718441.79148604,1307.0,-0.0,1353.0,ASK
802,1712307720.365637,2718441.79148604,1307.0,-0.0,1353.0,ASK
803,1712307750.3626106,2718441.79148604,1307.0,-0.0,1353.0,ASK
804,1712307751.5306044,2719865.90295971,1309.0,1.9012252226204698e-07,1353.0,BID
805,1712307766.550649,2720095.08554171,1308.0,3.0596460567830075e-08,1353.0,BID
806,1712307767.0336044,2720095.08554183,1308.0,1.6039078840174684e-17,1353.0,BID
807,1712307769.1406765,2720202.96234807,1308.0,-1.4401829403904477e-08,1353.0,ASK
808,1712307769.200709,2720311.1227509,1307.0,-1.4439690273663113e-08,1353.0,ASK
809,1712307780.531655,2720311.1227509,1307.0,-0.0,1353.0,ASK
810,1712307809.485707,2720355.79335413,1307.0,-5.961692631146751e-09,1353.0,ASK
811,1712307809.4926302,2720643.22725487,1307.0,-3.836063191655023e-08,1353.0,ASK
812,1712307810.565508,2720643.22725487,1307.0,-0.0,1353.0,ASK
813,1712307810.6805725,2725580.4816575,1307.0,-6.588827114009062e-07,1353.0,ASK
814,1712307810.6925738,2726134.66979195,1307.0,-7.39570925205143e-08,1353.0,ASK
815,1712307816.1512778,2727773.54127495,1306.0,-2.187094280135633e-07,1353.0,ASK
816,1712307816.2167656,2728546.66068121,1306.0,-1.031737417383137e-07,1353.0,ASK
817,1712307816.2199488,2729300.80848418,1306.0,-1.0064195779604893e-07,1353.0,ASK
818,1712307816.238768,2729378.13663727,1306.0,-1.0319537747230406e-08,1353.0,ASK
819,1712307816.241842,2729991.95497863,1306.0,-8.191481744335884e-08,1353.0,ASK
820,1712307816.2527056,2730297.7824805,1306.0,-4.081305868012e-08,1353.0,ASK
821,1712307816.2567165,2730684.63965814,1306.0,-5.162656921070628e-08,1353.0,ASK
822,1712307822.3908513,2730738.87117987,1307.0,7.237263703025627e-09,1353.0,BID
823,1712307840.380205,2730738.87117987,1307.0,0.0,1353.0,BID
1024,1712307841.291428,2730743.46536057,1306.0,-6.120217697392843e-10,1353.0,ASK
824,1712307841.291428,2730743.46536057,1306.0,-6.120217697392842e-10,1353.0,ASK
825,1712307841.2993453,2730751.11646998,1306.0,-1.0192558429298964e-09,1353.0,ASK
826,1712307853.2325792,2731213.08335359,1306.0,-6.154172161183686e-08,1353.0,ASK
827,1712307853.2359114,2731279.01994904,1306.0,-8.783858205348759e-09,1353.0,ASK
828,1712307854.0707967,2731340.9874339,1306.0,-8.255106237166031e-09,1353.0,ASK
829,1712307854.0807097,2731662.33049004,1306.0,-4.280827393584335e-08,1353.0,ASK
830,1712307854.6408176,2731662.33049048,1306.0,-5.862201473250031e-17,1353.0,ASK
831,1712307856.3809206,2732045.17888251,1306.0,5.100181419438143e-08,1353.0,BID
832,1712307870.3946602,2732045.17888251,1306.0,0.0,1353.0,BID
833,1712307870.7038257,2734696.57294045,1306.0,3.531298125482808e-07,1353.0,BID
834,1712307900.5547457,2734696.57294045,1306.0,0.0,1353.0,BID
835,1712307910.6707516,2735079.7147029,1305.0,-5.108586745669039e-08,1353.0,ASK
836,1712307910.6746385,2735621.20462818,1305.0,-7.219907946107438e-08,1353.0,ASK
837,1712307910.6969209,2737396.54911879,1305.0,-2.36713984811659e-07,1353.0,ASK
838,1712307915.4908738,2737882.74911879,1305.0,-6.482704625732899e-08,1353.0,ASK
839,1712307920.4908009,2738302.04911879,1305.0,-5.5906994026482006e-08,1353.0,ASK
840,1712307930.544789,2738302.04911879,1305.0,-0.0,1353.0,ASK
841,1712307936.6523798,2738555.06366929,1306.0,3.3714320037132564e-08,1353.0,BID
842,1712307936.6559105,2739068.33264369,1306.0,6.839335695853945e-08,1353.0,BID
843,1712307936.8712022,2739520.93264369,1305.0,-6.030918466408233e-08,1353.0,ASK
844,1712307937.5712636,2739684.23264369,1305.0,-2.175980966776709e-08,1353.0,ASK
1044,1712307937.5712636,2739684.23264369,1305.0,-2.1759809667767092e-08,1353.0,ASK
845,1712307951.9259365,2739775.57642196,1306.0,1.2171605814381577e-08,1353.0,BID
846,1712307951.9317386,2740529.72422493,1306.0,1.004905857563915e-07,1353.0,BID
847,1712307960.38487,2740529.72422493,1306.0,0.0,1353.0,BID
848,1712307981.8143196,2740757.72422493,1306.0,-3.0369347373713815e-08,1353.0,ASK
849,1712307982.0808036,2741756.92422493,1306.0,-1.3309233287634365e-07,1353.0,ASK
850,1712307982.147705,2742405.72422493,1306.0,-8.64194411231316e-08,1353.0,ASK
851,1712307983.0909176,2744681.23786255,1306.0,3.0309589523905985e-07,1353.0,BID
852,1712307983.5413165,2744772.58164082,1306.0,-1.216689005571926e-08,1353.0,ASK
853,1712307983.5467238,2745933.34479443,1306.0,-1.5461236592361466e-07,1353.0,ASK
854,1712307990.36044,2745933.34479443,1306.0,-0.0,1353.0,ASK
855,1712307998.1209724,2745937.93897513,1306.0,6.11365094667472e-10,1353.0,BID
856,1712308020.5711086,2745937.93897513,1306.0,0.0,1353.0,BID
857,1712308022.7811062,2746238.57560327,1305.0,-4.000682730127276e-08,1353.0,ASK
858,1712308022.7885678,2746244.12336724,1305.0,-7.38261456822311e-10,1353.0,ASK
859,1712308026.3111193,2746446.76306093,1305.0,-2.696601302376798e-08,1353.0,ASK
860,1712308026.3172326,2749171.91278627,1305.0,-3.626457464826842e-07,1353.0,ASK
861,1712308034.421109,2749521.86780605,1305.0,-4.656980796445709e-08,1353.0,ASK
862,1712308034.4408915,2749868.531571,1305.0,-4.613182851928345e-08,1353.0,ASK
863,1712308039.6009746,2750062.46588422,1305.0,-2.5807555868326812e-08,1353.0,ASK
1063,1712308039.6009746,2750062.46588422,1305.0,-2.580755586832681e-08,1353.0,ASK
864,1712308042.731085,2752990.5542642,1305.0,-3.896515433450999e-07,1353.0,ASK
865,1712308047.4308572,2755918.95641119,1305.0,-3.896932974808311e-07,1353.0,ASK
866,1712308048.09098,2756240.85641118,1305.0,-4.2836422785774985e-08,1353.0,ASK
867,1712308050.5857055,2756240.85641118,1305.0,-0.0,1353.0,ASK
868,1712308053.0512772,2756257.61105001,1305.0,-2.225619600777002e-09,1353.0,ASK
869,1712308053.3312445,2756905.41105,1305.0,-8.605117615322341e-08,1353.0,ASK
870,1712308063.146078,2757151.60183068,1305.0,-3.270300437773069e-08,1353.0,ASK
871,1712308063.3752766,2758270.37577718,1305.0,-1.4861348247511937e-07,1353.0,ASK
872,1712308063.4095798,2761230.50931218,1305.0,-3.932123684181382e-07,1353.0,ASK
873,1712308065.5395415,2762638.55627593,1305.0,-1.8703935985106444e-07,1353.0,ASK
874,1712308065.586313,2767117.85146393,1305.0,-5.950117617641865e-07,1353.0,ASK
875,1712308065.720358,2768908.29224693,1305.0,-2.378350342886473e-07,1353.0,ASK
876,1712308065.836743,2769097.79248247,1305.0,-2.517245777988396e-08,1353.0,ASK
1076,1712308065.836743,2769097.79248247,1305.0,-2.5172457779883962e-08,1353.0,ASK
877,1712308065.8516393,2769178.16412999,1305.0,-1.0676250074982866e-08,1353.0,ASK
878,1712308065.871343,2769435.26880805,1305.0,-3.415276310881909e-08,1353.0,ASK
879,1712308065.8777828,2769520.92053099,1305.0,-1.1377634298646761e-08,1353.0,ASK
880,1712308066.3539429,2769524.75961144,1305.0,-5.099681816071583e-10,1353.0,ASK
881,1712308066.3573227,2769706.57915285,1305.0,-2.41521849123457e-08,1353.0,ASK
882,1712308071.8034697,2770074.8104412,1304.0,-4.8914380147326034e-08,1353.0,ASK
883,1712308071.8110368,2770082.47915285,1304.0,-1.0186811624705948e-09,1353.0,ASK
884,1712308072.9425185,2770193.26075695,1304.0,-1.4715787788042629e-08,1353.0,ASK
885,1712308072.9460268,2770208.27342944,1304.0,-1.994223718717709e-09,1353.0,ASK
886,1712308073.2399263,2770799.72013059,1303.0,-7.856542801277821e-08,1353.0,ASK
887,1712308073.2434058,2770820.58613059,1304.0,-2.7717564706300086e-09,1353.0,ASK
888,1712308073.246727,2771093.24010931,1304.0,-3.621827037983829e-08,1353.0,ASK
1088,1712308073.246727,2771093.24010931,1304.0,-3.6218270379838294e-08,1353.0,ASK
889,1712308073.2500477,2771097.08508244,1303.0,-5.107509418526982e-10,1353.0,ASK
1089,1712308073.2500477,2771097.08508244,1303.0,-5.107509418526983e-10,1353.0,ASK
890,1712308073.7914662,2771101.68278358,1305.0,6.107403375770695e-10,1353.0,BID
891,1712308074.1946745,2771693.12948473,1303.0,-7.856542801277821e-08,1353.0,ASK
892,1712308074.2411768,2772989.74008243,1303.0,-1.722365960891713e-07,1353.0,ASK
893,1712308074.2485476,2773074.16065034,1303.0,-1.1214092559843065e-08,1353.0,ASK
894,1712308074.2519965,2773841.42858966,1303.0,-1.019208221737998e-07,1353.0,ASK
895,1712308076.81128,2774607.71211456,1303.0,-1.017900564764976e-07,1353.0,ASK
896,1712308080.3446834,2774607.71211456,1303.0,-0.0,1353.0,ASK
897,1712308081.701756,2774627.71211456,1302.0,-2.648291708984661e-09,1353.0,ASK
898,1712308081.7084224,2775574.30234357,1302.0,-1.2534235276468146e-07,1353.0,ASK
899,1712308081.7148166,2776495.7694134,1302.0,-1.2201568005663432e-07,1353.0,ASK
900,1712308081.7307634,2776500.37417165,1303.0,6.09737154775819e-10,1353.0,BID
901,1712308082.3711643,2776637.28084363,1302.0,-1.81284402154566e-08,1353.0,ASK
902,1712308082.377444,2776706.29564107,1302.0,-9.138565792915395e-09,1353.0,ASK
903,1712308091.6209338,2776922.26564107,1302.0,-2.8597578019436333e-08,1353.0,ASK
904,1712308093.811054,2778327.22007807,1302.0,-1.860364593504436e-07,1353.0,ASK
905,1712308101.019137,2778421.82792599,1302.0,-1.2527458962529525e-08,1353.0,ASK
906,1712308104.6722665,2779189.87708113,1302.0,-1.0170091048253593e-07,1353.0,ASK
907,1712308104.6796827,2787017.00272747,1302.0,-1.0364255977191356e-06,1353.0,ASK
908,1712308110.467564,2787017.00272747,1302.0,-0.0,1353.0,ASK
1109,1712308119.3248315,2787234.16377722,1302.0,-2.869390237547985e-08,1353.0,ASK
909,1712308119.3248315,2787234.16377722,1302.0,-2.8693902375479853e-08,1353.0,ASK
910,1712308123.0508766,2789234.16377722,1302.0,-2.642638024497544e-07,1353.0,ASK
911,1712308136.7012916,2790370.23562714,1303.0,1.5011133345797388e-07,1353.0,BID
912,1712308140.5645654,2790370.23562714,1303.0,0.0,1353.0,BID
913,1712308151.8011603,2790544.44880085,1302.0,-2.3005842891277214e-08,1353.0,ASK
914,1712308169.7946916,2790734.49179969,1302.0,-2.5096261555758324e-08,1353.0,ASK
915,1712308170.541089,2790734.49179969,1302.0,-0.0,1353.0,ASK
1116,1712308177.9517872,2790896.99008185,1302.0,-2.145748080857336e-08,1353.0,ASK
916,1712308177.9517872,2790896.99008185,1302.0,-2.1457480808573362e-08,1353.0,ASK
917,1712308180.1524315,2791239.79707163,1302.0,-4.5266782555912826e-08,1353.0,ASK
918,1712308180.9310637,2791608.28707163,1302.0,-4.8658158092734016e-08,1353.0,ASK
919,1712308185.4309397,2791962.07749836,1302.0,-4.6717117195973184e-08,1353.0,ASK
920,1712308185.791001,2792048.9307246,1302.0,-1.1468745456437405e-08,1353.0,ASK
921,1712308185.796915,2792375.85459376,1302.0,-4.316945727125897e-08,1353.0,ASK
922,1712308193.6041954,2792669.78553889,1302.0,-3.881282639011868e-08,1353.0,ASK
923,1712308195.8160331,2792798.02876746,1302.0,-1.6934188960596714e-08,1353.0,ASK
924,1712308200.4654567,2792798.02876746,1302.0,-0.0,1353.0,ASK
925,1712308204.5512154,2792818.97811258,1302.0,-2.767180254018397e-09,1353.0,ASK
926,1712308204.557097,2792904.69351566,1302.0,-1.1322070905424465e-08,1353.0,ASK
927,1712308211.9738414,2792909.2912168,1305.0,6.07306230163495e-10,1353.0,BID
928,1712308230.4670827,2792909.2912168,1305.0,0.0,1353.0,BID
929,1712308231.1311018,2793459.78220606,1303.0,7.27124707813048e-08,1353.0,BID
930,1712308242.1013818,2793536.52817689,1304.0,1.0137112633006011e-08,1353.0,BID
931,1712308246.048359,2793595.52817689,1303.0,7.793108079506596e-09,1353.0,BID
932,1712308260.5629766,2793595.52817689,1303.0,0.0,1353.0,BID
933,1712308262.267791,2793599.36624289,1303.0,5.068971291026439e-10,1353.0,BID
934,1712308273.611454,2793795.92624289,1302.0,-2.5959871379977532e-08,1353.0,ASK
1134,1712308273.611454,2793795.92624289,1302.0,-2.595987137997753e-08,1353.0,ASK
935,1712308275.7052095,2793819.33544952,1302.0,-3.0916768072193913e-09,1353.0,ASK
936,1712308284.2533922,2794281.69999495,1302.0,-6.106493757642775e-08,1353.0,ASK
937,1712308284.2571433,2794303.20537129,1302.0,-2.840236079372198e-09,1353.0,ASK
938,1712308287.0814106,2795057.35318423,1302.0,9.960103899782697e-08,1353.0,BID
939,1712308287.101246,2795259.85363347,1302.0,2.6744432319138565e-08,1353.0,BID
940,1712308287.161292,2795406.01719593,1302.0,1.9303964600612988e-08,1353.0,BID
941,1712308287.181566,2797402.94499893,1302.0,2.6373620737168124e-07,1353.0,BID
942,1712308287.2270396,2801229.32337893,1302.0,5.053535337601227e-07,1353.0,BID
943,1712308287.3016582,2803487.94419338,1302.0,2.982982592554316e-07,1353.0,BID
944,1712308287.309092,2803487.94419339,1302.0,1.353007512988834e-18,1353.0,BID
945,1712308287.921279,2803646.35375527,1302.0,-2.0921305717137163e-08,1353.0,ASK
946,1712308290.557697,2803646.35375527,1302.0,-0.0,1353.0,ASK
947,1712308320.3839254,2803646.35375527,1302.0,-0.0,1353.0,ASK
948,1712308350.3914442,2803646.35375527,1302.0,-0.0,1353.0,ASK
949,1712308374.6916816,2805201.5855272,1302.0,-2.0504659775324214e-07,1353.0,ASK
950,1712308374.70009,2805674.88159593,1302.0,-6.240082692158498e-08,1353.0,ASK
951,1712308380.5548017,2805674.88159593,1302.0,-0.0,1353.0,ASK
952,1712308381.431318,2806225.2735413,1302.0,-7.254012759996987e-08,1353.0,ASK
953,1712308396.7752829,2806229.87476829,1304.0,6.064289199485044e-10,1353.0,BID
954,1712308410.5346692,2806229.87476829,1304.0,0.0,1353.0,BID
955,1712308415.44163,2808218.2735413,1304.0,2.620404717502528e-07,1353.0,BID
956,1712308440.3852885,2808218.2735413,1304.0,0.0,1353.0,BID
957,1712308470.4262304,2808218.2735413,1304.0,0.0,1353.0,BID
958,1712308473.3814676,2808253.26644668,1304.0,-4.609953186164343e-09,1353.0,ASK
959,1712308473.3926182,2808334.55479023,1304.0,-1.0708898111790182e-08,1353.0,ASK
960,1712308478.6614015,2809024.20996264,1304.0,9.085493259004545e-08,1353.0,BID
961,1712308500.4115746,2809024.20996264,1304.0,0.0,1353.0,BID
962,1712308515.127875,2812866.65502363,1305.0,5.076008288195601e-07,1353.0,BID
963,1712308530.4112463,2812866.65502363,1305.0,0.0,1353.0,BID
964,1712308560.3753052,2812866.65502363,1305.0,0.0,1353.0,BID
965,1712308580.0320003,2812943.34214019,1304.0,1.0123937950590112e-08,1353.0,BID
966,1712308581.4112434,2813326.58677209,1304.0,5.0594481150083135e-08,1353.0,BID
967,1712308585.311413,2813403.27388865,1304.0,1.0123937950590112e-08,1353.0,BID
968,1712308590.383889,2813403.27388865,1304.0,0.0,1353.0,BID
969,1712308590.9113998,2813407.8786469,1303.0,-6.07846308030943e-10,1353.0,ASK
970,1712308590.9190965,2813484.62461773,1303.0,-1.0130771799921522e-08,1353.0,ASK
971,1712308592.4910755,2813698.24397001,1302.0,-2.8198599699718457e-08,1353.0,ASK
972,1712308592.494838,2813931.93753723,1302.0,-3.084847549671847e-08,1353.0,ASK
973,1712308592.7925394,2814008.74245274,1302.0,-1.0138552730934582e-08,1353.0,ASK
974,1712308592.8041065,2814522.72738402,1302.0,-6.784804454345917e-08,1353.0,ASK
975,1712308592.8170907,2814643.58465591,1302.0,-1.5953638069025723e-08,1353.0,ASK
976,1712308592.8212569,2815576.64165591,1302.0,-1.2316721570016857e-07,1353.0,ASK
977,1712308592.901148,2815779.14210515,1302.0,-2.6730860505787865e-08,1353.0,ASK
978,1712308592.9114995,2816189.49974396,1302.0,-5.4168831929346864e-08,1353.0,ASK
979,1712308592.9218638,2816705.73977483,1302.0,-6.814572661183914e-08,1353.0,ASK
980,1712308592.9320087,2817219.42312419,1302.0,-6.780823453677441e-08,1353.0,ASK
981,1712308592.9504335,2817892.22020805,1302.0,-8.881187703458506e-08,1353.0,ASK
982,1712308593.0251827,2819088.55369527,1302.0,-1.579207536835498e-07,1353.0,ASK
983,1712308593.392174,2819350.5536996,1302.0,-3.458503719148978e-08,1353.0,ASK
984,1712308593.741177,2819464.8599793,1302.0,-1.5088881180535185e-08,1353.0,ASK
985,1712308593.9211829,2819578.23059143,1302.0,-1.496536935929926e-08,1353.0,ASK
986,1712308598.353895,2819654.97656226,1303.0,1.0130771799982991e-08,1353.0,BID
987,1712308602.3716688,2819807.49920097,1302.0,-2.0133591775338552e-08,1353.0,ASK
988,1712308602.7111197,2820018.30160293,1302.0,-2.78267511119978e-08,1353.0,ASK
989,1712308602.9114394,2820321.24196974,1302.0,-3.9989327022033375e-08,1353.0,ASK
990,1712308602.9912798,2822318.16977274,1302.0,-2.63602370969569e-07,1353.0,ASK
991,1712308607.5911288,2822702.86977274,1302.0,-5.0781922090372055e-08,1353.0,ASK
992,1712308607.6976802,2822779.61574357,1303.0,1.0130771799921522e-08,1353.0,BID
993,1712308608.2111168,2823044.81574357,1302.0,-3.5007449280919176e-08,1353.0,ASK
994,1712308620.55501,2823044.81574357,1302.0,-0.0,1353.0,ASK
995,1712308636.4226975,2823078.83126554,1302.0,-4.482755045686127e-09,1353.0,ASK
996,1712308638.1212509,2823169.30244529,1301.0,-1.1922796242158406e-08,1353.0,ASK
997,1712308638.1278503,2823173.15332922,1301.0,-5.074909443670921e-10,1353.0,ASK
998,1712308645.6113584,2823470.79492439,1301.0,-3.922486809829256e-08,1353.0,ASK
999,1712308645.7110786,2823834.76030716,1301.0,-4.7965386435168964e-08,1353.0,ASK
1000,1712308645.7511392,2824359.26967333,1301.0,-6.91227672415087e-08,1353.0,ASK
1201,1712308645.7911236,2824597.83366462,1301.0,-3.1439292233375135e-08,1353.0,ASK
1202,1712308645.7924628,2824662.32901578,1301.0,-8.499556793323247e-09,1353.0,ASK
1203,1712308647.5611522,2824791.08901578,1301.0,-1.6968710349313345e-08,1353.0,ASK
1204,1712308648.5211642,2824952.93901578,1301.0,-2.1329494952102984e-08,1353.0,ASK
1205,1712308648.641154,2825173.63901578,1301.0,-2.908507590930158e-08,1353.0,ASK
1206,1712308648.8412693,2825317.37313418,1301.0,-1.8942083119302002e-08,1353.0,ASK
1207,1712308650.560677,2825317.37313418,1301.0,-0.0,1353.0,ASK
1208,1712308652.9416478,2825440.89193795,1301.0,-1.6271656192340736e-08,1353.0,ASK
1209,1712308652.9815638,2825724.46346927,1301.0,-3.7356081201687634e-08,1353.0,ASK
1210,1712308653.001402,2826009.59080613,1301.0,-3.7561034067742246e-08,1353.0,ASK
1211,1712308653.1212,2826163.30747612,1301.0,-2.0249749258954263e-08,1353.0,ASK
1212,1712308654.021323,2826262.42517126,1301.0,-1.3057194602462957e-08,1353.0,ASK
1213,1712308657.1112907,2826396.31517125,1301.0,-1.7637897882243907e-08,1353.0,ASK
1214,1712308660.9913416,2826537.48120397,1301.0,-1.8596400550708614e-08,1353.0,ASK
1215,1712308661.791221,2826647.50123828,1301.0,-1.4493406007166873e-08,1353.0,ASK
1216,1712308663.60188,2826685.93321368,1301.0,-5.0628072116534985e-09,1353.0,ASK
1217,1712308663.6052053,2829111.47077379,1301.0,-3.195263559477917e-07,1353.0,ASK
1218,1712308663.6080174,2829179.9080543,1301.0,-9.01553338608092e-09,1353.0,ASK
1219,1712308663.661163,2829289.80028391,1301.0,-1.4476569751638726e-08,1353.0,ASK
1220,1712308663.7012908,2829406.63804908,1301.0,-1.53915346255222e-08,1353.0,ASK
1221,1712308663.7413712,2829518.84971306,1301.0,-1.4782118684137608e-08,1353.0,ASK
1222,1712308663.7441251,2829522.74090447,1301.0,-5.1260315731601e-10,1353.0,ASK
1223,1712308663.8411536,2829764.19905734,1301.0,-3.1808307143673243e-08,1353.0,ASK
1224,1712308664.00125,2829906.32924442,1301.0,-1.8723412696078617e-08,1353.0,ASK
1225,1712308664.6012485,2830011.72228236,1301.0,-1.3883872139947316e-08,1353.0,ASK
1226,1712308666.5513,2831559.6865042,1301.0,-2.039198959754512e-07,1353.0,ASK
1227,1712308668.8317266,2831996.92462153,1301.0,-5.7599232685360536e-08,1353.0,ASK
1228,1712308668.9110594,2832319.18783415,1301.0,-4.2453100573679714e-08,1353.0,ASK
1229,1712308668.931208,2832430.10209836,1301.0,-1.4611206706712818e-08,1353.0,ASK
1230,1712308668.9411108,2832756.51087455,1301.0,-4.2999213255033374e-08,1353.0,ASK
1231,1712308668.952077,2832867.64327871,1301.0,-1.4639943208062405e-08,1353.0,ASK
1232,1712308669.5411315,2833027.84656758,1301.0,-2.1104259090978523e-08,1353.0,ASK
1233,1712308670.301196,2833203.10181068,1301.0,-2.3087116897036066e-08,1353.0,ASK
1234,1712308670.3212729,2833323.14433135,1301.0,-1.581371066742159e-08,1353.0,ASK
1235,1712308670.4410732,2833443.02433135,1301.0,-1.5792301129836436e-08,1353.0,ASK
1236,1712308674.194115,2833596.84954907,1301.0,-2.0264048712054304e-08,1353.0,ASK
1237,1712308674.801135,2833728.09339173,1301.0,-1.7289308347724974e-08,1353.0,ASK
1238,1712308679.9411645,2834220.95519723,1301.0,-6.492677717599336e-08,1353.0,ASK
1239,1712308679.9612117,2834581.55816363,1301.0,-4.750375903990859e-08,1353.0,ASK
1240,1712308679.9628763,2834712.44817248,1301.0,-1.7242696318388796e-08,1353.0,ASK
1241,1712308680.041149,2834736.16496012,1301.0,-3.12431308177925e-09,1353.0,ASK
1242,1712308680.0429504,2834862.62601811,1301.0,-1.6659251826683038e-08,1353.0,ASK
1243,1712308680.3544843,2834862.62601811,1301.0,-0.0,1353.0,ASK
1244,1712308682.1114628,2834889.89286173,1301.0,-3.58611041315914e-09,1353.0,ASK
1245,1712308682.11441,2835043.62076333,1301.0,-2.0218153461695e-08,1353.0,ASK
1246,1712308682.1173277,2835277.05570659,1301.0,-3.0701150910401904e-08,1353.0,ASK
1247,1712308682.4381073,2835549.94882684,1301.0,-3.5890654373345146e-08,1353.0,ASK
1248,1712308682.63161,2835590.73567493,1301.0,-5.3642490745897445e-09,1353.0,ASK
1249,1712308682.6344564,2835747.76345472,1301.0,-2.0652150432716453e-08,1353.0,ASK
1250,1712308682.9710922,2835969.30659442,1301.0,-2.9137151748199207e-08,1353.0,ASK
1251,1712308683.211204,2836952.80179442,1301.0,-1.293483920322833e-07,1353.0,ASK
1252,1712308683.2313344,2837044.35818865,1301.0,-1.2041413495400003e-08,1353.0,ASK
1253,1712308683.431353,2837138.59625676,1301.0,-1.2394104799128584e-08,1353.0,ASK
1254,1712308683.9113474,2837399.71205883,1301.0,-3.4341712223911795e-08,1353.0,ASK
1255,1712308683.9511924,2837779.61213084,1301.0,-4.9964111108446246e-08,1353.0,ASK
1256,1712308683.9714258,2837929.76174865,1301.0,-1.974754084008193e-08,1353.0,ASK
1257,1712308684.1316044,2838163.60838839,1301.0,-3.075529685605455e-08,1353.0,ASK
1258,1712308684.1512368,2838673.9996349,1301.0,-6.712619140740386e-08,1353.0,ASK
1259,1712308684.961332,2839441.14175551,1301.0,-1.0089383228424637e-07,1353.0,ASK
1260,1712308684.9635253,2839533.3996349,1300.0,-1.2133672184060158e-08,1353.0,ASK
1261,1712308693.6322331,2839877.99642085,1300.0,-4.532105511255864e-08,1353.0,ASK
1262,1712308693.6343913,2840103.68801647,1300.0,-2.968275288853e-08,1353.0,ASK
1263,1712308710.385739,2840103.68801647,1300.0,-0.0,1353.0,ASK
1264,1712308740.5658667,2840103.68801647,1300.0,-0.0,1353.0,ASK
1265,1712308765.061293,2840228.27801646,1301.0,-1.6371283212705275e-08,1353.0,ASK
1266,1712308767.191822,2840425.32904193,1301.0,-2.589275339575368e-08,1353.0,ASK
1267,1712308767.19436,2840761.92274678,1301.0,-4.422883754836917e-08,1353.0,ASK
1268,1712308770.563382,2840761.92274678,1301.0,-0.0,1353.0,ASK
1269,1712308774.011379,2840875.2085544,1301.0,-1.4884223190711572e-08,1353.0,ASK
1270,1712308780.7424643,2840968.98950575,1301.0,-1.2321548835221156e-08,1353.0,ASK
1271,1712308780.7817955,2841063.81405473,1301.0,-1.2458663451508344e-08,1353.0,ASK
1272,1712308781.121225,2841208.68239598,1301.0,-1.90337410284086e-08,1353.0,ASK
1273,1712308783.7515152,2841345.7724764,1301.0,-1.801178273837182e-08,1353.0,ASK
1274,1712308784.731428,2841600.16180616,1301.0,-3.3423317898569e-08,1353.0,ASK
1275,1712308792.84126,2841728.51545689,1301.0,-1.6863934017341928e-08,1353.0,ASK
1276,1712308792.851142,2841858.63121848,1301.0,-1.70954515557903e-08,1353.0,ASK
1277,1712308793.0012505,2842059.23431508,1301.0,-2.635653419670195e-08,1353.0,ASK
1278,1712308793.041307,2842212.23239027,1301.0,-2.010187813208301e-08,1353.0,ASK
1279,1712308793.1512146,2842324.73801968,1301.0,-1.4781718324007062e-08,1353.0,ASK
1280,1712308793.7511673,2842426.07801968,1301.0,-1.3314705609024818e-08,1353.0,ASK
1281,1712308793.857247,2842539.53222107,1301.0,-1.490634785491965e-08,1353.0,ASK
1282,1712308793.8911817,2842652.79198182,1301.0,-1.4880800984181417e-08,1353.0,ASK
1283,1712308794.8914018,2842810.48953147,1301.0,-2.0719325526516133e-08,1353.0,ASK
1284,1712308794.991452,2842918.83139273,1301.0,-1.4234655494518224e-08,1353.0,ASK
1285,1712308795.011258,2843025.75938301,1301.0,-1.4048891967102647e-08,1353.0,ASK
1286,1712308795.0599551,2843165.09215432,1301.0,-1.8306441994082456e-08,1353.0,ASK
1287,1712308797.921355,2843374.16135263,1301.0,-2.7468865476765027e-08,1353.0,ASK
1288,1712308797.9312294,2843484.00130083,1301.0,-1.443148386025015e-08,1353.0,ASK
1289,1712308797.946443,2843807.12727013,1301.0,-4.2454382828766894e-08,1353.0,ASK
1290,1712308798.021229,2844046.10131556,1301.0,-3.1397957993889684e-08,1353.0,ASK
1291,1712308798.0496993,2844288.23523023,1301.0,-3.1813122082062386e-08,1353.0,ASK
1292,1712308798.5714874,2844437.41235355,1301.0,-1.9599856726009072e-08,1353.0,ASK
1293,1712308798.5747356,2844895.06191351,1300.0,-6.01289635185814e-08,1353.0,ASK
1294,1712308800.434441,2844895.06191351,1300.0,-0.0,1353.0,ASK
1295,1712308805.1111488,2845198.47525515,1300.0,-3.99098135912814e-08,1353.0,ASK
1296,1712308806.128984,2845462.14162704,1300.0,-3.468165142493134e-08,1353.0,ASK
1297,1712308806.403799,2845559.83816937,1300.0,-1.2850624075436142e-08,1353.0,ASK
1298,1712308806.7611146,2845869.23412882,1300.0,-4.069674392298836e-08,1353.0,ASK
1299,1712308806.8814363,2846174.634655,1300.0,-4.017120013463149e-08,1353.0,ASK
1300,1712308806.8832257,2846467.85561819,1300.0,-3.856914768054738e-08,1353.0,ASK
1301,1712308806.9010537,2846772.73274132,1300.0,-4.010235372840299e-08,1353.0,ASK
1302,1712308812.321285,2846790.66056604,1300.0,-2.3581564963402674e-09,1353.0,ASK
1303,1712308812.3239467,2846909.94435023,1300.0,-1.569012610243495e-08,1353.0,ASK
1304,1712308814.431613,2847045.86267935,1300.0,-1.7878169593673174e-08,1353.0,ASK
1305,1712308814.435016,2847189.51237944,1300.0,-1.8895124130138044e-08,1353.0,ASK
1306,1712308815.4717062,2847277.7337046,1300.0,-1.1604290776668607e-08,1353.0,ASK
1307,1712308815.6414027,2847317.74077991,1300.0,-5.262375442405289e-09,1353.0,ASK
1308,1712308815.6447806,2847473.44551165,1300.0,-2.0480796214949107e-08,1353.0,ASK
1309,1712308821.0713005,2847656.58246298,1300.0,-2.4089123931577014e-08,1353.0,ASK
1310,1712308821.0813346,2847913.41385005,1300.0,-3.3782604044205146e-08,1353.0,ASK
1311,1712308823.9114213,2847925.41385005,1300.0,-1.578433435084627e-09,1353.0,ASK
1312,1712308823.9148846,2848720.88030523,1300.0,-1.0463257077872265e-07,1353.0,ASK
1313,1712308827.4413383,2848848.75914057,1300.0,-1.6820685778365483e-08,1353.0,ASK
1314,1712308830.3646266,2848848.75914057,1300.0,-0.0,1353.0,ASK
1315,1712308831.481218,2848925.62309137,1301.0,1.0103555112165985e-08,1353.0,BID
1316,1712308837.6414,2849002.42800688,1302.0,1.0095795085580089e-08,1353.0,BID
1317,1712308848.2671611,2849091.93237226,1300.0,-1.1765102873155856e-08,1353.0,ASK
1318,1712308853.021327,2849188.18493316,1300.0,-1.2652134630384372e-08,1353.0,ASK
1319,1712308853.088165,2849284.6027373,1300.0,-1.2673855400207206e-08,1353.0,ASK
1320,1712308860.5724938,2849284.6027373,1300.0,-0.0,1353.0,ASK
1321,1712308861.104943,2849585.23495854,1300.0,-3.951433522225401e-08,1353.0,ASK
1322,1712308861.1084974,2849737.75978507,1300.0,-2.004747561774351e-08,1353.0,ASK
1323,1712308861.1175811,2849871.85286199,1300.0,-1.7624853286016613e-08,1353.0,ASK
1324,1712308861.1575618,2849985.61625659,1300.0,-1.4952771501652697e-08,1353.0,ASK
1325,1712308861.3511643,2850080.49011775,1300.0,-1.2469979226601545e-08,1353.0,ASK
1326,1712308861.4026709,2850176.69577764,1300.0,-1.2645027467428285e-08,1353.0,ASK
1327,1712308862.521326,2850273.16084074,1300.0,-1.2679122766136637e-08,1353.0,ASK
1328,1712308862.8012133,2850423.85563824,1300.0,-1.9806941252350965e-08,1353.0,ASK
1329,1712308862.8812103,2850531.18418696,1300.0,-1.4106991710836737e-08,1353.0,ASK
1330,1712308863.2813754,2850663.94686664,1300.0,-1.7449989253421637e-08,1353.0,ASK
1331,1712308863.3415587,2850813.34273583,1300.0,-1.9636213416035386e-08,1353.0,ASK
1332,1712308863.405299,2850956.41617736,1300.0,-1.880520959025603e-08,1353.0,ASK
1333,1712308863.4211152,2851083.80625192,1300.0,-1.6743827688815774e-08,1353.0,ASK
1334,1712308863.9442856,2851181.67246332,1300.0,-1.2863286138307226e-08,1353.0,ASK
1335,1712308863.9471197,2851278.41601655,1300.0,-1.2715726801133006e-08,1353.0,ASK
1336,1712308863.9813445,2851394.47716282,1300.0,-1.5254782142364282e-08,1353.0,ASK
1337,1712308864.0210392,2851482.15212645,1300.0,-1.1523774428419453e-08,1353.0,ASK
1338,1712308864.606783,2851617.39143422,1300.0,-1.7775510956236828e-08,1353.0,ASK
1339,1712308866.5368834,2851757.72025552,1300.0,-1.844446368164325e-08,1353.0,ASK
1340,1712308866.6050177,2851861.8279395,1300.0,-1.3683649433934965e-08,1353.0,ASK
1341,1712308867.6927078,2852002.50708418,1300.0,-1.849050929649874e-08,1353.0,ASK
1342,1712308867.7585788,2852106.04704374,1300.0,-1.3609029178787228e-08,1353.0,ASK
1343,1712308868.1573162,2852225.07500397,1300.0,-1.5644732630300608e-08,1353.0,ASK
1344,1712308868.4640207,2852375.25066223,1300.0,-1.973870690982785e-08,1353.0,ASK
1345,1712308869.3612876,2852587.96766803,1300.0,-2.7958982706455938e-08,1353.0,ASK
1346,1712308869.4690886,2852798.36059156,1300.0,-2.7653511238646792e-08,1353.0,ASK
1347,1712308869.5830655,2853067.05768793,1301.0,3.53168635597426e-08,1353.0,BID
1348,1712308869.58662,2853196.55768793,1301.0,1.702115092711695e-08,1353.0,BID
1349,1712308869.68428,2853594.62486859,1301.0,5.2320938696118e-08,1353.0,BID
1350,1712308869.888985,2854272.35355227,1301.0,8.907893600431369e-08,1353.0,BID
1351,1712308870.0039475,2854448.03332709,1300.0,-2.309090318186088e-08,1353.0,ASK
1352,1712308870.7965283,2854577.24945234,1300.0,-1.6983839151313982e-08,1353.0,ASK
1353,1712308870.991398,2854679.95894619,1300.0,-1.3499874876191545e-08,1353.0,ASK
1354,1712308871.1567512,2854830.10363401,1300.0,-1.9734636233922195e-08,1353.0,ASK
1355,1712308871.1913426,2854980.83412408,1300.0,-1.981163259302693e-08,1353.0,ASK
1356,1712308871.4312046,2855130.9788119,1300.0,-1.9734636233922195e-08,1353.0,ASK
1357,1712308871.714749,2855265.08252913,1300.0,-1.7626251821279922e-08,1353.0,ASK
1358,1712308871.7511754,2855618.5210055,1300.0,-4.64550552104025e-08,1353.0,ASK
1359,1712308871.799677,2855707.13221556,1300.0,-1.16468322800232e-08,1353.0,ASK
1360,1712308872.5219574,2855882.81199038,1300.0,-2.309090318186088e-08,1353.0,ASK
1361,1712308872.5913749,2856023.6573342,1300.0,-1.85123540891641e-08,1353.0,ASK
1362,1712308873.0013502,2856224.48046671,1300.0,-2.639568222475865e-08,1353.0,ASK
1363,1712308873.461279,2856357.58046671,1300.0,-1.7494325779157155e-08,1353.0,ASK
1364,1712308875.581359,2856635.98597727,1300.0,-3.659291285085143e-08,1353.0,ASK
1365,1712308875.8714087,2856746.11310802,1300.0,-1.4474830221311865e-08,1353.0,ASK
1366,1712308876.8114238,2856891.38122306,1300.0,-1.9093671899614708e-08,1353.0,ASK
1367,1712308876.8913662,2857049.79078494,1300.0,-2.0820950278430962e-08,1353.0,ASK
1368,1712308876.911487,2857211.404255,1300.0,-2.124206382813347e-08,1353.0,ASK
1369,1712308877.0809586,2857328.41227888,1300.0,-1.5379237329300722e-08,1353.0,ASK
1370,1712308877.1114476,2857487.17159336,1300.0,-2.086692087145752e-08,1353.0,ASK
1371,1712308877.2512786,2857631.34870596,1300.0,-1.8950273311179333e-08,1353.0,ASK
1372,1712308877.8231452,2857916.14112764,1300.0,-3.743239221863673e-08,1353.0,ASK
1373,1712308877.8632398,2858044.24754242,1300.0,-1.6837981627046936e-08,1353.0,ASK
1374,1712308878.2111125,2858233.18265524,1300.0,-2.4833151125414722e-08,1353.0,ASK
1375,1712308878.6214018,2858361.04336976,1300.0,-1.6805687409201443e-08,1353.0,ASK
1376,1712308879.1620102,2858453.00443947,1300.0,-1.2087129320112082e-08,1353.0,ASK
1377,1712308879.5316577,2859041.70443947,1300.0,-7.737723205248588e-08,1353.0,ASK
1378,1712308879.533511,2859151.01985152,1300.0,-1.4368139978107752e-08,1353.0,ASK
1379,1712308879.6211522,2859421.28775631,1300.0,-3.552332662687531e-08,1353.0,ASK
1380,1712308879.9212303,2859681.39472898,1300.0,-3.4187799529070755e-08,1353.0,ASK
1381,1712308880.0413983,2859875.57084326,1300.0,-2.5522015039360546e-08,1353.0,ASK
1382,1712308881.611359,2860025.62261976,1300.0,-1.9722424206144012e-08,1353.0,ASK
1383,1712308881.731747,2860262.32261976,1300.0,-3.1111246520801753e-08,1353.0,ASK
1384,1712308884.2647312,2860789.42261976,1300.0,-6.928068458443962e-08,1353.0,ASK
1385,1712308887.4453125,2863196.47584525,1300.0,-3.163769593873787e-07,1353.0,ASK
1386,1712308887.7712083,2863391.57584525,1300.0,-2.5643448230749825e-08,1353.0,ASK
1387,1712308888.3244867,2863519.87584525,1300.0,-1.6863425976477687e-08,1353.0,ASK
1388,1712308889.1536355,2863554.11206514,1300.0,-4.4999217445621805e-09,1353.0,ASK
1389,1712308889.155488,2864084.48809234,1300.0,-6.971127727485926e-08,1353.0,ASK
1390,1712308889.1572454,2869507.84037708,1300.0,-7.12831643007563e-07,1353.0,ASK
1391,1712308889.6948612,2869557.35284712,1300.0,-6.507793245755029e-09,1353.0,ASK
1392,1712308890.952632,2869557.35284712,1300.0,-0.0,1353.0,ASK
1393,1712308891.797958,2869633.86394122,1300.0,-1.0021706868369491e-08,1353.0,ASK
1394,1712308891.7998192,2869641.55624891,1300.0,-1.0075669903026e-09,1353.0,ASK
1395,1712308891.8030963,2874642.64517924,1300.0,-6.550611760525803e-07,1353.0,ASK
1396,1712308891.8063614,2877359.97865425,1300.0,-3.559264165593546e-07,1353.0,ASK
1397,1712308891.9514444,2877475.44865424,1300.0,-1.5124688851957707e-08,1353.0,ASK
1398,1712308892.253543,2877701.24865424,1300.0,-2.9576121443372016e-08,1353.0,ASK
1399,1712308892.3743706,2878522.08306329,1300.0,-1.0751593519480333e-07,1353.0,ASK
1400,1712308892.3762238,2879009.00614021,1300.0,-6.37789905074598e-08,1353.0,ASK
1401,1712308892.3825362,2881511.79318809,1300.0,-3.278243298275097e-07,1353.0,ASK
1402,1712308892.39484,2881527.62703424,1300.0,-2.073975893035663e-09,1353.0,ASK
1403,1712308893.4612331,2881533.62703424,1300.0,-7.85902252703182e-10,1353.0,ASK
1404,1712308893.608081,2881610.55011116,1300.0,-1.0075669906075704e-08,1353.0,ASK
1405,1712308893.6112218,2882796.76639556,1300.0,-1.5537500835050705e-07,1353.0,ASK
1406,1712308897.111941,2885059.9755952,1299.0,-2.964435347226028e-07,1353.0,ASK
1407,1712308897.122943,2885290.92247741,1299.0,-3.025027916396292e-08,1353.0,ASK
1408,1712308897.7113702,2885422.72247741,1299.0,-1.7263652817688834e-08,1353.0,ASK
1409,1712308903.1511486,2885430.42070681,1299.0,-1.0083426378777538e-09,1353.0,ASK
1410,1712308903.1535351,2885529.56639553,1299.0,-1.2986470018482294e-08,1353.0,ASK
1411,1712308903.161516,2885622.72247741,1299.0,-1.2201929100412685e-08,1353.0,ASK
1412,1712308904.721099,2885737.12247741,1299.0,-1.4984536284861805e-08,1353.0,ASK
1413,1712308906.1879983,2885959.92247741,1299.0,-2.9183170317081426e-08,1353.0,ASK
1414,1712308906.3812337,2886146.42247741,1299.0,-2.4428461688190573e-08,1353.0,ASK
1415,1712308909.485194,2886376.37163032,1299.0,-3.0119592879818314e-08,1353.0,ASK
1416,1712308909.4907043,2886437.95746557,1299.0,-8.066741109609388e-09,1353.0,ASK
1417,1712308909.4926798,2886901.57940077,1299.0,-6.072692054604106e-08,1353.0,ASK
1418,1712308909.6836336,2887020.37940077,1299.0,-1.55608646035596e-08,1353.0,ASK
1419,1712308910.58994,2887194.47940077,1299.0,-2.2804263699221868e-08,1353.0,ASK
1420,1712308911.6612985,2887289.11213017,1299.0,-1.2395345869206128e-08,1353.0,ASK
1421,1712308912.1259758,2887554.20072961,1299.0,-3.472228791093331e-08,1353.0,ASK
1422,1712308912.1279724,2887905.02444015,1299.0,-4.595219073582539e-08,1353.0,ASK
1423,1712308915.468783,2887920.06304015,1298.0,-1.9698116029284302e-09,1353.0,ASK
1424,1712308920.4520786,2887920.06304015,1298.0,-0.0,1353.0,ASK
1425,1712308923.491788,2888135.97132236,1298.0,-2.8192335287106912e-08,1353.0,ASK
1426,1712308923.4959946,2888176.86304015,1298.0,-5.339457137100618e-09,1353.0,ASK
1427,1712308924.3512504,2888213.01292482,1298.0,-4.720289832217892e-09,1353.0,ASK
1428,1712308924.3545623,2888324.60550751,1298.0,-1.4571259029691397e-08,1353.0,ASK
1429,1712308925.9814217,2888469.50550751,1298.0,-1.892039222069656e-08,1353.0,ASK
1430,1712308933.551403,2888508.02630874,1298.0,-5.029873484628853e-09,1353.0,ASK
1431,1712308933.5557811,2888669.33793136,1298.0,-2.1063348307255563e-08,1353.0,ASK
1432,1712308934.5713236,2889423.48573433,1298.0,9.847323826453097e-08,1353.0,BID
1433,1712308934.5913105,2889631.89123772,1298.0,2.7212656073694348e-08,1353.0,BID
1434,1712308934.5954587,2890177.63354727,1298.0,7.126058349271025e-08,1353.0,BID
1435,1712308950.3927834,2890177.63354727,1298.0,0.0,1353.0,BID
1436,1712308957.5015018,2890496.83354727,1297.0,-4.166376284238252e-08,1353.0,ASK
1437,1712308960.4511423,2890621.92064349,1297.0,-1.6327064885814607e-08,1353.0,ASK
1438,1712308963.2419,2891791.99003925,1297.0,-1.527239781144117e-07,1353.0,ASK
1439,1712308963.2440517,2894447.04533042,1297.0,-3.465526127344209e-07,1353.0,ASK
1440,1712308963.303507,2894485.59583158,1297.0,-5.0318262461802e-09,1353.0,ASK
1441,1712308963.307665,2894871.10084314,1297.0,-5.03182624567572e-08,1353.0,ASK
1442,1712308963.312174,2895955.34093636,1297.0,-1.4152105923609454e-07,1353.0,ASK
1443,1712308964.2312863,2896109.42414129,1298.0,2.0111798584620827e-08,1353.0,BID
1444,1712308964.3184676,2896137.18908888,1297.0,-3.624035688345781e-09,1353.0,ASK
1445,1712308964.3206258,2896234.02414129,1297.0,-1.2639450684365012e-08,1353.0,ASK
1446,1712308965.271354,2896249.44434175,1297.0,-2.012730497912897e-09,1353.0,ASK
1447,1712308965.2755556,2896375.88139878,1297.0,-1.6503269293822232e-08,1353.0,ASK
1448,1712308966.0517645,2896383.59744816,1296.0,-1.0071417652078004e-09,1353.0,ASK
1449,1712308966.0562198,2896527.08139878,1296.0,-1.87283248443834e-08,1353.0,ASK
1450,1712308970.51154,2896549.72414129,1297.0,2.9554569362051022e-09,1353.0,BID
1451,1712308970.51521,2896701.62414129,1297.0,1.9826834510524945e-08,1353.0,BID
1452,1712308972.101445,2896803.02414129,1297.0,1.3235293083448642e-08,1353.0,BID
1453,1712308972.6012082,2897131.12414129,1297.0,-4.2825440440420256e-08,1353.0,ASK
1454,1712308972.8215442,2897285.20734622,1298.0,2.0111798584620827e-08,1353.0,BID
1455,1712308975.7713654,2897399.20734621,1296.0,-1.4879915299526746e-08,1353.0,ASK
1456,1712308980.5571496,2897399.20734621,1296.0,-0.0,1353.0,ASK
1457,1712308993.3949437,2897541.7233956,1296.0,-1.857927474315293e-08,1353.0,ASK
1458,1712308993.401064,2897670.00734621,1296.0,-1.6723890212507285e-08,1353.0,ASK
1459,1712308996.575975,2897675.41835411,1298.0,7.054124980151596e-10,1353.0,BID
1460,1712308998.8147788,2897793.31835411,1296.0,-1.5370174107329236e-08,1353.0,ASK
1461,1712309003.371343,2897940.65292201,1296.0,-1.9207446655277653e-08,1353.0,ASK
1462,1712309003.3736591,2898008.91835411,1296.0,-8.899504468931274e-09,1353.0,ASK
1463,1712309006.7028158,2898125.61835411,1297.0,1.521373467624768e-08,1353.0,BID
1464,1712309010.563283,2898125.61835411,1297.0,0.0,1353.0,BID
1465,1712309011.4814155,2898470.16928002,1296.0,-4.491227951525448e-08,1353.0,ASK
1466,1712309011.486045,2900154.28361759,1296.0,-2.1952462807877825e-07,1353.0,ASK
1467,1712309011.5411534,2900458.88417506,1298.0,3.9704741298990055e-08,1353.0,BID
1468,1712309011.551148,2900613.40068011,1298.0,2.0141256176274866e-08,1353.0,BID
1469,1712309016.8411963,2900709.50867286,1298.0,-1.2527695354883914e-08,1353.0,ASK
1470,1712309026.4014444,2901017.50867286,1298.0,-4.0147859287167894e-08,1353.0,ASK
1471,1712309031.6214044,2901134.90867286,1298.0,-1.530311259840835e-08,1353.0,ASK
1472,1712309033.3314726,2901327.355913,1298.0,-2.5085534796610824e-08,1353.0,ASK
1473,1712309035.741336,2901480.155913,1298.0,-1.99175094125707e-08,1353.0,ASK
1474,1712309040.3767529,2901480.155913,1298.0,-0.0,1353.0,ASK
1475,1712309044.4914284,2901557.19751546,1298.0,-1.00366964961e-08,1353.0,ASK
1476,1712309044.4961903,2902709.24720984,1298.0,-1.500847952492659e-07,1353.0,ASK
