,time,acc_trade_volume,trade_price,dev,high,ask_bid
0,1712300395.459012,9445646.7049025,1283.0,0.0,1330.0,BID
1,1712300397.4751945,9445836.7049025,1285.0,8.751357264829807e-09,1330.0,BID
2,1712300397.4852529,9453697.34574165,1286.0,3.62059349020604e-07,1330.0,BID
3,1712300397.486735,9458892.09817811,1285.0,2.392691288094652e-07,1330.0,BID
4,1712300400.8853328,9458892.09817811,1285.0,0.0,1330.0,BID
5,1712300413.1252255,9460270.89609064,1285.0,6.352465687434136e-08,1330.0,BID
6,1712300430.745551,9460270.89609064,1285.0,0.0,1330.0,BID
7,1712300442.936514,9460418.39609064,1285.0,-6.7951380039278985e-09,1330.0,ASK
8,1712300444.4052906,9460565.89609064,1285.0,-6.7951380039278985e-09,1330.0,ASK
9,1712300444.5257487,9460713.39609064,1285.0,-6.7951380039278985e-09,1330.0,ASK
10,1712300446.835554,9461240.4380813,1286.0,2.4280156341698094e-08,1330.0,BID
11,1712300449.2454307,9461387.9380813,1285.0,-6.7951380039278985e-09,1330.0,ASK
12,1712300449.4053369,9461535.4380813,1285.0,-6.7951380039278985e-09,1330.0,ASK
13,1712300458.2954867,9461543.16050313,1286.0,3.5576218347748556e-10,1330.0,BID
14,1712300461.045367,9461543.16050313,1286.0,0.0,1330.0,BID
15,1712300469.10722,9462292.90420054,1286.0,3.4537139589954624e-08,1330.0,BID
16,1712300475.2256804,9463209.89248706,1286.0,-4.224130534642788e-08,1330.0,ASK
17,1712300491.0254133,9463209.89248706,1286.0,-0.0,1330.0,ASK
18,1712300520.7155428,9463209.89248706,1286.0,-0.0,1330.0,ASK
19,1712300523.4357336,9463287.55371472,1287.0,3.577131576526792e-09,1330.0,BID
20,1712300550.7155986,9463287.55371472,1287.0,0.0,1330.0,BID
21,1712300560.705782,9464606.57718666,1287.0,6.075488286567331e-08,1330.0,BID
22,1712300561.3558197,9465210.17826102,1287.0,2.7802168308875736e-08,1330.0,BID
23,1712300562.5958169,9465419.53248131,1286.0,-9.64296041869534e-09,1330.0,ASK
24,1712300562.6367764,9465668.14499382,1286.0,-1.1451217053908925e-08,1330.0,ASK
25,1712300563.7260437,9466849.04793985,1286.0,-5.4392982147835344e-08,1330.0,ASK
26,1712300563.8057263,9468114.56285873,1286.0,-5.8290252066741473e-08,1330.0,ASK
27,1712300564.705693,9469439.91718437,1286.0,-6.104648516319952e-08,1330.0,ASK
28,1712300564.7458124,9470871.32492142,1286.0,-6.593135849931202e-08,1330.0,ASK
29,1712300564.805546,9471747.85639991,1286.0,-4.037347965115413e-08,1330.0,ASK
30,1712300564.834225,9472129.13880859,1286.0,-1.7562059031408125e-08,1330.0,ASK
31,1712300564.945717,9472643.89070666,1286.0,-2.3709730673837138e-08,1330.0,ASK
32,1712300564.9467888,9473242.90573912,1286.0,-2.7590932918193013e-08,1330.0,ASK
33,1712300565.655807,9476469.28284395,1286.0,-1.4860854810725256e-07,1330.0,ASK
34,1712300565.657296,9476740.69172335,1286.0,-1.2501229149823256e-08,1330.0,ASK
35,1712300566.955739,9480932.43659926,1286.0,-1.9307387196382562e-07,1330.0,ASK
36,1712300574.7358108,9482058.98033288,1286.0,-5.188916955238783e-08,1330.0,ASK
37,1712300580.975963,9482058.98033288,1286.0,-0.0,1330.0,ASK
38,1712300588.906039,9482068.98033288,1286.0,-4.600933969692889e-10,1330.0,ASK
39,1712300588.9074914,9482602.09613566,1286.0,-2.4528306067896488e-08,1330.0,ASK
40,1712300611.0266027,9482602.09613566,1286.0,-0.0,1330.0,ASK
41,1712300619.5560658,9482702.09613566,1286.0,4.6007861230548875e-09,1330.0,BID
42,1712300640.7459698,9482702.09613566,1286.0,0.0,1330.0,BID
43,1712300670.726012,9482702.09613566,1286.0,0.0,1330.0,BID
44,1712300675.7564285,9482934.75940155,1284.0,-1.070427591754044e-08,1330.0,ASK
45,1712300676.1260853,9483245.80139221,1285.0,1.4310292074734138e-08,1330.0,BID
46,1712300687.866166,9483401.44341555,1285.0,7.1607142443021395e-09,1330.0,BID
47,1712300697.3661928,9483416.8091743,1285.0,7.06941513515531e-10,1330.0,BID
48,1712300701.027743,9483416.8091743,1285.0,0.0,1330.0,BID
49,1712300702.276235,9483564.3091743,1284.0,-6.790670055142216e-09,1330.0,ASK
50,1712300710.0563183,9483967.01141919,1284.0,-1.8539783562839784e-08,1330.0,ASK
51,1712300711.6761105,9484262.01141919,1284.0,-1.3581340110284433e-08,1330.0,ASK
52,1712300712.526235,9484409.51141919,1284.0,-6.790670055142216e-09,1330.0,ASK
53,1712300715.7963858,9484704.51141919,1284.0,-1.3581340110284433e-08,1330.0,ASK
54,1712300715.8563948,9484728.28738907,1284.0,-1.0946085877562971e-09,1330.0,ASK
55,1712300731.0162838,9484728.28738907,1284.0,-0.0,1330.0,ASK
56,1712300734.1274047,9484833.1820761,1283.0,-4.828813507475891e-09,1330.0,ASK
57,1712300735.9563143,9485333.1820761,1283.0,-2.3017436078881032e-08,1330.0,ASK
58,1712300741.2463264,9486459.72580972,1283.0,-5.1860296757285695e-08,1330.0,ASK
59,1712300741.4462302,9486558.72580972,1283.0,-4.557452343618444e-09,1330.0,ASK
60,1712300742.5462494,9487509.82804768,1283.0,-4.3783869933464895e-08,1330.0,ASK
61,1712300745.4812813,9487605.22804768,1283.0,-4.39172680386765e-09,1330.0,ASK
62,1712300753.450783,9487849.53081795,1283.0,-1.124644679716816e-08,1330.0,ASK
63,1712300753.4562278,9487926.4891188,1283.0,-3.5427655410817712e-09,1330.0,ASK
64,1712300753.4573402,9488731.7717813,1283.0,-3.7071084419035764e-08,1330.0,ASK
65,1712300755.5397758,9488884.9517813,1283.0,-7.051621717198021e-09,1330.0,ASK
66,1712300755.6179194,9488988.9893822,1283.0,-4.789357656991041e-09,1330.0,ASK
67,1712300756.6662228,9489142.1693822,1283.0,-7.051621717112273e-09,1330.0,ASK
68,1712300757.3525896,9489638.84800599,1283.0,-2.2864536949662253e-08,1330.0,ASK
69,1712300757.602244,9490765.39173961,1283.0,-5.1860296757371443e-08,1330.0,ASK
70,1712300757.6056063,9491264.54173961,1283.0,-2.2978306437478337e-08,1330.0,ASK
71,1712300758.4440498,9491268.63583961,1283.0,-1.8847137011659664e-10,1330.0,ASK
72,1712300758.444839,9491544.96620656,1283.0,-1.2720833115872924e-08,1330.0,ASK
73,1712300760.662284,9491647.38620656,1282.0,-4.714891606394561e-09,1330.0,ASK
74,1712300760.6862469,9491647.38620656,1282.0,-0.0,1330.0,ASK
75,1712300761.827082,9491794.88620656,1282.0,-6.787369942282315e-09,1330.0,ASK
76,1712300761.9880478,9491942.38620656,1282.0,-6.787369942282315e-09,1330.0,ASK
77,1712300763.386354,9492113.08620656,1282.0,-7.854942706051079e-09,1330.0,ASK
78,1712300764.556353,9492260.58620656,1282.0,-6.787369942282315e-09,1330.0,ASK
79,1712300765.5562875,9492363.03620656,1282.0,-4.714346105724805e-09,1330.0,ASK
80,1712300770.142715,9492510.53620656,1282.0,-6.787369942282315e-09,1330.0,ASK
81,1712300773.2563293,9492663.72620656,1282.0,-7.049201365794495e-09,1330.0,ASK
82,1712300774.4461744,9492741.79021906,1282.0,-3.5921988611066758e-09,1330.0,ASK
83,1712300777.4064524,9492803.8389966,1282.0,-2.8552407297500623e-09,1330.0,ASK
84,1712300777.408224,9492827.15021906,1282.0,-1.0726907840249567e-09,1330.0,ASK
85,1712300779.556347,9492974.65021906,1282.0,-6.787369942282315e-09,1330.0,ASK
86,1712300779.8263345,9493269.65021906,1282.0,-1.3574739884564632e-08,1330.0,ASK
87,1712300780.2264714,9493386.65021905,1282.0,-5.3838798859062785e-09,1330.0,ASK
88,1712300780.5271325,9493529.05021905,1282.0,-6.5526879985324085e-09,1330.0,ASK
89,1712300781.4094713,9493761.99021905,1282.0,-1.0718982741367475e-08,1330.0,ASK
90,1712300781.866386,9493875.99021904,1282.0,-5.2458316837760786e-09,1330.0,ASK
91,1712300782.396418,9494023.49021904,1282.0,-6.787369942282315e-09,1330.0,ASK
92,1712300782.7164378,9495349.54326116,1282.0,-6.101974616917309e-08,1330.0,ASK
93,1712300784.018174,9495463.54326116,1282.0,-5.245831684204637e-09,1330.0,ASK
94,1712300786.1263998,9495940.08326116,1282.0,-2.1928496761368057e-08,1330.0,ASK
95,1712300786.816847,9496093.27326116,1282.0,-7.049201365794495e-09,1330.0,ASK
96,1712300788.8106594,9496186.27326115,1282.0,-4.279494268264698e-09,1330.0,ASK
97,1712300790.6663752,9496186.27326115,1282.0,-0.0,1330.0,ASK
98,1712300792.3565154,9497275.693069,1282.0,-5.0117395839613695e-08,1330.0,ASK
99,1712300792.3589756,9497312.81699477,1282.0,-1.7078397781231479e-09,1330.0,ASK
100,1712300795.9266036,9498463.84695291,1282.0,-5.2951693754528646e-08,1330.0,ASK
101,1712300795.9285705,9498596.27378758,1281.0,-6.092130916993629e-09,1330.0,ASK
102,1712300795.9364305,9498611.8744116,1282.0,-7.17687197979872e-10,1330.0,ASK
103,1712300795.937948,9498691.15483384,1281.0,-3.647196677653683e-09,1330.0,ASK
104,1712300795.939444,9498710.64586348,1282.0,-8.96660443278424e-10,1330.0,ASK
105,1712300795.9409094,9498714.64586348,1281.0,-1.8401499762904798e-10,1330.0,ASK
106,1712300804.4665766,9498778.05657497,1281.0,-2.917130481104567e-09,1330.0,ASK
107,1712300804.7532878,9499904.60030859,1281.0,-5.182523561773684e-08,1330.0,ASK
108,1712300810.4865422,9500106.84266906,1281.0,-9.303906870632589e-09,1330.0,ASK
109,1712300810.488519,9503576.81452075,1281.0,-1.596317155153877e-07,1330.0,ASK
110,1712300810.7469738,9503681.81452075,1281.0,-4.830393687762509e-09,1330.0,ASK
111,1712300814.0782866,9503774.81452075,1281.0,-4.2783486948753645e-09,1330.0,ASK
112,1712300814.4966192,9504352.16287249,1281.0,-2.6560188894112668e-08,1330.0,ASK
113,1712300814.4981573,9504367.77567498,1281.0,-7.1824745332227e-10,1330.0,ASK
114,1712300814.506426,9504378.74425421,1281.0,-5.04595770203116e-10,1330.0,ASK
115,1712300814.6563935,9505166.91792438,1280.0,-3.625894401194077e-08,1330.0,ASK
116,1712300814.666383,9505256.76167438,1280.0,-4.133149360808694e-09,1330.0,ASK
117,1712300814.6681905,9505505.28798783,1280.0,-1.1433142245073068e-08,1330.0,ASK
118,1712300816.826713,9505570.76167438,1280.0,-3.012035068807196e-09,1330.0,ASK
119,1712300816.8288803,9505652.78798783,1280.0,-3.773517968763947e-09,1330.0,ASK
120,1712300817.4266138,9505656.78798783,1280.0,-1.8401499762904798e-10,1330.0,ASK
121,1712300817.4364305,9505781.46314408,1280.0,-5.735524645463654e-09,1330.0,ASK
122,1712300817.5117512,9506908.0068777,1280.0,-5.182523561773684e-08,1330.0,ASK
123,1712300818.5364685,9507055.5068777,1280.0,-6.785553037571143e-09,1330.0,ASK
124,1712300819.6809602,9507203.0068777,1280.0,-6.785553037571143e-09,1330.0,ASK
125,1712300820.086424,9507345.5568777,1280.0,-6.5578344780394715e-09,1330.0,ASK
126,1712300820.407205,9507493.0568777,1280.0,-6.785553037571143e-09,1330.0,ASK
127,1712300821.020041,9507493.0568777,1280.0,-0.0,1330.0,ASK
128,1712300821.5265863,9507788.0568777,1280.0,-1.3562069926186043e-08,1330.0,ASK
129,1712300822.3964226,9508083.0568777,1280.0,-1.3562069926186043e-08,1330.0,ASK
130,1712300822.6782627,9508302.94687769,1280.0,-1.0109029003137512e-08,1330.0,ASK
131,1712300823.539255,9508450.44687769,1280.0,-6.7810349630930226e-09,1330.0,ASK
132,1712300824.6564312,9508592.97687769,1280.0,-6.5525485646447555e-09,1330.0,ASK
133,1712300824.8037376,9508619.96416529,1280.0,-1.240689768030646e-09,1330.0,ASK
134,1712300824.8064806,9521473.93426541,1280.0,-5.909370892438243e-07,1330.0,ASK
135,1712300824.8076491,9523229.04213498,1280.0,-8.0687781881685e-08,1330.0,ASK
136,1712300825.8902726,9524294.40852784,1280.0,-4.8978215311791454e-08,1330.0,ASK
137,1712300825.891559,9524355.5858686,1280.0,-2.812513129818469e-09,1330.0,ASK
138,1712300826.1863618,9524535.5858686,1280.0,-8.275161310893181e-09,1330.0,ASK
139,1712300827.151641,9524765.70209996,1280.0,-1.0579160748639006e-08,1330.0,ASK
140,1712300828.0567875,9524886.84617136,1280.0,-5.56937073719295e-09,1330.0,ASK
141,1712300828.9386845,9524997.54617136,1280.0,-5.0892242061650545e-09,1330.0,ASK
142,1712300830.266713,9525083.14617136,1280.0,-3.9352989344965206e-09,1330.0,ASK
143,1712300830.4067323,9525225.72617136,1280.0,-6.554847220598701e-09,1330.0,ASK
144,1712300832.4366024,9525302.63997315,1280.0,-3.535967315865562e-09,1330.0,ASK
145,1712300834.636564,9525382.07603636,1280.0,3.651923538674009e-09,1330.0,BID
146,1712300841.7465706,9525517.6001463,1279.0,-6.230465951452133e-09,1330.0,ASK
147,1712300842.700944,9526644.14387992,1282.0,5.1790728441609934e-08,1330.0,BID
148,1712300842.7031748,9528069.14387992,1283.0,6.551169371123768e-08,1330.0,BID
149,1712300842.7053435,9528912.01244323,1280.0,3.8749296251474096e-08,1330.0,BID
150,1712300842.7068224,9529207.15287383,1283.0,1.3568525958846362e-08,1330.0,BID
151,1712300849.3468485,9530071.2362998,1279.0,-3.972460964423196e-08,1330.0,ASK
152,1712300851.0265582,9530071.2362998,1279.0,-0.0,1330.0,ASK
153,1712300858.966823,9530465.68277899,1282.0,1.810986810035902e-08,1330.0,BID
154,1712300858.9767802,9532835.32110739,1284.0,1.0879508333039004e-07,1330.0,BID
155,1712300861.0031233,9533058.80860894,1279.0,-1.026078159822216e-08,1330.0,ASK
156,1712300874.6767716,9533066.62330987,1279.0,-3.58789368247437e-10,1330.0,ASK
157,1712300874.679265,9536475.52252981,1279.0,-1.5650973832319505e-07,1330.0,ASK
158,1712300874.687164,9538058.80860894,1279.0,-7.269199643265863e-08,1330.0,ASK
159,1712300880.6565657,9538058.80860894,1279.0,-0.0,1330.0,ASK
160,1712300881.1865263,9539558.80860894,1279.0,-6.883582909668195e-08,1330.0,ASK
161,1712300884.4183002,9539944.30629769,1279.0,-1.7690702013298312e-08,1330.0,ASK
162,1712300887.266784,9540551.01708294,1283.0,2.7842293283106105e-08,1330.0,BID
163,1712300887.2692978,9540723.7295245,1283.0,7.925869406724422e-09,1330.0,BID
164,1712300910.7067888,9540723.7295245,1283.0,0.0,1330.0,BID
165,1712300918.1597188,9540845.17894954,1283.0,5.572508823195456e-09,1330.0,BID
166,1712300918.1615674,9541463.71533771,1283.0,2.838053353825856e-08,1330.0,BID
167,1712300918.2610495,9541559.71533771,1283.0,-4.404803455029907e-09,1330.0,ASK
168,1712300920.0067463,9541699.83371777,1284.0,6.4291033812846795e-09,1330.0,BID
169,1712300925.6289375,9541852.83371777,1283.0,-7.0201555064539155e-09,1330.0,ASK
170,1712300925.673967,9542000.33371777,1283.0,-6.7677969751761605e-09,1330.0,ASK
171,1712300926.4967723,9542162.33371777,1283.0,-7.433105830362969e-09,1330.0,ASK
172,1712300926.6767468,9542247.73371777,1283.0,-3.918439740135317e-09,1330.0,ASK
173,1712300926.6974297,9543388.58371777,1284.0,5.234604189247328e-08,1330.0,BID
174,1712300926.699766,9543611.78719515,1284.0,1.0241327586806472e-08,1330.0,BID
175,1712300927.3968031,9543914.60619515,1284.0,-1.3894356015096797e-08,1330.0,ASK
176,1712300927.416545,9544055.60619515,1284.0,-6.469555074575177e-09,1330.0,ASK
177,1712300927.5167708,9544203.10619515,1284.0,-6.7677969751761605e-09,1330.0,ASK
178,1712300928.3401554,9544525.37930262,1284.0,-1.4786976013033762e-08,1330.0,ASK
179,1712300928.396808,9544610.77930262,1284.0,-3.918439740135317e-09,1330.0,ASK
180,1712300929.2306557,9544751.77930262,1284.0,-6.469555074575177e-09,1330.0,ASK
181,1712300929.2865748,9544884.94230262,1284.0,-6.109967109218437e-09,1330.0,ASK
182,1712300929.686972,9545027.25230262,1284.0,-6.529662288412536e-09,1330.0,ASK
183,1712300930.226762,9545670.15230262,1284.0,-2.9498418137835042e-08,1330.0,ASK
184,1712300930.6667914,9545745.27230262,1284.0,-3.446758703608762e-09,1330.0,ASK
185,1712300930.9571629,9546002.36230261,1284.0,-1.1796155418874581e-08,1330.0,ASK
186,1712300931.681325,9546135.06230261,1284.0,-6.0887231091581965e-09,1330.0,ASK
187,1712300931.9968686,9546400.47026989,1284.0,-1.2177811784062876e-08,1330.0,ASK
188,1712300932.3171203,9546478.41259258,1284.0,-3.576256377897329e-09,1330.0,ASK
189,1712300932.6768076,9546563.72259258,1284.0,-3.914310236903064e-09,1330.0,ASK
190,1712300932.8167326,9546649.03259258,1284.0,-3.914310236988528e-09,1330.0,ASK
191,1712300932.996855,9546874.5167947,1284.0,-1.0345974922446189e-08,1330.0,ASK
192,1712300933.6667058,9547022.0167947,1284.0,-6.7677969751761605e-09,1330.0,ASK
193,1712300935.0469322,9547115.0167947,1284.0,-4.267153347060223e-09,1330.0,ASK
194,1712300937.2767162,9547226.01679469,1284.0,-5.093053994451008e-09,1330.0,ASK
195,1712300940.9911358,9547226.01679469,1284.0,-0.0,1330.0,ASK
196,1712300944.5469484,9547358.01679469,1284.0,-6.054285875288749e-09,1330.0,ASK
197,1712300945.546863,9547402.94079469,1284.0,-2.0604752928311607e-09,1330.0,ASK
198,1712300949.007141,9549058.13848423,1284.0,-7.591696964088438e-08,1330.0,ASK
199,1712300949.7067878,9549175.20827554,1283.0,-5.369499878396382e-09,1330.0,ASK
200,1712300963.546952,9549260.56827554,1283.0,-3.91510486599272e-09,1330.0,ASK
201,1712300964.6671643,9549345.92827554,1283.0,-3.915104866078152e-09,1330.0,ASK
202,1712300966.5471537,9549431.28827554,1283.0,-3.91510486599272e-09,1330.0,ASK
203,1712300968.526862,9549516.64827554,1283.0,-3.91510486599272e-09,1330.0,ASK
204,1712300969.7570505,9549906.35988894,1283.0,-1.7874435730629185e-08,1330.0,ASK
205,1712300969.7592058,9555630.31828589,1283.0,-2.625339429802976e-07,1330.0,ASK
206,1712300970.6567955,9555747.34828589,1281.0,-5.367674818037747e-09,1330.0,ASK
207,1712300971.0268242,9555747.34828589,1281.0,-0.0,1330.0,ASK
208,1712300971.5033996,9555894.84828589,1281.0,-6.761814635387311e-09,1330.0,ASK
209,1712300973.9490938,9556262.23828589,1281.0,-1.6842190365416777e-08,1330.0,ASK
210,1712300974.4769454,9556826.61395333,1281.0,-2.5872567104750805e-08,1330.0,ASK
211,1712300980.2568588,9556904.61707345,1282.0,-3.575882299914897e-09,1330.0,ASK
212,1712301000.8070583,9556904.61707345,1282.0,-0.0,1330.0,ASK
213,1712301007.547145,9556990.03707345,1282.0,-3.927832580243227e-09,1330.0,ASK
214,1712301008.6870096,9557075.45707345,1282.0,-3.927832580243227e-09,1330.0,ASK
215,1712301010.8170426,9557222.95707345,1282.0,-6.782431580266698e-09,1330.0,ASK
216,1712301010.8769448,9557641.54960075,1282.0,-1.9247967297789693e-08,1330.0,ASK
217,1712301011.1969576,9558520.35060745,1280.0,-4.040954373291752e-08,1330.0,ASK
218,1712301017.327029,9558631.31930406,1282.0,5.1026277445118286e-09,1330.0,BID
219,1712301021.7321196,9558982.29871964,1280.0,-1.61389415068313e-08,1330.0,ASK
220,1712301021.733756,9559613.74977281,1280.0,-2.9035752979007093e-08,1330.0,ASK
221,1712301021.7353623,9559631.31930406,1280.0,-8.07892499020582e-10,1330.0,ASK
222,1712301023.879667,9560855.69760713,1280.0,-5.630008182327288e-08,1330.0,ASK
223,1712301030.693477,9560855.69760713,1280.0,-0.0,1330.0,ASK
224,1712301032.247038,9560961.11809471,1280.0,-4.846379329201952e-09,1330.0,ASK
225,1712301032.2569168,9562093.88686657,1280.0,-5.207552428073902e-08,1330.0,ASK
226,1712301035.306953,9562720.2888171,1279.0,-2.8796883172224144e-08,1330.0,ASK
227,1712301035.5072908,9563089.14623897,1280.0,1.6957073769936383e-08,1330.0,BID
228,1712301042.317131,9566762.28114818,1279.0,-1.6886096342251744e-07,1330.0,ASK
229,1712301045.4297998,9566766.28114818,1279.0,-1.8388757025948912e-10,1330.0,ASK
230,1712301045.4326344,9567258.35125507,1279.0,-2.262139408833472e-08,1330.0,ASK
231,1712301045.4354846,9567547.1971638,1279.0,-1.327879308390902e-08,1330.0,ASK
232,1712301050.3669617,9567555.48216794,1279.0,-3.808773202608016e-10,1330.0,ASK
233,1712301054.627231,9567655.48216794,1279.0,-4.597189256487228e-09,1330.0,ASK
234,1712301055.2871263,9568655.48216794,1279.0,-4.597189256487229e-08,1330.0,ASK
235,1712301056.4771106,9569578.29214708,1279.0,-4.242332121876535e-08,1330.0,ASK
236,1712301057.6670694,9572112.18019388,1279.0,-1.164876290589538e-07,1330.0,ASK
237,1712301058.028501,9572894.04102265,1279.0,-3.5943622020911364e-08,1330.0,ASK
238,1712301058.0314493,9573676.5136361,1278.0,-3.5971746920399035e-08,1330.0,ASK
239,1712301058.0342965,9575257.10831527,1278.0,-7.266292877946809e-08,1330.0,ASK
240,1712301058.0364892,9578356.69382535,1279.0,-1.4249381206497826e-07,1330.0,ASK
241,1712301058.0387,9583921.954929,1278.0,-2.5584558555248585e-07,1330.0,ASK
242,1712301061.0170984,9583921.954929,1278.0,-0.0,1330.0,ASK
243,1712301061.1571617,9584953.99935612,1278.0,-4.73807890538285e-08,1330.0,ASK
244,1712301063.147029,9587487.88740292,1278.0,-1.1632989033846025e-07,1330.0,ASK
245,1712301065.537182,9587656.90148742,1278.0,-7.759375928347835e-09,1330.0,ASK
246,1712301068.54705,9587745.92505012,1278.0,-4.0870397962833434e-09,1330.0,ASK
247,1712301069.1074274,9589378.42945421,1278.0,-7.494769097812235e-08,1330.0,ASK
248,1712301072.4299693,9589970.18718839,1278.0,-2.7167385082861052e-08,1330.0,ASK
249,1712301077.0171435,9591270.5966965,1278.0,-5.970133355517114e-08,1330.0,ASK
250,1712301079.95713,9597494.91859881,1278.0,-2.8575638345257404e-07,1330.0,ASK
251,1712301084.014699,9597889.365078,1278.0,-1.8108896218419483e-08,1330.0,ASK
252,1712301084.0229957,9603010.69507761,1278.0,-2.351184212712684e-07,1330.0,ASK
253,1712301084.0256183,9603881.63980973,1277.0,-3.998475990539191e-08,1330.0,ASK
254,1712301084.027309,9605321.63980973,1278.0,-6.610988291254046e-08,1330.0,ASK
255,1712301084.032135,9607521.13285882,1277.0,-1.0097793607106573e-07,1330.0,ASK
256,1712301084.033832,9607623.28757176,1278.0,-4.689886188474616e-09,1330.0,ASK
257,1712301084.0355315,9607633.28757176,1277.0,-4.5909640911486415e-10,1330.0,ASK
258,1712301084.0371895,9607733.28757176,1276.0,-4.590964091148643e-09,1330.0,ASK
259,1712301084.0388846,9607780.26877966,1277.0,-2.1568903842653788e-09,1330.0,ASK
260,1712301084.0405953,9607784.26877966,1278.0,-1.8363856364594568e-10,1330.0,ASK
261,1712301084.0422986,9608940.81251328,1277.0,-5.309650750897066e-08,1330.0,ASK
262,1712301084.0440068,9609309.87837158,1278.0,-1.6943681027192613e-08,1330.0,ASK
263,1712301084.04574,9619957.9884858,1276.0,-4.888509117298312e-07,1330.0,ASK
264,1712301084.0474415,9619972.9884858,1277.0,-6.88644613672296e-10,1330.0,ASK
265,1712301084.0491486,9620129.7282977,1276.0,-7.195868480823467e-09,1330.0,ASK
266,1712301084.0508924,9620138.03526715,1277.0,-3.8136998454830545e-10,1330.0,ASK
267,1712301084.0527308,9620841.50394445,1276.0,-3.229599436727988e-08,1330.0,ASK
268,1712301084.0544455,9622357.24905016,1277.0,-6.958731351656918e-08,1330.0,ASK
269,1712301084.0561829,9624039.01599493,1276.0,-7.720931653118776e-08,1330.0,ASK
270,1712301084.0579057,9624365.76334952,1277.0,-1.5000853717977604e-08,1330.0,ASK
271,1712301084.0596228,9624600.87306738,1276.0,-1.0793802721791036e-08,1330.0,ASK
272,1712301084.0613575,9626038.74111749,1277.0,-6.601200585863068e-08,1330.0,ASK
273,1712301084.063109,9629507.50574264,1276.0,-1.5924973834705044e-07,1330.0,ASK
274,1712301087.597387,9631510.15728879,1275.0,-9.194101335460008e-08,1330.0,ASK
275,1712301087.6072798,9633544.83187701,1275.0,-9.341117971691561e-08,1330.0,ASK
276,1712301087.610336,9633701.6946221,1275.0,-7.201512299446976e-09,1330.0,ASK
277,1712301087.6127691,9645513.79931456,1275.0,-5.422894848397669e-07,1330.0,ASK
278,1712301089.6672468,9645734.31701973,1275.0,-1.0123888658999828e-08,1330.0,ASK
279,1712301091.0374544,9645734.31701973,1275.0,-0.0,1330.0,ASK
280,1712301094.5272553,9645749.96647199,1278.0,-7.158674726485542e-10,1330.0,ASK
281,1712301094.5972595,9646169.23131185,1275.0,1.9178822127367817e-08,1330.0,BID
282,1712301094.6004052,9646563.67779104,1275.0,1.8043532736220106e-08,1330.0,BID
283,1712301094.6070952,9647678.3294614,1275.0,5.098854968841383e-08,1330.0,BID
284,1712301094.717314,9647683.7125732,1279.0,2.4624469764179867e-10,1330.0,BID
285,1712301095.017069,9649612.0755626,1275.0,-8.821090455157576e-08,1330.0,ASK
286,1712301095.0189586,9650523.85953441,1275.0,-4.170858357642202e-08,1330.0,ASK
287,1712301098.387199,9651934.88503119,1275.0,-6.454585371137384e-08,1330.0,ASK
288,1712301098.5071075,9656987.46853166,1275.0,2.3112503369382881e-07,1330.0,BID
289,1712301098.9496572,9656992.17441401,1275.0,2.1526556000461928e-10,1330.0,BID
290,1712301100.4974062,9658708.36141927,1275.0,7.850514086079856e-08,1330.0,BID
291,1712301104.8778646,9659395.73368644,1274.0,-3.14431099248598e-08,1330.0,ASK
292,1712301120.0773268,9660337.64891406,1274.0,-4.308690567906389e-08,1330.0,ASK
293,1712301120.6573622,9660337.64891406,1274.0,-0.0,1330.0,ASK
294,1712301123.857542,9660691.79610041,1274.0,-1.6186299643009034e-08,1330.0,ASK
295,1712301123.8608737,9661231.04256822,1274.0,-2.4646263604028173e-08,1330.0,ASK
296,1712301123.8640814,9661235.05041751,1274.0,-1.8317878003267888e-10,1330.0,ASK
297,1712301123.869464,9668412.53019116,1274.0,-3.280467635371609e-07,1330.0,ASK
298,1712301123.8732443,9668420.37948472,1274.0,-3.5875201735784924e-10,1330.0,ASK
299,1712301133.3571937,9668451.60508971,1273.0,-1.4271664956294707e-09,1330.0,ASK
300,1712301133.427155,9671264.61136914,1274.0,1.2856847178656348e-07,1330.0,BID
301,1712301136.7273278,9675544.31545077,1274.0,1.956039051520259e-07,1330.0,BID
302,1712301136.807564,9675544.31545078,1274.0,4.2566104823217043e-19,1330.0,BID
303,1712301136.8117294,9675782.14431619,1274.0,1.0869969966357712e-08,1330.0,BID
304,1712301136.9473526,9675789.93247818,1274.0,-3.5595799849871916e-10,1330.0,ASK
305,1712301140.2772906,9675901.33576385,1274.0,-5.091687955059226e-09,1330.0,ASK
306,1712301140.457271,9676801.33576385,1274.0,-4.113450633011064e-08,1330.0,ASK
307,1712301140.617307,9676832.68372623,1276.0,1.4327588411226712e-09,1330.0,BID
308,1712301150.7072265,9676832.68372623,1276.0,0.0,1330.0,BID
309,1712301164.7372713,9677860.0340397,1276.0,4.6909997316455946e-08,1330.0,BID
310,1712301166.927212,9678544.80088704,1275.0,-3.12672420984091e-08,1330.0,ASK
311,1712301168.1909444,9678605.11555729,1276.0,2.7540372378007077e-09,1330.0,BID
312,1712301174.7069125,9682524.61128454,1275.0,-1.789686844267439e-07,1330.0,ASK
313,1712301174.7170382,9682695.24501003,1275.0,-7.79133222612102e-09,1330.0,ASK
314,1712301174.720404,9687407.35001318,1274.0,-2.151601358898485e-07,1330.0,ASK
315,1712301176.8569095,9690499.56214432,1274.0,-1.411939636089807e-07,1330.0,ASK
316,1712301176.8610826,9690926.75950738,1274.0,-1.9506323103224388e-08,1330.0,ASK
317,1712301180.9867387,9690926.75950738,1274.0,-0.0,1330.0,ASK
318,1712301186.7829309,9692809.11244855,1274.0,-8.58799620711074e-08,1330.0,ASK
319,1712301192.527531,9693901.25844398,1274.0,-4.9827773852665893e-08,1330.0,ASK
320,1712301196.956519,9694999.55333742,1274.0,-5.010830951440092e-08,1330.0,ASK
321,1712301197.886311,9695150.32721497,1274.0,-6.878866657838377e-09,1330.0,ASK
322,1712301201.0961294,9695683.84093981,1274.0,-2.43408860536476e-08,1330.0,ASK
323,1712301201.0978687,9696745.36000638,1274.0,-4.84304591242794e-08,1330.0,ASK
324,1712301205.7960868,9696750.20364497,1275.0,2.2098485850526117e-10,1330.0,BID
325,1712301210.4584715,9699948.25181205,1274.0,-1.45906885623489e-07,1330.0,ASK
326,1712301210.461619,9700317.4869657,1274.0,-1.684588490136207e-08,1330.0,ASK
327,1712301210.463107,9700587.66798971,1273.0,-1.2326666050199169e-08,1330.0,ASK
328,1712301211.0259757,9700587.66798971,1273.0,-0.0,1330.0,ASK
329,1712301222.0672636,9700592.37018406,1276.0,2.1441124752208726e-10,1330.0,BID
330,1712301240.7049072,9700592.37018406,1276.0,0.0,1330.0,BID
331,1712301247.4050362,9700620.70956425,1273.0,-1.2922222575290114e-09,1330.0,ASK
332,1712301252.6864245,9700775.80956425,1273.0,-7.0722673114273765e-09,1330.0,ASK
333,1712301254.6151702,9701984.94456397,1273.0,-5.5134274233692655e-08,1330.0,ASK
334,1712301256.7948012,9702003.59711298,1275.0,8.505210356989774e-10,1330.0,BID
335,1712301258.254883,9702113.82338346,1273.0,-5.0261099263617325e-09,1330.0,ASK
336,1712301258.7147603,9702723.58572917,1273.0,-2.7804012284461066e-08,1330.0,ASK
337,1712301259.6645234,9703203.58572916,1273.0,-2.1887094193515512e-08,1330.0,ASK
338,1712301262.7422423,9703370.08572916,1273.0,-7.592085798552459e-09,1330.0,ASK
339,1712301263.6352952,9703486.78572916,1273.0,-5.3212997759733155e-09,1330.0,ASK
340,1712301270.6671662,9703486.78572916,1273.0,-0.0,1330.0,ASK
341,1712301298.233842,9704628.79283681,1274.0,-5.2064621545756243e-08,1330.0,ASK
342,1712301300.0436554,9704729.68191206,1274.0,-4.599578659255171e-09,1330.0,ASK
343,1712301300.7935865,9704729.68191206,1274.0,-0.0,1330.0,ASK
344,1712301307.163564,9704845.51549481,1274.0,-5.3163406697805475e-09,1330.0,ASK
345,1712301309.3174274,9704964.91549481,1274.0,-5.480026266182491e-09,1330.0,ASK
346,1712301310.203372,9705150.6154948,1274.0,-8.522955423549362e-09,1330.0,ASK
347,1712301311.5234103,9705402.31549479,1274.0,-1.1552115671178472e-08,1330.0,ASK
348,1712301312.4481373,9705552.14235987,1274.0,-6.876508844300573e-09,1330.0,ASK
349,1712301313.1593337,9705852.14235987,1276.0,1.3768910216495962e-08,1330.0,BID
350,1712301313.1610954,9706051.80155266,1276.0,9.163631664800696e-09,1330.0,BID
351,1712301325.943293,9706059.63854326,1276.0,3.59689399731658e-10,1330.0,BID
352,1712301327.975361,9706083.14951504,1276.0,1.0790681985110647e-09,1330.0,BID
353,1712301330.7437935,9706083.14951504,1276.0,0.0,1330.0,BID
354,1712301342.2426589,9706087.85170939,1276.0,2.1579655077133367e-10,1330.0,BID
355,1712301346.0458615,9706166.22161534,1276.0,3.596609185021561e-09,1330.0,BID
356,1712301353.1749349,9706289.44885572,1274.0,-5.65523486623976e-09,1330.0,ASK
357,1712301353.1827023,9706901.40999386,1274.0,-2.80845692439926e-08,1330.0,ASK
358,1712301353.185801,9707251.00601241,1274.0,-1.6043916808508712e-08,1330.0,ASK
359,1712301353.1887465,9715211.44197571,1273.0,-3.65326163852581e-07,1330.0,ASK
360,1712301353.1920867,9716240.14757577,1273.0,-4.721011164911848e-08,1330.0,ASK
361,1712301353.1950223,9716850.87062589,1273.0,-2.8027750000844536e-08,1330.0,ASK
362,1712301353.197922,9717477.76025668,1273.0,-2.8769678574251733e-08,1330.0,ASK
363,1712301353.1996129,9717483.43792963,1272.0,-2.6056392994011503e-10,1330.0,ASK
364,1712301353.20138,9718119.84481561,1273.0,-2.9206451427557183e-08,1330.0,ASK
365,1712301353.2032616,9718125.34796026,1272.0,-2.5255434919666076e-10,1330.0,ASK
366,1712301353.2050326,9718203.9025557,1273.0,-3.6050850905174605e-09,1330.0,ASK
367,1712301353.2067523,9718675.23012835,1273.0,-2.1630510543361216e-08,1330.0,ASK
368,1712301353.2085304,9728483.66217788,1272.0,-4.501357552002058e-07,1330.0,ASK
369,1712301353.2103562,9729896.68622359,1273.0,-6.484753554089678e-08,1330.0,ASK
370,1712301353.212165,9732333.79314182,1272.0,-1.1184549758828901e-07,1330.0,ASK
371,1712301353.9429429,9732487.83135698,1276.0,7.069234711600011e-09,1330.0,BID
372,1712301353.9473157,9732803.90793022,1276.0,1.450561784777224e-08,1330.0,BID
373,1712301354.9624095,9732809.00752715,1272.0,-2.34034441387894e-10,1330.0,ASK
374,1712301357.792704,9732826.05442212,1272.0,-7.82328602790885e-10,1330.0,ASK
375,1712301360.6721485,9732826.05442212,1272.0,-0.0,1330.0,ASK
376,1712301362.2122524,9732831.45442212,1275.0,2.4743428633846736e-10,1330.0,BID
377,1712301389.5821764,9732878.02365894,1271.0,-2.133856643931172e-09,1330.0,ASK
378,1712301389.5858586,9734229.31723176,1272.0,-6.19178445928012e-08,1330.0,ASK
379,1712301389.5888417,9734400.21903851,1273.0,-7.830919737877216e-09,1330.0,ASK
380,1712301389.591778,9734415.95467973,1271.0,-7.210253990303721e-10,1330.0,ASK
381,1712301389.594716,9734420.95467973,1271.0,-2.2910582066796077e-10,1330.0,ASK
382,1712301389.597443,9736519.89100047,1272.0,-9.617570565861905e-08,1330.0,ASK
383,1712301389.5991995,9739212.63311328,1271.0,-1.2338457832049325e-07,1330.0,ASK
384,1712301389.6023962,9739470.47705982,1272.0,-1.1814709795295872e-08,1330.0,ASK
385,1712301389.6041434,9739678.34488043,1271.0,-9.52474552623362e-09,1330.0,ASK
386,1712301389.6060493,9739796.15154313,1272.0,-5.398038427571125e-09,1330.0,ASK
387,1712301389.6078205,9739931.45442212,1271.0,-6.1997354259836035e-09,1330.0,ASK
388,1712301390.651589,9739931.45442212,1271.0,-0.0,1330.0,ASK
389,1712301420.9914455,9739931.45442212,1271.0,-0.0,1330.0,ASK
390,1712301450.9905794,9739931.45442212,1271.0,-0.0,1330.0,ASK
391,1712301457.620483,9739941.36475401,1272.0,-4.539150227789329e-10,1330.0,ASK
392,1712301457.6244652,9740090.69464636,1273.0,-6.839637889047384e-09,1330.0,ASK
393,1712301461.160368,9740095.40052871,1275.0,2.1553977382388663e-10,1330.0,BID
394,1712301467.7805882,9740125.40052871,1273.0,-1.374066058991074e-09,1330.0,ASK
395,1712301480.6901698,9740125.40052871,1273.0,-0.0,1330.0,ASK
396,1712301482.492769,9740910.94648314,1274.0,-3.5979327595880455e-08,1330.0,ASK
397,1712301491.3836782,9741017.40128895,1274.0,4.875809379186327e-09,1330.0,BID
398,1712301491.3877032,9741021.14246415,1274.0,1.7135212436220326e-10,1330.0,BID
399,1712301496.60982,9741262.73430305,1274.0,-1.1065313069527846e-08,1330.0,ASK
400,1712301499.639876,9741360.92658518,1274.0,-4.497371880347387e-09,1330.0,ASK
401,1712301500.079824,9741368.77587874,1274.0,3.5951086348431003e-10,1330.0,BID
402,1712301510.7097569,9741368.77587874,1274.0,0.0,1330.0,BID
403,1712301517.6494193,9741805.24983478,1274.0,1.998979190996869e-08,1330.0,BID
404,1712301520.1194887,9741813.09912834,1274.0,3.5948478191988525e-10,1330.0,BID
405,1712301521.569295,9742047.6636594,1274.0,1.0742671127270317e-08,1330.0,BID
406,1712301540.3589334,9742055.53148001,1274.0,-3.6033329051414415e-10,1330.0,ASK
407,1712301541.0289128,9742055.53148001,1274.0,-0.0,1330.0,ASK
408,1712301556.6688056,9742236.47231515,1274.0,-8.286461690290852e-09,1330.0,ASK
409,1712301556.673155,9742646.82565558,1274.0,-1.879275749086433e-08,1330.0,ASK
410,1712301558.378883,9743178.30908906,1274.0,-2.434009496634134e-08,1330.0,ASK
411,1712301568.618727,9745962.15982276,1273.0,-1.2749069295824581e-07,1330.0,ASK
412,1712301568.6224966,9746426.42844019,1273.0,-2.126188988457484e-08,1330.0,ASK
413,1712301568.6256478,9746431.00000019,1273.0,-2.0936156710379e-10,1330.0,ASK
414,1712301571.0292013,9746431.00000019,1273.0,-0.0,1330.0,ASK
415,1712301573.5784652,9746470.246468,1273.0,1.796893436278526e-09,1330.0,BID
416,1712301578.2986982,9746474.95974372,1273.0,2.1579659715102272e-10,1330.0,BID
417,1712301580.888417,9747260.12334681,1271.0,-3.5948593682940814e-08,1330.0,ASK
418,1712301583.0362678,9747506.76793995,1272.0,1.1292584409156026e-08,1330.0,BID
419,1712301583.04099,9747729.09125285,1272.0,1.0179038368909687e-08,1330.0,BID
420,1712301583.8273962,9749295.24533237,1271.0,-7.170612140955383e-08,1330.0,ASK
421,1712301583.8293142,9751686.90097925,1271.0,-1.09501582524848e-07,1330.0,ASK
422,1712301587.7883508,9751695.65940043,1271.0,-4.0100295406664036e-10,1330.0,ASK
423,1712301587.7981627,9752594.56154585,1271.0,-4.115609518743104e-08,1330.0,ASK
424,1712301594.5482068,9753525.92643426,1271.0,-4.2642396835798054e-08,1330.0,ASK
425,1712301594.55241,9757322.05136082,1271.0,-1.738049904727647e-07,1330.0,ASK
426,1712301597.638488,9759504.02862607,1271.0,-9.990149037119625e-08,1330.0,ASK
427,1712301597.6426518,9760343.79847635,1271.0,-3.84487322337761e-08,1330.0,ASK
428,1712301598.098262,9761051.60527264,1271.0,-3.240682429206293e-08,1330.0,ASK
429,1712301598.1024244,9764501.09579435,1271.0,-1.5793438805637925e-07,1330.0,ASK
430,1712301600.7108462,9764501.09579435,1271.0,-0.0,1330.0,ASK
431,1712301609.4082265,9764900.06161982,1272.0,1.827111174743657e-08,1330.0,BID
432,1712301610.29275,9765300.06161982,1272.0,1.831847299292348e-08,1330.0,BID
433,1712301615.9780369,9765305.67482736,1272.0,2.5706347679200554e-10,1330.0,BID
434,1712301618.247846,9766155.89842679,1272.0,3.893699511026956e-08,1330.0,BID
435,1712301625.1478083,9766255.89842679,1273.0,4.579618248230869e-09,1330.0,BID
436,1712301625.2747064,9767138.95185376,1273.0,4.0440475883136846e-08,1330.0,BID
437,1712301625.2777789,9767376.20300147,1273.0,1.0865196854654574e-08,1330.0,BID
438,1712301625.3679214,9767662.99883475,1273.0,1.3134154316070862e-08,1330.0,BID
439,1712301625.4882865,9768154.05282696,1273.0,2.2488398235913337e-08,1330.0,BID
440,1712301625.5676885,9769036.85482033,1273.0,4.042896118412096e-08,1330.0,BID
441,1712301626.7577493,9769044.85482033,1272.0,-3.6636945985846947e-10,1330.0,ASK
442,1712301630.7378557,9769044.85482033,1272.0,-0.0,1330.0,ASK
443,1712301634.167657,9769050.85482033,1272.0,-2.747043481365102e-10,1330.0,ASK
444,1712301636.8577187,9769050.85482034,1273.0,5.1167672152912345e-19,1330.0,BID
445,1712301636.9779046,9769466.07455203,1274.0,1.901044428781765e-08,1330.0,BID
446,1712301637.039686,9770697.05604801,1274.0,5.635932823688994e-08,1330.0,BID
447,1712301637.0976498,9773705.85482033,1274.0,1.377550175706899e-07,1330.0,BID
448,1712301637.4676194,9775246.49962652,1275.0,7.05369711990294e-08,1330.0,BID
449,1712301637.4721963,9775246.49962653,1274.0,5.1167672152912345e-19,1330.0,BID
450,1712301637.4763238,9775404.84517403,1275.0,7.249701734344787e-09,1330.0,BID
451,1712301637.587567,9776373.50470913,1275.0,4.434916435934138e-08,1330.0,BID
452,1712301639.0075402,9776382.50470913,1273.0,-4.1205652220476527e-10,1330.0,ASK
453,1712301643.687435,9776486.79594192,1273.0,-4.7748758532729195e-09,1330.0,ASK
454,1712301644.9599457,9776857.64804518,1273.0,-1.6979114213573815e-08,1330.0,ASK
455,1712301654.287363,9776862.14804518,1273.0,-2.0602826110238264e-10,1330.0,ASK
456,1712301660.9941092,9776862.14804518,1273.0,-0.0,1330.0,ASK
457,1712301670.15721,9777731.57549228,1273.0,-3.978777054672716e-08,1330.0,ASK
458,1712301679.7571175,9778197.57437684,1273.0,-2.1325593936315257e-08,1330.0,ASK
459,1712301691.0568511,9778197.57437684,1273.0,-0.0,1330.0,ASK
460,1712301691.9268746,9778218.80732432,1275.0,9.71611750028964e-10,1330.0,BID
461,1712301691.9312787,9786398.94457923,1275.0,3.743200269878713e-07,1330.0,BID
462,1712301691.9349532,9789068.18479204,1275.0,1.221434356613143e-07,1330.0,BID
463,1712301701.726768,9789438.08533196,1275.0,1.6926510616000306e-08,1330.0,BID
464,1712301715.33665,9789588.13016596,1274.0,-6.865995589368061e-09,1330.0,ASK
465,1712301715.8766675,9789909.41167818,1274.0,-1.4701722058819788e-08,1330.0,ASK
466,1712301715.8811617,9789909.4116782,1274.0,-9.375734133574053e-19,1330.0,ASK
467,1712301720.7164392,9789909.4116782,1274.0,-0.0,1330.0,ASK
468,1712301724.3066092,9791135.52499159,1273.0,-5.60681767611002e-08,1330.0,ASK
469,1712301724.4865756,9791884.5894082,1273.0,-3.4253503046799094e-08,1330.0,ASK
470,1712301724.508088,9792230.56991371,1273.0,-1.5821128379364574e-08,1330.0,ASK
471,1712301724.8965535,9793371.67115617,1273.0,-5.2180712390836166e-08,1330.0,ASK
472,1712301725.0165105,9794801.41369336,1273.0,-6.537981149259228e-08,1330.0,ASK
473,1712301725.0364587,9795185.34201048,1273.0,-1.75564203673618e-08,1330.0,ASK
474,1712301725.0406604,9795565.55732258,1273.0,-1.7386630659129782e-08,1330.0,ASK
475,1712301725.396319,9795970.8879649,1273.0,-1.8535114048690303e-08,1330.0,ASK
476,1712301725.5163715,9796016.23961325,1274.0,2.073857455332893e-09,1330.0,BID
477,1712301740.69627,9796016.23961326,1273.0,-4.2587873539006893e-19,1330.0,ASK
478,1712301741.5591974,9796341.6810737,1273.0,1.4881911100767736e-08,1330.0,BID
479,1712301741.5627286,9796801.16896961,1274.0,2.101163757559005e-08,1330.0,BID
480,1712301744.9262643,9799851.19403401,1272.0,-1.3947270824727517e-07,1330.0,ASK
481,1712301745.0462918,9800351.69224528,1272.0,-2.2886972901816414e-08,1330.0,ASK
482,1712301745.0561547,9800390.44731478,1272.0,-1.7722065843146379e-09,1330.0,ASK
483,1712301745.0596552,9800424.97657961,1272.0,-1.578967378283851e-09,1330.0,ASK
484,1712301746.1045156,9801957.32589502,1272.0,-7.007185334171615e-08,1330.0,ASK
485,1712301746.106677,9802330.23922048,1272.0,-1.7052722631796553e-08,1330.0,ASK
486,1712301746.1160653,9802330.23922049,1272.0,-5.110544824680826e-19,1330.0,ASK
487,1712301750.7162716,9802330.23922049,1272.0,-0.0,1330.0,ASK
488,1712301755.9004056,9802411.03710217,1271.0,-3.69208762481315e-09,1330.0,ASK
489,1712301767.5860207,9802822.67205889,1271.0,-1.8809804144005992e-08,1330.0,ASK
490,1712301767.589701,9805257.89155204,1271.0,-1.1127821135234688e-07,1330.0,ASK
491,1712301770.556038,9806690.19111126,1271.0,-6.544943218420597e-08,1330.0,ASK
492,1712301781.0457642,9806690.19111126,1271.0,-0.0,1330.0,ASK
493,1712301790.2162733,9806694.12969393,1270.0,-1.7992935869369434e-10,1330.0,ASK
494,1712301790.2217686,9811013.48011532,1270.0,-1.9732427028259706e-07,1330.0,ASK
495,1712301790.2258542,9816747.24585299,1270.0,-2.619401136230407e-07,1330.0,ASK
496,1712301790.238792,9816806.57519948,1270.0,-2.7103890307991717e-09,1330.0,ASK
497,1712301790.3359008,9817323.40940773,1270.0,-2.361094216735746e-08,1330.0,ASK
498,1712301809.5960314,9817410.8983841,1270.0,-3.996827470767589e-09,1330.0,ASK
499,1712301809.6006663,9818647.07102127,1270.0,-5.6473043345795823e-08,1330.0,ASK
500,1712301809.6052506,9818729.12999178,1270.0,-3.748764257620149e-09,1330.0,ASK
501,1712301809.6097453,9838838.08506363,1270.0,-9.186531535036716e-07,1330.0,ASK
502,1712301809.612286,9849658.80197073,1269.0,-4.943312904304769e-07,1330.0,ASK
503,1712301809.6142938,9850315.21850616,1270.0,-2.998759100757607e-08,1330.0,ASK
504,1712301809.616345,9850323.09872681,1269.0,-3.5999829558796376e-10,1330.0,ASK
505,1712301809.6184075,9850547.71132523,1270.0,-1.0261153357653932e-08,1330.0,ASK
506,1712301809.6204612,9850777.74867659,1269.0,-1.0508976597536248e-08,1330.0,ASK
507,1712301809.62272,9850784.37864236,1268.0,-3.0288192199283207e-10,1330.0,ASK
508,1712301809.6247897,9850789.37864236,1268.0,-2.2841891839263108e-10,1330.0,ASK
509,1712301809.626864,9851173.94519006,1268.0,-1.7568454975176298e-08,1330.0,ASK
510,1712301809.635468,9852254.73684353,1268.0,-4.937465209864384e-08,1330.0,ASK
511,1712301809.6376264,9852607.14515268,1268.0,-1.6099344961746048e-08,1330.0,ASK
512,1712301809.6397097,9853969.7346922,1268.0,-6.224824576598946e-08,1330.0,ASK
513,1712301809.9160163,9854285.70484954,1270.0,1.4434712316798173e-08,1330.0,BID
514,1712301809.9206223,9855584.93093321,1269.0,5.935356335587048e-08,1330.0,BID
515,1712301811.0155723,9855584.93093321,1269.0,0.0,1330.0,BID
516,1712301815.1956751,9855600.6913745,1269.0,7.179604986652758e-10,1330.0,BID
517,1712301819.7955277,9855790.08617086,1269.0,8.627802986954681e-09,1330.0,BID
518,1712301822.6452472,9857431.97466843,1269.0,-7.47955633196907e-08,1330.0,ASK
519,1712301826.8978212,9857678.5674436,1268.0,-1.1233433669021573e-08,1330.0,ASK
520,1712301826.9053202,9859846.92731769,1268.0,-9.877875294355777e-08,1330.0,ASK
521,1712301829.3653133,9860101.95773817,1269.0,1.1617807172476353e-08,1330.0,BID
522,1712301830.0453415,9860123.51944534,1269.0,-9.82234808400345e-10,1330.0,ASK
523,1712301830.0552278,9860133.30570055,1268.0,-4.4580887944157606e-10,1330.0,ASK
524,1712301835.0652356,9861282.78227017,1268.0,-5.236393803525448e-08,1330.0,ASK
525,1712301835.0755022,9861664.95691527,1268.0,-1.7409810659516887e-08,1330.0,ASK
526,1712301835.2052543,9861738.18708088,1268.0,3.335970437033669e-09,1330.0,BID
527,1712301838.6052349,9862495.51042495,1268.0,3.449955719805495e-08,1330.0,BID
528,1712301840.715153,9862495.51042495,1268.0,0.0,1330.0,BID
529,1712301856.2752807,9862503.38444069,1270.0,3.585544259548168e-10,1330.0,BID
530,1712301864.4249957,9862513.38444069,1270.0,4.5536412136635184e-10,1330.0,BID
531,1712301870.7952423,9862513.38444069,1270.0,0.0,1330.0,BID
532,1712301874.9249096,9862544.85572314,1271.0,1.4330878067843464e-09,1330.0,BID
533,1712301891.994852,9862765.69101753,1271.0,1.0056036584973372e-08,1330.0,BID
534,1712301901.0544994,9862765.69101753,1271.0,0.0,1330.0,BID
535,1712301903.284623,9862775.69101753,1269.0,-4.558152432983785e-10,1330.0,ASK
536,1712301903.2884483,9863480.21401051,1268.0,-3.2113231945436e-08,1330.0,ASK
537,1712301907.644946,9863580.21401051,1270.0,4.558152432983788e-09,1330.0,BID
538,1712301914.364745,9863586.03684515,1270.0,2.654136787606724e-10,1330.0,BID
539,1712301931.007825,9863586.03684515,1270.0,0.0,1330.0,BID
540,1712301950.6343,9863601.79728644,1269.0,-7.183508710927247e-10,1330.0,ASK
541,1712301950.6393902,9864322.4721578,1269.0,-3.284790140604474e-08,1330.0,ASK
542,1712301960.7539804,9864322.4721578,1269.0,-0.0,1330.0,ASK
543,1712301966.8142543,9866784.22560588,1269.0,-1.122003742382877e-07,1330.0,ASK
544,1712301970.863893,9871011.65047465,1269.0,-1.9267512459873506e-07,1330.0,ASK
545,1712301970.8677895,9877334.12687962,1269.0,-2.881621712781267e-07,1330.0,ASK
546,1712301970.9439857,9878482.55197471,1269.0,-5.2342254482996326e-08,1330.0,ASK
547,1712301970.9638767,9878740.07287466,1269.0,-1.17371385713128e-08,1330.0,ASK
548,1712301970.9681072,9878745.90313962,1269.0,-2.6572844281893635e-10,1330.0,ASK
549,1712301970.9739027,9879533.92520423,1269.0,-3.5916013695996547e-08,1330.0,ASK
550,1712301978.5958114,9879535.97515991,1269.0,-9.343169379805496e-11,1330.0,ASK
551,1712301987.1439114,9879619.94876117,1269.0,3.827300209525687e-09,1330.0,BID
552,1712301990.7239113,9879619.94876117,1269.0,0.0,1330.0,BID
553,1712301999.1937013,9881941.92459567,1268.0,-1.0573611873039041e-07,1330.0,ASK
554,1712302003.413793,9882109.0616733,1269.0,7.610943069222521e-09,1330.0,BID
555,1712302004.874019,9882549.03769728,1268.0,-2.0035246025735087e-08,1330.0,ASK
556,1712302004.879281,9882785.63075721,1268.0,-1.0773769263206715e-08,1330.0,ASK
557,1712302004.8833718,9883270.04959055,1268.0,-2.2059044076253403e-08,1330.0,ASK
558,1712302006.143766,9883276.2357734,1268.0,-2.8170102138989324e-10,1330.0,ASK
559,1712302006.1470308,9883659.3248265,1268.0,-1.7444776556692033e-08,1330.0,ASK
560,1712302012.2839165,9883759.3248265,1268.0,4.553713142030048e-09,1330.0,BID
561,1712302019.4736695,9884281.57922724,1267.0,-2.3781967281387257e-08,1330.0,ASK
562,1712302021.0541525,9884281.57922724,1267.0,-0.0,1330.0,ASK
563,1712302025.191594,9884285.52634641,1267.0,-1.7969211993842368e-10,1330.0,ASK
564,1712302025.1962245,9884833.57922724,1267.0,-2.4950040720815305e-08,1330.0,ASK
565,1712302026.0258756,9884840.14710411,1267.0,-2.9900179541550123e-10,1330.0,ASK
566,1712302026.0298624,9885960.12296086,1267.0,-5.0986764616313775e-08,1330.0,ASK
567,1712302026.729797,9886101.704345,1267.0,-6.445475287477191e-09,1330.0,ASK
568,1712302026.7322297,9887115.84296086,1267.0,-4.6168537101531413e-08,1330.0,ASK
569,1712302026.823464,9887230.81996086,1267.0,-5.2343139362866275e-09,1330.0,ASK
570,1712302027.5334897,9887361.81996086,1267.0,-5.9637590618455405e-09,1330.0,ASK
571,1712302029.6735485,9887756.14172742,1268.0,1.7951450447323543e-08,1330.0,BID
572,1712302034.8536165,9887816.8582146,1268.0,2.7641106917999027e-09,1330.0,BID
573,1712302035.9868605,9888064.17461948,1268.0,1.125904924229582e-08,1330.0,BID
574,1712302040.5912943,9888429.7133764,1267.0,-1.6641107435401157e-08,1330.0,ASK
575,1712302046.8636482,9888460.35584655,1267.0,-1.394994725507381e-09,1330.0,ASK
576,1712302046.8690183,9889798.60975341,1267.0,-6.092384629069515e-08,1330.0,ASK
577,1712302046.8743172,9889806.50864756,1266.0,-3.5959619514876764e-10,1330.0,ASK
578,1712302046.8785706,9890061.20296034,1266.0,-1.1594927601899088e-08,1330.0,ASK
579,1712302046.881064,9890147.78792358,1267.0,-3.941769917103047e-09,1330.0,ASK
580,1712302046.8834567,9894404.99665184,1266.0,-1.9380890939942826e-07,1330.0,ASK
581,1712302046.886092,9894466.25850954,1265.0,-2.788938618416845e-09,1330.0,ASK
582,1712302046.8885238,9898288.70831188,1265.0,-1.740165621919799e-07,1330.0,ASK
583,1712302046.890931,9898294.24628656,1264.0,-2.521156235204764e-10,1330.0,ASK
584,1712302046.8933303,9900127.6042707,1265.0,-8.346339917194557e-08,1330.0,ASK
585,1712302046.895728,9901913.88318683,1264.0,-8.13201303286487e-08,1330.0,ASK
586,1712302046.89813,9901996.88792991,1265.0,-3.7787808299466165e-09,1330.0,ASK
587,1712302046.9005609,9902047.65842041,1264.0,-2.3113204029696673e-09,1330.0,ASK
588,1712302046.9029624,9902259.45619552,1263.0,-9.642067943453108e-09,1330.0,ASK
589,1712302046.905394,9902289.45619552,1265.0,-1.3657463500409635e-09,1330.0,ASK
590,1712302046.9078066,9903472.4214952,1264.0,-5.385435134205543e-08,1330.0,ASK
591,1712302046.91035,9903493.57656983,1265.0,-9.630821986891564e-10,1330.0,ASK
592,1712302046.9127784,9903524.48796224,1264.0,-1.407237378676789e-09,1330.0,ASK
593,1712302046.9152,9903872.9053673,1264.0,-1.5861659975027984e-08,1330.0,ASK
594,1712302046.9176433,9904436.00694832,1265.0,-2.5635130966024813e-08,1330.0,ASK
595,1712302046.9233544,9904593.86014484,1265.0,7.186247566332609e-09,1330.0,BID
596,1712302046.983327,9904831.26386532,1265.0,1.0807775491032189e-08,1330.0,BID
597,1712302051.0032632,9904831.26386532,1265.0,0.0,1330.0,BID
598,1712302059.5932882,9905219.46609021,1263.0,-1.7651958981720435e-08,1330.0,ASK
599,1712302059.598351,9905242.97790123,1263.0,-1.0691065045447662e-09,1330.0,ASK
600,1712302059.6024556,9911206.47562616,1263.0,-2.7116644490622136e-07,1330.0,ASK
601,1712302067.5259871,9911409.76179107,1263.0,-9.243633380997084e-09,1330.0,ASK
602,1712302073.583355,9911428.06179107,1263.0,-8.321200359876371e-10,1330.0,ASK
603,1712302075.5932398,9911491.42526463,1263.0,-2.881203054798852e-09,1330.0,ASK
604,1712302075.5986028,9914838.48858074,1263.0,-1.5219445066794145e-07,1330.0,ASK
605,1712302077.2531788,9915611.04023594,1263.0,-3.5128727386209025e-08,1330.0,ASK
606,1712302078.7853224,9915848.19438614,1265.0,1.0783645902206657e-08,1330.0,BID
607,1712302080.6835947,9915848.19438614,1265.0,0.0,1330.0,BID
608,1712302086.9131458,9916015.33146377,1265.0,-7.595091190016486e-09,1330.0,ASK
609,1712302090.193686,9916412.74382478,1265.0,-1.8059326899369344e-08,1330.0,ASK
610,1712302090.1991684,9916474.40674714,1265.0,-2.80210426680502e-09,1330.0,ASK
611,1712302097.9473002,9916497.77123312,1263.0,-1.061735697044306e-09,1330.0,ASK
612,1712302100.292975,9916537.29692481,1264.0,-1.7961378588474679e-09,1330.0,ASK
613,1712302100.297334,9916831.98109013,1263.0,-1.3391122661696125e-08,1330.0,ASK
614,1712302100.8773458,9917424.19556587,1263.0,-2.69115806682952e-08,1330.0,ASK
615,1712302109.7347672,9917816.5759664,1263.0,-1.7830663102767812e-08,1330.0,ASK
616,1712302110.6940515,9917816.5759664,1263.0,-0.0,1330.0,ASK
617,1712302130.7327478,9917824.49362277,1264.0,-3.5975575619211235e-10,1330.0,ASK
618,1712302130.7370248,9918530.74199407,1264.0,-3.208991461096787e-08,1330.0,ASK
619,1712302137.0827675,9918615.23749134,1264.0,-3.839234754485572e-09,1330.0,ASK
620,1712302141.0131974,9918615.23749134,1264.0,-0.0,1330.0,ASK
621,1712302141.5226188,9919485.79960719,1264.0,3.95540488895388e-08,1330.0,BID
622,1712302141.5269938,9919651.30410992,1264.0,7.519708327817123e-09,1330.0,BID
623,1712302141.7626812,9922465.15484362,1263.0,-1.278474992906678e-07,1330.0,ASK
624,1712302150.363151,9924838.70281061,1263.0,-1.0784231316607925e-07,1330.0,ASK
625,1712302150.369376,9926052.0073456,1264.0,5.5126573993003936e-08,1330.0,BID
626,1712302150.373571,9929545.890177,1264.0,1.5874480385883162e-07,1330.0,BID
627,1712302150.3761525,9929576.890177,1264.0,1.408487106492787e-09,1330.0,BID
628,1712302150.378681,9931747.95349633,1264.0,9.86424094404701e-08,1330.0,BID
629,1712302150.3812137,9931963.21111848,1264.0,9.780244689469782e-09,1330.0,BID
630,1712302151.0439086,9931971.21111848,1264.0,-3.6348054361104197e-10,1330.0,ASK
631,1712302154.5328553,9932128.69387441,1264.0,-7.1552397168152705e-09,1330.0,ASK
632,1712302155.602532,9933287.20387441,1264.0,-5.2636980572343376e-08,1330.0,ASK
633,1712302156.462501,9933442.59792341,1264.0,-7.0603391755548845e-09,1330.0,ASK
634,1712302156.484594,9933540.37992341,1264.0,-4.442731814490921e-09,1330.0,ASK
635,1712302159.312573,9934354.18171816,1265.0,3.697513984336481e-08,1330.0,BID
636,1712302160.4831877,9934749.75133842,1264.0,-1.7972732576058798e-08,1330.0,ASK
637,1712302161.1428428,9934759.93967355,1265.0,4.629076989425833e-10,1330.0,BID
638,1712302161.1471138,9936304.00752166,1265.0,7.015482760036065e-08,1330.0,BID
639,1712302165.6628728,9937168.01177341,1265.0,-3.925609188855114e-08,1330.0,ASK
640,1712302165.6691074,9943230.4914908,1264.0,-2.75449177913507e-07,1330.0,ASK
641,1712302165.674599,9943309.73079349,1262.0,-3.600243102104224e-09,1330.0,ASK
642,1712302165.677977,9944103.24537598,1263.0,-3.60533889758692e-08,1330.0,ASK
643,1712302165.680531,9948142.98442901,1262.0,-1.8354581838024285e-07,1330.0,ASK
644,1712302165.683067,9948537.4309082,1265.0,-1.7921702585186748e-08,1330.0,ASK
645,1712302165.6856115,9949549.40079727,1262.0,-4.597892067468429e-08,1330.0,ASK
646,1712302171.002922,9949549.40079727,1262.0,-0.0,1330.0,ASK
647,1712302184.2330017,9949628.577361,1263.0,-3.591015928463661e-09,1330.0,ASK
648,1712302184.2387776,9951549.40079727,1263.0,-8.711804643217043e-08,1330.0,ASK
649,1712302187.6226544,9955966.85877149,1263.0,-2.0035173542948733e-07,1330.0,ASK
650,1712302187.6286037,9956809.7240329,1262.0,-3.822775877940015e-08,1330.0,ASK
651,1712302187.6335826,9957204.17051209,1263.0,-1.7889935139395526e-08,1330.0,ASK
652,1712302195.192603,9958014.76213223,1263.0,3.676400291013325e-08,1330.0,BID
653,1712302201.1222162,9958014.76213223,1263.0,0.0,1330.0,BID
654,1712302205.982419,9958396.29133642,1263.0,-1.7303320820084242e-08,1330.0,ASK
655,1712302206.4022584,9958892.63356864,1263.0,-2.2510383966159923e-08,1330.0,ASK
656,1712302206.4823155,9959522.83507004,1263.0,2.8581242642000173e-08,1330.0,BID
657,1712302212.872141,9959528.88250087,1265.0,2.742663854836097e-10,1330.0,BID
658,1712302231.0433593,9959528.88250087,1265.0,0.0,1330.0,BID
659,1712302235.13314,9959540.74020837,1265.0,5.37730588759882e-10,1330.0,BID
660,1712302251.1904142,9959783.59356893,1263.0,-1.101306306898624e-08,1330.0,ASK
661,1712302251.1936724,9959854.73084536,1263.0,-3.225976820210076e-09,1330.0,ASK
662,1712302251.1962843,9960121.2017271,1263.0,-1.2084084897496857e-08,1330.0,ASK
663,1712302256.7620263,9960129.32520394,1263.0,-3.683884076311236e-10,1330.0,ASK
664,1712302257.781881,9960160.94575729,1265.0,1.433948237396922e-09,1330.0,BID
665,1712302258.7418191,9960346.57758626,1263.0,-8.418145976396012e-09,1330.0,ASK
666,1712302258.7521064,9961294.76361598,1263.0,-4.299892133417127e-08,1330.0,ASK
667,1712302258.757563,9961615.20938003,1263.0,-1.4531770948263332e-08,1330.0,ASK
668,1712302258.7642713,9961650.41549238,1263.0,-1.5965483649231302e-09,1330.0,ASK
669,1712302260.571668,9961824.553948,1262.0,-7.896937436067081e-09,1330.0,ASK
670,1712302260.7425892,9961824.553948,1262.0,-0.0,1330.0,ASK
671,1712302281.98277,9961864.14222986,1263.0,1.795037660370685e-09,1330.0,BID
672,1712302290.7049892,9961864.14222986,1263.0,0.0,1330.0,BID
673,1712302298.4519284,9965141.57825465,1262.0,-1.4860730195075937e-07,1330.0,ASK
674,1712302298.4589715,9965181.19790599,1262.0,-1.796455962931864e-09,1330.0,ASK
675,1712302298.4617066,9972373.03598409,1261.0,-3.260962669506547e-07,1330.0,ASK
676,1712302298.4643333,9972661.21283036,1262.0,-1.3066672632168909e-08,1330.0,ASK
677,1712302298.4716094,9972928.86749447,1261.0,-1.2136144592035386e-08,1330.0,ASK
678,1712302305.2417336,9974123.08575776,1262.0,-5.4148899537835774e-08,1330.0,ASK
679,1712302305.2452593,9977685.78026165,1262.0,-1.6154164837803877e-07,1330.0,ASK
680,1712302305.2488124,9977693.70419191,1262.0,-3.5929119219787016e-10,1330.0,ASK
681,1712302305.2521412,9978556.81400051,1261.0,-3.91355983680829e-08,1330.0,ASK
682,1712302305.2554631,9980271.72700933,1261.0,-7.775852629723371e-08,1330.0,ASK
683,1712302308.9516094,9980327.56269242,1261.0,-2.531732169267381e-09,1330.0,ASK
684,1712302321.0514135,9980327.56269242,1261.0,-0.0,1330.0,ASK
685,1712302328.1515558,9980521.93729316,1261.0,-8.804142046831478e-09,1330.0,ASK
686,1712302328.161298,9981454.10642604,1261.0,-4.2222334740689535e-08,1330.0,ASK
687,1712302328.7614262,9982176.26709933,1261.0,-3.2710061520767644e-08,1330.0,ASK
688,1712302330.3014133,9983302.81083295,1261.0,-5.1026476787521024e-08,1330.0,ASK
689,1712302332.951841,9983552.91831508,1261.0,-1.1328546997791345e-08,1330.0,ASK
690,1712302334.6215534,9985971.17875007,1261.0,-1.0953441599263885e-07,1330.0,ASK
691,1712302337.371621,9986129.53187754,1261.0,-7.1725596991543e-09,1330.0,ASK
692,1712302337.377953,9986149.19880854,1261.0,-8.90808024744184e-10,1330.0,ASK
693,1712302337.3840292,9986520.1381294,1260.0,-1.6801590635683565e-08,1330.0,ASK
694,1712302337.3888338,9987801.90698176,1261.0,-5.8057354224344586e-08,1330.0,ASK
695,1712302337.3916626,9995751.65226303,1260.0,-3.600814428732623e-07,1330.0,ASK
696,1712302337.3945727,9995807.25194532,1260.0,-2.5183717356940193e-09,1330.0,ASK
697,1712302337.4115512,9998585.02972309,1260.0,-1.2581865139211937e-07,1330.0,ASK
698,1712302337.4173994,9998935.04200151,1260.0,-1.5853706223025962e-08,1330.0,ASK
699,1712302337.422597,10000018.37533484,1260.0,-4.90692740429468e-08,1330.0,ASK
700,1712302337.4273882,10007758.12065331,1260.0,-3.505695545129842e-07,1330.0,ASK
701,1712302338.634585,10007779.84365331,1261.0,-9.839370830802662e-10,1330.0,ASK
702,1712302340.9221463,10007908.79765331,1261.0,-5.840934613798065e-09,1330.0,ASK
703,1712302341.5317328,10009230.94015157,1261.0,-5.988606698875385e-08,1330.0,ASK
704,1712302341.7113357,10009358.57397177,1261.0,5.781137446686071e-09,1330.0,BID
705,1712302344.901638,10012997.2815342,1260.0,-1.648142201940221e-07,1330.0,ASK
706,1712302344.9081712,10017609.05828483,1260.0,-2.0888911126356125e-07,1330.0,ASK
707,1712302348.2514918,10021734.30044136,1260.0,-1.868516657287916e-07,1330.0,ASK
708,1712302349.1014965,10021910.24104821,1261.0,7.969179556425081e-09,1330.0,BID
709,1712302349.4213169,10021956.00411895,1261.0,2.072825223862819e-09,1330.0,BID
710,1712302349.5105114,10024550.55199198,1260.0,-1.1751930516893977e-07,1330.0,ASK
711,1712302350.4013226,10024581.73607092,1260.0,-1.412473952540098e-09,1330.0,ASK
712,1712302350.9815488,10024581.73607092,1260.0,-0.0,1330.0,ASK
713,1712302351.4414136,10027433.79140716,1260.0,-1.2885753172326388e-07,1330.0,ASK
714,1712302351.481189,10030842.58100543,1260.0,-1.540111119919247e-07,1330.0,ASK
715,1712302351.491348,10030904.79509273,1260.0,-2.810868928812913e-09,1330.0,ASK
716,1712302351.496205,10031155.52435001,1260.0,-1.1328094800045092e-08,1330.0,ASK
717,1712302351.583615,10031502.31395867,1259.0,-1.5668157777753953e-08,1330.0,ASK
718,1712302351.5911748,10031549.9708292,1259.0,-2.153165342985145e-09,1330.0,ASK
719,1712302352.4713397,10031944.41730839,1259.0,-1.78213231207391e-08,1330.0,ASK
720,1712302355.0613415,10035800.36628805,1259.0,-1.7421403492984957e-07,1330.0,ASK
721,1712302355.067453,10035904.49256671,1259.0,-4.7044862998680695e-09,1330.0,ASK
722,1712302355.1412966,10036298.9390459,1259.0,-1.78213231207391e-08,1330.0,ASK
723,1712302355.1812415,10036328.23610705,1259.0,-1.3236583941550414e-09,1330.0,ASK
724,1712302355.1859715,10036819.24598996,1259.0,-2.2184114298052665e-08,1330.0,ASK
725,1712302362.551696,10036858.95189217,1258.0,-1.793935934043321e-09,1330.0,ASK
726,1712302362.5612772,10037204.91561267,1258.0,-1.5630843666676176e-08,1330.0,ASK
727,1712302362.5664692,10037457.35424542,1258.0,-1.1405325385709604e-08,1330.0,ASK
728,1712302380.391643,10052340.07272657,1260.0,6.724099439602513e-07,1330.0,BID
729,1712302380.3977554,10052706.74383633,1259.0,1.6566415650337717e-08,1330.0,BID
730,1712302380.491073,10054849.83583375,1260.0,9.682615254144217e-08,1330.0,BID
731,1712302380.5909598,10055619.36257477,1260.0,3.4767669190246665e-08,1330.0,BID
732,1712302380.611021,10056008.3625358,1260.0,1.7575246238051224e-08,1330.0,BID
733,1712302380.6747577,10057892.93475968,1260.0,8.514607765058753e-08,1330.0,BID
734,1712302380.7319486,10057892.93475968,1260.0,0.0,1330.0,BID
735,1712302386.0116413,10057896.91821122,1263.0,1.7963409008732587e-10,1330.0,BID
736,1712302393.1713102,10060627.24283513,1263.0,1.2312422394932546e-07,1330.0,BID
737,1712302395.4814482,10060764.41463607,1263.0,6.185774171497617e-09,1330.0,BID
738,1712302399.5411184,10061804.69412933,1263.0,4.691149329872994e-08,1330.0,BID
739,1712302410.6818726,10061804.69412933,1263.0,0.0,1330.0,BID
740,1712302411.4110198,10062222.84508495,1260.0,-1.8852353136471985e-08,1330.0,ASK
741,1712302429.1310194,10062254.3163674,1260.0,-1.4188840715018824e-09,1330.0,ASK
742,1712302434.5710154,10062312.54310082,1260.0,-2.625154685554323e-09,1330.0,ASK
743,1712302434.577397,10062399.4624166,1260.0,-3.918760948478629e-09,1330.0,ASK
744,1712302438.9132414,10062431.15813767,1262.0,1.4290028959204162e-09,1330.0,BID
745,1712302439.8509543,10062687.80752811,1262.0,1.1571048387671264e-08,1330.0,BID
746,1712302439.8575628,10067507.66551065,1262.0,2.173034965794069e-07,1330.0,BID
747,1712302440.1429763,10067888.44535072,1262.0,-1.7167474845452496e-08,1330.0,ASK
748,1712302440.1762457,10069150.11244815,1262.0,-5.688231329305008e-08,1330.0,ASK
749,1712302440.1791043,10069936.20900538,1260.0,-3.5441195809886005e-08,1330.0,ASK
750,1712302440.1821494,10071330.65548457,1260.0,-6.286867721383415e-08,1330.0,ASK
751,1712302440.3707771,10072409.04292697,1260.0,4.8619142462258655e-08,1330.0,BID
752,1712302440.4132044,10072596.83529066,1260.0,8.466626487380556e-09,1330.0,BID
753,1712302440.4161353,10072641.38558685,1260.0,2.0085519471835566e-09,1330.0,BID
754,1712302441.0709348,10072641.38558685,1260.0,0.0,1330.0,BID
755,1712302443.1606882,10073035.83206604,1260.0,-1.7772684124948998e-08,1330.0,ASK
756,1712302443.1724117,10074302.01187212,1260.0,-5.7050613774134617e-08,1330.0,ASK
757,1712302463.51137,10074412.98056873,1260.0,-4.999947259361491e-09,1330.0,ASK
758,1712302471.020574,10074412.98056873,1260.0,-0.0,1330.0,ASK
759,1712302485.152263,10074417.04891698,1260.0,-1.8329025771038647e-10,1330.0,ASK
760,1712302489.4506483,10074566.64491698,1260.0,-6.739710491501393e-09,1330.0,ASK
761,1712302490.0105937,10075095.66266577,1260.0,-2.383370191538534e-08,1330.0,ASK
762,1712302490.015695,10075336.17164804,1260.0,-1.0835589929697491e-08,1330.0,ASK
763,1712302490.050618,10075344.10815598,1260.0,-3.5756147110511075e-10,1330.0,ASK
764,1712302490.0570076,10075363.46923539,1260.0,-8.72269780110219e-10,1330.0,ASK
765,1712302490.1707137,10075760.29463221,1260.0,1.7878073546444228e-08,1330.0,BID
766,1712302500.73269,10075760.29463221,1260.0,0.0,1330.0,BID
767,1712302503.6606398,10075790.29463221,1259.0,-1.3525593351791975e-09,1330.0,ASK
768,1712302503.6673615,10077384.68939034,1259.0,-7.188378380237814e-08,1330.0,ASK
769,1712302503.673982,10078001.63764633,1259.0,-2.781530409871316e-08,1330.0,ASK
770,1712302504.6442363,10078016.62964633,1259.0,-6.75918985041097e-10,1330.0,ASK
771,1712302504.8405511,10078999.33497764,1259.0,-4.430557565315196e-08,1330.0,ASK
772,1712302507.6008725,10079414.86234189,1258.0,-1.8734180517970443e-08,1330.0,ASK
773,1712302507.6077614,10080372.94671359,1258.0,-4.3195532027693545e-08,1330.0,ASK
774,1712302507.70052,10081677.70478731,1258.0,-5.88254237587292e-08,1330.0,ASK
775,1712302512.2105095,10081816.93749796,1258.0,-6.2773500850739854e-09,1330.0,ASK
776,1712302512.2170615,10082167.59781288,1258.0,-1.5809629414038282e-08,1330.0,ASK
777,1712302512.223879,10082644.54534864,1258.0,-2.1503328062795e-08,1330.0,ASK
778,1712302514.5604186,10082650.82913242,1258.0,2.8330634699743447e-10,1330.0,BID
779,1712302520.9525323,10082678.62984841,1257.0,-1.2534039312477723e-09,1330.0,ASK
780,1712302520.9577436,10083435.75848878,1257.0,-3.4135380348819235e-08,1330.0,ASK
781,1712302522.9005857,10083440.52796413,1258.0,2.1503328029203822e-10,1330.0,BID
782,1712302526.3103683,10083448.47708972,1258.0,3.5838880076665686e-10,1330.0,BID
783,1712302527.5062091,10083480.86292901,1257.0,-1.4601256420180972e-09,1330.0,ASK
784,1712302527.5123472,10084822.62128124,1257.0,-6.049359282874982e-08,1330.0,ASK
785,1712302527.5173938,10087362.24936396,1257.0,-1.1449992237223153e-07,1330.0,ASK
786,1712302527.5246727,10088157.16192358,1257.0,3.583888010547012e-08,1330.0,BID
787,1712302527.5803754,10089407.98603932,1257.0,5.6393794480386175e-08,1330.0,BID
788,1712302527.6603072,10090177.51277038,1257.0,3.4694352125541366e-08,1330.0,BID
789,1712302527.760353,10090514.50667994,1257.0,1.5193475275719592e-08,1330.0,BID
790,1712302527.780372,10091878.72264773,1257.0,6.150610141454834e-08,1330.0,BID
791,1712302528.2055025,10092880.12123715,1258.0,4.514836701180736e-08,1330.0,BID
792,1712302530.7237258,10092880.12123715,1258.0,0.0,1330.0,BID
793,1712302541.1902795,10092880.12123716,1258.0,5.033789762631159e-19,1330.0,BID
794,1712302559.2205088,10093039.23022681,1257.0,-7.166521613684648e-09,1330.0,ASK
795,1712302559.229108,10093489.039144,1256.0,-2.0260108081872245e-08,1330.0,ASK
796,1712302559.233103,10093594.18803362,1258.0,-4.736073001156487e-09,1330.0,ASK
797,1712302559.238017,10093598.24531285,1257.0,-1.8274630092327687e-10,1330.0,ASK
798,1712302559.2411003,10093747.90586073,1256.0,-6.740948788985001e-09,1330.0,ASK
799,1712302559.2441664,10093777.90586073,1257.0,-1.351247650340026e-09,1330.0,ASK
800,1712302559.2472084,10095810.51798985,1256.0,-9.155207878420829e-08,1330.0,ASK
801,1712302560.9711628,10095810.51798985,1256.0,-0.0,1330.0,ASK
802,1712302590.9721093,10095810.51798985,1256.0,-0.0,1330.0,ASK
803,1712302592.9101703,10096204.96446904,1257.0,-1.776355079152507e-08,1330.0,ASK
804,1712302593.009941,10096206.62656114,1257.0,7.485085812880157e-11,1330.0,BID
805,1712302609.1031046,10096218.16502267,1258.0,-5.196244819887126e-10,1330.0,ASK
806,1712302609.1400971,10096307.63726405,1258.0,-4.0293038170080974e-09,1330.0,ASK
807,1712302609.146798,10100047.82034114,1257.0,-1.6843586028677696e-07,1330.0,ASK
808,1712302609.1515648,10100207.05600992,1257.0,-7.171038504408848e-09,1330.0,ASK
809,1712302609.1545274,10100441.9632182,1257.0,-1.0578839831763109e-08,1330.0,ASK
810,1712302620.7099118,10100441.9632182,1257.0,-0.0,1330.0,ASK
811,1712302643.2199025,10100446.72512296,1260.0,2.1439198958115128e-10,1330.0,BID
812,1712302643.9404428,10100453.909031,1257.0,-3.2343619094422973e-10,1330.0,ASK
813,1712302650.690555,10100453.909031,1257.0,-0.0,1330.0,ASK
814,1712302680.9607852,10100453.909031,1257.0,-0.0,1330.0,ASK
815,1712302690.2698154,10100503.86788313,1258.0,-2.249261796438073e-09,1330.0,ASK
816,1712302691.219571,10101269.31808737,1260.0,3.44623190492272e-08,1330.0,BID
817,1712302694.5129128,10101500.10561707,1260.0,-1.03905824795828e-08,1330.0,ASK
818,1712302697.549539,10101505.10561707,1262.0,2.2511143676237488e-10,1330.0,BID
819,1712302704.2295263,10101539.91453426,1262.0,1.567177072112426e-09,1330.0,BID
820,1712302704.2328546,10102035.37171636,1262.0,2.2306615623355645e-08,1330.0,BID
821,1712302707.099737,10103035.37171636,1262.0,-4.5022287352474986e-08,1330.0,ASK
822,1712302711.0394175,10103035.37171636,1262.0,-0.0,1330.0,ASK
823,1712302728.0695438,10103068.79260221,1262.0,-1.504464209202836e-09,1330.0,ASK
824,1712302740.6694314,10103068.79260221,1262.0,-0.0,1330.0,ASK
825,1712302758.089461,10104070.19119163,1262.0,-4.507856204911303e-08,1330.0,ASK
826,1712302758.1646311,10105196.73492525,1262.0,-5.0712046265562967e-08,1330.0,ASK
827,1712302758.1704986,10106313.13777894,1262.0,-5.025554843348665e-08,1330.0,ASK
828,1712302758.1893904,10107111.50496354,1262.0,-3.5938980790622964e-08,1330.0,ASK
829,1712302761.43917,10107116.2593217,1262.0,2.1402030284375096e-10,1330.0,BID
830,1712302768.139284,10107274.73792708,1262.0,7.134010094959395e-09,1330.0,BID
831,1712302770.7092285,10107274.73792708,1262.0,0.0,1330.0,BID
832,1712302778.0293145,10107863.66697878,1262.0,2.6504663816461202e-08,1330.0,BID
833,1712302778.0390997,10109255.72049443,1262.0,6.264916009877597e-08,1330.0,BID
834,1712302779.959505,10109259.88040443,1261.0,-1.872161268182099e-10,1330.0,ASK
835,1712302779.966477,10109827.20206881,1261.0,-2.5532226584433122e-08,1330.0,ASK
836,1712302790.9321358,10109989.89471138,1261.0,-7.321958025864511e-09,1330.0,ASK
837,1712302790.9378216,10112456.50603669,1261.0,-1.110094734745341e-07,1330.0,ASK
838,1712302799.6494062,10112853.01674247,1261.0,1.7844904960927212e-08,1330.0,BID
839,1712302800.735042,10112853.01674247,1261.0,0.0,1330.0,BID
840,1712302801.639288,10112892.66781304,1261.0,1.786419824416797e-09,1330.0,BID
841,1712302802.1793294,10114534.26915405,1261.0,7.395989911920133e-08,1330.0,BID
842,1712302802.1864932,10115172.77843216,1262.0,2.8767082857489283e-08,1330.0,BID
843,1712302803.4594529,10115179.23923976,1263.0,2.9108204673266235e-10,1330.0,BID
844,1712302806.8593633,10115218.82752162,1263.0,1.783590972769763e-09,1330.0,BID
845,1712302830.729051,10115218.82752162,1263.0,0.0,1330.0,BID
846,1712302852.620551,10118630.86439711,1261.0,-1.53703566621158e-07,1330.0,ASK
847,1712302852.6278105,10119039.09889353,1261.0,-1.838992379253574e-08,1330.0,ASK
848,1712302860.968961,10119039.09889353,1261.0,-0.0,1330.0,ASK
849,1712302865.7790449,10119054.9719094,1260.0,-7.148837801332249e-10,1330.0,ASK
850,1712302865.7861068,10124456.85799182,1260.0,-2.432884068296076e-07,1330.0,ASK
851,1712302875.1088445,10124613.50233877,1261.0,7.054897683328436e-09,1330.0,BID
852,1712302884.0788815,10132689.11537621,1261.0,-3.63706860913798e-07,1330.0,ASK
853,1712302884.608888,10133078.10175809,1260.0,-1.751904347524276e-08,1330.0,ASK
854,1712302891.02925,10133078.10175809,1260.0,-0.0,1330.0,ASK
855,1712302893.5188742,10133194.79767265,1260.0,-5.251527319217789e-09,1330.0,ASK
856,1712302899.458804,10133457.36348042,1260.0,-1.181593646882678e-08,1330.0,ASK
1056,1712302899.458804,10133457.36348042,1260.0,-1.1815936468826781e-08,1330.0,ASK
857,1712302904.7879364,10134536.12152016,1260.0,-4.854606382683313e-08,1330.0,ASK
1058,1712302904.7938037,10134615.48659952,1260.0,-3.57157218422075e-09,1330.0,ASK
858,1712302904.7938037,10134615.48659952,1260.0,-3.5715721842207504e-09,1330.0,ASK
859,1712302906.6088126,10134861.82771467,1260.0,1.1085795941940693e-08,1330.0,BID
860,1712302917.0124764,10134962.97729873,1259.0,-4.551914315241674e-09,1330.0,ASK
861,1712302917.0176115,10135649.52513798,1259.0,-3.0895895091071034e-08,1330.0,ASK
862,1712302919.4991057,10135915.29251893,1260.0,1.19600130552519e-08,1330.0,BID
863,1712302920.7236247,10135915.29251893,1260.0,0.0,1330.0,BID
864,1712302925.9287708,10136684.81924999,1260.0,3.4624526375032475e-08,1330.0,BID
865,1712302925.9331334,10137546.46632755,1260.0,3.8769441994439205e-08,1330.0,BID
866,1712302925.948748,10138045.06090373,1260.0,2.2434049860276132e-08,1330.0,BID
1066,1712302925.948748,10138045.06090373,1260.0,2.243404986027613e-08,1330.0,BID
867,1712302925.956016,10140008.52015312,1260.0,8.834500976108023e-08,1330.0,BID
868,1712302928.3594935,10141456.14379972,1260.0,6.513520727714434e-08,1330.0,BID
869,1712302928.378554,10146156.03105757,1260.0,2.1146941847642218e-07,1330.0,BID
870,1712302928.401728,10146554.85002151,1260.0,1.7944688830727986e-08,1330.0,BID
871,1712302929.4701416,10146655.34154581,1259.0,-4.521573186749859e-09,1330.0,ASK
872,1712302929.4758358,10146834.90646297,1259.0,-8.079446703071036e-09,1330.0,ASK
873,1712302929.528681,10147961.45019659,1260.0,5.0688353819381603e-08,1330.0,BID
874,1712302938.5786486,10148358.27559342,1260.0,1.785498913068674e-08,1330.0,BID
875,1712302941.938656,10148535.88980255,1259.0,-7.991675429069844e-09,1330.0,ASK
876,1712302950.6989622,10148535.88980255,1259.0,-0.0,1330.0,ASK
877,1712302953.6386344,10149470.12759447,1259.0,-4.20055759722114e-08,1330.0,ASK
878,1712302953.6461475,10149986.59472307,1259.0,-2.322160310283738e-08,1330.0,ASK
879,1712302960.0285592,10150224.68996116,1260.0,1.0705334015291406e-08,1330.0,BID
880,1712302969.7289724,10150462.78519925,1260.0,1.0705334015291406e-08,1330.0,BID
881,1712302980.9985044,10150462.78519925,1260.0,0.0,1330.0,BID
882,1712302982.3182724,10151589.32893287,1260.0,5.06465877317081e-08,1330.0,BID
883,1712302984.0885186,10151686.18508844,1260.0,4.354410427276348e-09,1330.0,BID
884,1712302984.094164,10152524.34660355,1260.0,3.768164469911498e-08,1330.0,BID
885,1712302987.9184227,10152653.58307746,1261.0,-5.810148526597042e-09,1330.0,ASK
886,1712302987.9243178,10153880.12681108,1260.0,-5.5142337538772674e-08,1330.0,ASK
887,1712302989.8966005,10154354.30281108,1260.0,2.13177666055844e-08,1330.0,BID
888,1712302993.478553,10159607.21755113,1260.0,2.3615790429547205e-07,1330.0,BID
889,1712303008.6983128,10159688.07865772,1261.0,-3.635313043552575e-09,1330.0,ASK
890,1712303010.3923657,10160215.84428717,1263.0,2.3727022268187064e-08,1330.0,BID
891,1712303010.958237,10160215.84428717,1263.0,0.0,1330.0,BID
892,1712303020.1683855,10160307.24729587,1263.0,4.106981247011562e-09,1330.0,BID
893,1712303020.36847,10160701.69377506,1262.0,-1.772353356891168e-08,1330.0,ASK
894,1712303020.5883336,10160932.69377505,1262.0,1.0379446820413822e-08,1330.0,BID
895,1712303020.6885247,10162059.23750867,1262.0,5.061861807117688e-08,1330.0,BID
896,1712303028.8485298,10162259.23750867,1262.0,8.986534044010639e-09,1330.0,BID
897,1712303040.7201495,10162259.23750867,1262.0,0.0,1330.0,BID
898,1712303050.1886857,10162263.99186683,1262.0,2.1360125636834828e-10,1330.0,BID
899,1712303070.7091868,10162263.99186683,1262.0,0.0,1330.0,BID
900,1712303079.91822,10162347.28017141,1262.0,3.7419313185335575e-09,1330.0,BID
901,1712303079.9245648,10163390.53560045,1262.0,4.687080836754664e-08,1330.0,BID
902,1712303095.7380626,10163888.31368575,1262.0,2.2363901108234213e-08,1330.0,BID
903,1712303100.7088673,10163888.31368575,1262.0,0.0,1330.0,BID
904,1712303100.760412,10164066.15569337,1262.0,-8.012133262670871e-09,1330.0,ASK
905,1712303102.468295,10164072.8184012,1263.0,3.0016813090059155e-10,1330.0,BID
906,1712303104.4955857,10164825.46554282,1262.0,-3.390823843651879e-08,1330.0,ASK
907,1712303108.293084,10165952.00927644,1262.0,-5.0753017471953656e-08,1330.0,ASK
908,1712303109.6479547,10165963.885761,1263.0,5.350590575245062e-10,1330.0,BID
909,1712303109.77805,10165975.76224556,1263.0,5.350590575245062e-10,1330.0,BID
910,1712303120.6178706,10166055.19830877,1262.0,3.578751346846267e-09,1330.0,BID
911,1712303120.6581426,10166461.08514953,1262.0,-1.828600284744416e-08,1330.0,ASK
912,1712303129.2787373,10166495.61879905,1262.0,-1.5558090335107363e-09,1330.0,ASK
913,1712303129.2846818,10167461.08514953,1261.0,-4.3496163612788345e-08,1330.0,ASK
914,1712303130.7181568,10167461.08514953,1261.0,-0.0,1330.0,ASK
915,1712303144.203781,10168587.62888315,1262.0,-5.0742712139445705e-08,1330.0,ASK
916,1712303145.1915836,10168622.16253267,1261.0,-1.5554931286479483e-09,1330.0,ASK
917,1712303145.195108,10168632.78188239,1261.0,-4.78325510024119e-10,1330.0,ASK
918,1712303145.1985092,10179351.06329029,1260.0,-4.827816727215635e-07,1330.0,ASK
919,1712303145.202032,10180720.46607,1261.0,-6.168176962870546e-08,1330.0,ASK
920,1712303145.2054358,10181357.21507371,1259.0,-2.8680973881542937e-08,1330.0,ASK
921,1712303145.208858,10183837.01847406,1259.0,-1.1169735035680468e-07,1330.0,ASK
922,1712303145.4779916,10184963.56220768,1261.0,-5.0742712139529614e-08,1330.0,ASK
923,1712303145.6178317,10185305.99603335,1262.0,1.5424186850651432e-08,1330.0,BID
924,1712303160.7377255,10185305.99603335,1262.0,0.0,1330.0,BID
925,1712303162.737768,10185694.30226873,1259.0,-1.7472712082595772e-08,1330.0,ASK
926,1712303164.357861,10185910.80398994,1262.0,9.741981702568472e-09,1330.0,BID
927,1712303164.3677294,10186384.48977183,1262.0,2.131455673505438e-08,1330.0,BID
928,1712303164.487818,10186820.84600235,1262.0,-1.9634829643791933e-08,1330.0,ASK
929,1712303167.6577735,10186830.84600235,1262.0,-4.4997248281309804e-10,1330.0,ASK
930,1712303169.1977694,10186963.87505223,1263.0,5.9859411861132225e-09,1330.0,BID
931,1712303171.1078212,10188090.41878585,1262.0,-5.06913680814148e-08,1330.0,ASK
932,1712303171.1148686,10188148.58297611,1262.0,-2.617228510241764e-09,1330.0,ASK
933,1712303173.6377392,10188228.58297611,1263.0,3.599779862504784e-09,1330.0,BID
934,1712303174.0179691,10189355.12670973,1261.0,-5.06913680814148e-08,1330.0,ASK
935,1712303174.0261405,10189691.40899866,1261.0,-1.5131777647649324e-08,1330.0,ASK
936,1712303175.167746,10190817.95273228,1261.0,5.06913680814148e-08,1330.0,BID
937,1712303175.492903,10191018.95273228,1261.0,9.044446904543273e-09,1330.0,BID
938,1712303180.9476912,10191056.39595194,1261.0,1.6848418514858911e-09,1330.0,BID
939,1712303188.143123,10191373.03746667,1260.0,-1.4247996854462705e-08,1330.0,ASK
940,1712303190.7379684,10191373.03746667,1260.0,-0.0,1330.0,ASK
941,1712303196.1077683,10191569.02082853,1260.0,-8.81567651154787e-09,1330.0,ASK
942,1712303196.114193,10192408.0693138,1260.0,-3.7741877440078666e-08,1330.0,ASK
943,1712303198.7076786,10193176.91565985,1259.0,-3.4584061675006263e-08,1330.0,ASK
944,1712303207.5776772,10193329.91565985,1260.0,6.882209252157129e-09,1330.0,BID
945,1712303212.139567,10193425.91565985,1260.0,4.318248942529963e-09,1330.0,BID
946,1712303221.039494,10193425.91565985,1260.0,0.0,1330.0,BID
947,1712303224.3076863,10193829.66508475,1260.0,1.8159247438656023e-08,1330.0,BID
948,1712303225.176666,10194552.45939347,1260.0,-3.250877868763563e-08,1330.0,ASK
949,1712303225.181466,10195046.5576634,1259.0,-2.2222824824870737e-08,1330.0,ASK
950,1712303226.407648,10196173.10139702,1261.0,5.066802612637543e-08,1330.0,BID
951,1712303230.1879246,10196499.13466959,1261.0,1.4663844713375112e-08,1330.0,BID
952,1712303230.195784,10196525.76139702,1261.0,1.1975777600344594e-09,1330.0,BID
953,1712303234.344266,10196525.76296516,1261.0,7.052943010794046e-14,1330.0,BID
954,1712303234.3577242,10196605.12647638,1261.0,-3.569495209059866e-09,1330.0,ASK
955,1712303247.0279672,10196731.34852237,1261.0,5.6770294247421744e-09,1330.0,BID
1155,1712303247.0279672,10196731.34852237,1261.0,5.677029424742174e-09,1330.0,BID
956,1712303251.031651,10196731.34852237,1261.0,0.0,1330.0,BID
957,1712303253.7781425,10197803.39332807,1261.0,4.8207820667428034e-08,1330.0,BID
958,1712303280.6203074,10197803.39332807,1261.0,0.0,1330.0,BID
959,1712303288.7186244,10197923.39232807,1261.0,5.3957993164518975e-09,1330.0,BID
960,1712303288.831428,10198233.9992371,1261.0,1.3966554283179081e-08,1330.0,BID
961,1712303298.186223,10198403.6152371,1261.0,7.626846030905637e-09,1330.0,BID
962,1712303310.7196703,10198403.6152371,1261.0,0.0,1330.0,BID
963,1712303316.6788166,10198525.26654467,1261.0,5.4699097765407365e-09,1330.0,BID
964,1712303337.6790912,10198604.63162403,1260.0,-3.5685586302350515e-09,1330.0,ASK
965,1712303337.6871936,10198712.48223815,1260.0,-4.8493776216801405e-09,1330.0,ASK
966,1712303341.001435,10198712.48223815,1260.0,-0.0,1330.0,ASK
967,1712303344.6487694,10199839.02597177,1261.0,5.0652844141084336e-08,1330.0,BID
968,1712303345.9872308,10200965.56970539,1261.0,5.0652844141000585e-08,1330.0,BID
969,1712303347.1789303,10201121.02727874,1261.0,6.989846908263981e-09,1330.0,BID
970,1712303347.338737,10202247.57101236,1261.0,5.0652844141000585e-08,1330.0,BID
971,1712303348.5289388,10202546.63449372,1261.0,1.3446806775056297e-08,1330.0,BID
972,1712303348.8488035,10204000.73852814,1261.0,6.538095488193601e-08,1330.0,BID
973,1712303349.649096,10204142.40752814,1261.0,6.369870571776025e-09,1330.0,BID
974,1712303349.7523432,10204405.89330392,1261.0,1.1847124559536626e-08,1330.0,BID
975,1712303349.756209,10204763.40752813,1261.0,1.6074930547933918e-08,1330.0,BID
976,1712303350.0289483,10205005.70004117,1261.0,1.0894210791148009e-08,1330.0,BID
977,1712303350.038835,10205889.95126175,1261.0,3.9758633349852583e-08,1330.0,BID
1177,1712303350.038835,10205889.95126175,1261.0,3.975863334985258e-08,1330.0,BID
978,1712303350.6588333,10207044.08126175,1261.0,5.1893206862626665e-08,1330.0,BID
979,1712303351.158836,10207353.51578846,1261.0,1.3913120623310445e-08,1330.0,BID
980,1712303351.1651847,10207454.63494929,1261.0,4.546626056576464e-09,1330.0,BID
981,1712303351.2190442,10207550.90120083,1261.0,4.328424445289129e-09,1330.0,BID
982,1712303351.9391787,10207670.90120083,1261.0,5.395566204423053e-09,1330.0,BID
983,1712303353.0288186,10207790.90120083,1261.0,5.395566204423053e-09,1330.0,BID
984,1712303355.338838,10207946.90120083,1261.0,7.014236065749968e-09,1330.0,BID
985,1712303360.8732088,10208066.90120082,1261.0,5.395566204004302e-09,1330.0,BID
986,1712303360.9791071,10208094.79320082,1261.0,1.254109438156271e-09,1330.0,BID
987,1712303361.802007,10208848.78320083,1261.0,3.3901691354369944e-08,1330.0,BID
988,1712303361.8119924,10209248.73320082,1261.0,1.7982972528372747e-08,1330.0,BID
989,1712303363.0518649,10209368.73320082,1261.0,5.395566204423053e-09,1330.0,BID
990,1712303365.6602004,10209581.73320082,1261.0,9.577130012850918e-09,1330.0,BID
991,1712303370.3215425,10209701.73220082,1261.0,5.395521241363979e-09,1330.0,BID
992,1712303371.0008228,10209701.73220082,1261.0,0.0,1330.0,BID
993,1712303387.3294115,10210071.63274074,1260.0,-1.6621500693600834e-08,1330.0,ASK
994,1712303390.542666,10210133.99574074,1261.0,2.8022847654621516e-09,1330.0,BID
995,1712303391.7826617,10210275.60874074,1261.0,6.363387785894891e-09,1330.0,BID
996,1712303392.08918,10210380.60874074,1261.0,4.718180657986595e-09,1330.0,BID
997,1712303393.7892268,10210522.22174074,1261.0,6.363387785894891e-09,1330.0,BID
998,1712303395.6995056,10210747.3351041,1260.0,-1.0115481112991553e-08,1330.0,ASK
999,1712303400.752402,10210747.3351041,1260.0,-0.0,1330.0,ASK
1000,1712303400.899438,10210915.33510409,1261.0,7.560984303534555e-09,1330.0,BID
1201,1712303401.8728435,10211146.33510408,1261.0,1.0396353417632461e-08,1330.0,BID
1202,1712303402.7298205,10211170.53388633,1261.0,1.0890869807811195e-09,1330.0,BID
1203,1712303402.7360623,10211260.33510408,1261.0,4.041580939815778e-09,1330.0,BID
1204,1712303402.8093162,10211379.28831581,1261.0,5.353591469095239e-09,1330.0,BID
1205,1712303403.119242,10211797.60831581,1261.0,1.882685091706687e-08,1330.0,BID
1206,1712303403.1593788,10211804.48381144,1261.0,3.0943758652535405e-10,1330.0,BID
1207,1712303403.784898,10212050.48381144,1261.0,1.1071441302340677e-08,1330.0,BID
1208,1712303405.5793402,10212343.50781144,1261.0,1.3187796813737333e-08,1330.0,BID
1209,1712303405.869345,10212462.3044496,1261.0,5.346544741031193e-09,1330.0,BID
1210,1712303407.569368,10212838.6274496,1261.0,1.6936739858656477e-08,1330.0,BID
1211,1712303417.4494326,10212838.62837291,1261.0,4.155433600971119e-14,1330.0,BID
1212,1712303427.5895338,10212842.59427299,1261.0,-1.7848873963313722e-10,1330.0,ASK
1213,1712303430.7210405,10212842.59427299,1261.0,-0.0,1330.0,ASK
1214,1712303447.3995876,10213752.09194287,1261.0,-4.0927857077470704e-08,1330.0,ASK
1215,1712303447.4096754,10214519.74301344,1261.0,-3.4544688064838826e-08,1330.0,ASK
1216,1712303447.4117448,10219942.59427299,1261.0,-2.44031060940146e-07,1330.0,ASK
1217,1712303447.9097133,10220087.30804971,1263.0,6.51219345240437e-09,1330.0,BID
1218,1712303451.5645738,10220853.00483378,1261.0,-3.4456744179722266e-08,1330.0,ASK
1219,1712303453.371896,10220966.75621029,1262.0,5.118869717138245e-09,1330.0,BID
1220,1712303461.0104702,10220966.75621029,1262.0,0.0,1330.0,BID
1221,1712303461.539752,10221009.61421029,1262.0,1.9277430222997888e-09,1330.0,BID
1222,1712303464.37017,10221099.26421029,1262.0,4.032436463262821e-09,1330.0,BID
1223,1712303466.8097556,10221232.17521029,1262.0,5.978306333283826e-09,1330.0,BID
1224,1712303491.0298212,10221232.17521029,1262.0,0.0,1330.0,BID
1225,1712303496.6200614,10221232.17608884,1262.0,3.9516387425600776e-14,1330.0,BID
1226,1712303498.011854,10221352.17608884,1263.0,5.397491190276454e-09,1330.0,BID
1227,1712303500.5799162,10221452.17521029,1262.0,-4.497869808842953e-09,1330.0,ASK
1228,1712303500.582758,10224251.17521029,1262.0,-1.258964820131983e-07,1330.0,ASK
1229,1712303502.65003,10224544.04021029,1262.0,1.3172802145346e-08,1330.0,BID
1230,1712303511.0600562,10224664.03921029,1262.0,5.397446211175829e-09,1330.0,BID
1231,1712303511.3200629,10224757.03921028,1262.0,4.1830556720453515e-09,1330.0,BID
1232,1712303513.7901895,10224877.03921028,1262.0,5.397491190276454e-09,1330.0,BID
1233,1712303515.3399725,10225115.22321028,1262.0,1.0713300347222813e-08,1330.0,BID
1234,1712303516.9398448,10225315.29321028,1262.0,8.998967186918044e-09,1330.0,BID
1235,1712303520.719982,10225315.29321028,1262.0,0.0,1330.0,BID
1236,1712303526.8501587,10225472.84455734,1262.0,7.084874613811551e-09,1330.0,BID
1237,1712303529.680227,10225592.84355734,1262.0,5.396195492109267e-09,1330.0,BID
1238,1712303529.8401942,10225966.54783665,1262.0,1.6804984603227714e-08,1330.0,BID
1239,1712303530.9679337,10226094.17859337,1262.0,5.739385445401275e-09,1330.0,BID
1240,1712303536.0600023,10226235.77559337,1262.0,6.367428837762207e-09,1330.0,BID
1241,1712303548.0702407,10226355.77559337,1262.0,5.3962404607871454e-09,1330.0,BID
1242,1712303550.730091,10226355.77559337,1262.0,0.0,1330.0,BID
1243,1712303553.0501723,10226535.61239572,1262.0,8.086544416735178e-09,1330.0,BID
1244,1712303553.9600916,10226661.74369091,1262.0,5.671621756825977e-09,1330.0,BID
1245,1712303554.204634,10226965.10422973,1262.0,1.3640914648114546e-08,1330.0,BID
1246,1712303555.080276,10227267.73801247,1262.0,1.3608235323097932e-08,1330.0,BID
1247,1712303559.540449,10228060.13103941,1262.0,3.563075702036948e-08,1330.0,BID
1248,1712303566.3503673,10228505.76403941,1262.0,2.00383403227884e-08,1330.0,BID
1249,1712303566.3533218,10228808.82170233,1262.0,1.362729552571422e-08,1330.0,BID
1250,1712303567.1301694,10228941.00737913,1262.0,5.943863173332174e-09,1330.0,BID
1251,1712303581.014705,10228941.00737913,1262.0,0.0,1330.0,BID
1252,1712303581.3303325,10229156.33736775,1262.0,9.68111131377928e-09,1330.0,BID
1253,1712303587.1301951,10229318.24436775,1262.0,7.279244751339776e-09,1330.0,BID
1254,1712303587.3002975,10229412.4268091,1262.0,4.2343879008772545e-09,1330.0,BID
1255,1712303587.8804417,10230062.91815858,1262.0,2.9245713536155312e-08,1330.0,BID
1256,1712303607.0904555,10230415.01483052,1262.0,1.5830062018284553e-08,1330.0,BID
1257,1712303610.9716787,10230415.01483052,1262.0,0.0,1330.0,BID
1258,1712303624.0404737,10230697.49183052,1262.0,1.2698939918680728e-08,1330.0,BID
1259,1712303640.741562,10230697.49183052,1262.0,0.0,1330.0,BID
1260,1712303647.8805306,10231480.49183051,1262.0,3.5199717524888176e-08,1330.0,BID
1261,1712303651.6332514,10231553.51078854,1262.0,3.282562830988254e-09,1330.0,BID
1262,1712303654.3605623,10231593.16185911,1261.0,-1.7825114733888943e-09,1330.0,ASK
1263,1712303654.3631582,10231953.16463467,1261.0,-1.6183902947689e-08,1330.0,ASK
1264,1712303654.3657966,10234381.87993997,1261.0,-1.0918274929267925e-07,1330.0,ASK
1265,1712303654.7406497,10234444.67193997,1261.0,2.822810552873509e-09,1330.0,BID
1266,1712303654.8807406,10234595.81415792,1261.0,6.794589243891406e-09,1330.0,BID
1267,1712303654.8838751,10234860.67827911,1262.0,1.1906950508908836e-08,1330.0,BID
1268,1712303660.5806036,10235098.39618719,1262.0,1.0686594144529054e-08,1330.0,BID
1269,1712303660.9628537,10235231.05002433,1262.0,5.963445205632221e-09,1330.0,BID
1270,1712303662.3649275,10236231.05002433,1262.0,4.495493936831491e-08,1330.0,BID
1271,1712303670.6304867,10236231.05002433,1262.0,0.0,1330.0,BID
1272,1712303684.0516438,10236270.66967567,1262.0,1.780540291432294e-09,1330.0,BID
1273,1712303700.760581,10236270.66967567,1262.0,0.0,1330.0,BID
1274,1712303707.2407444,10236390.66967567,1262.0,5.41188032542359e-09,1330.0,BID
1275,1712303709.210851,10236577.02867567,1262.0,8.40460504634585e-09,1330.0,BID
1276,1712303713.8409653,10236741.14867567,1262.0,7.4016483251180385e-09,1330.0,BID
1277,1712303718.3808525,10236746.04796928,1262.0,2.2095325575685875e-10,1330.0,BID
1278,1712303730.6807723,10236746.04796928,1262.0,0.0,1330.0,BID
1279,1712303740.1410887,10238330.83402316,1262.0,7.147033683114199e-08,1330.0,BID
1280,1712303760.9808662,10238330.83402316,1262.0,0.0,1330.0,BID
1281,1712303764.1428328,10238573.83402316,1262.0,1.0957772814830028e-08,1330.0,BID
1282,1712303776.5139728,10239726.45402316,1262.0,5.197591811448727e-08,1330.0,BID
1283,1712303776.8978636,10240222.91402316,1262.0,2.238722589152223e-08,1330.0,BID
1284,1712303776.9108653,10243019.11149537,1261.0,-1.260909326991352e-07,1330.0,ASK
1285,1712303777.5210063,10243179.865565,1262.0,7.248998247183241e-09,1330.0,BID
1286,1712303780.8539476,10243583.782565,1262.0,1.8214118197701627e-08,1330.0,BID
1287,1712303785.662413,10243985.838565,1262.0,1.8130198793571322e-08,1330.0,BID
1288,1712303791.0333817,10243985.838565,1262.0,0.0,1330.0,BID
1289,1712303804.881112,10244742.36756479,1261.0,-3.410373247892789e-08,1330.0,ASK
1290,1712303810.371099,10244761.0201138,1261.0,-8.408422435298684e-10,1330.0,ASK
1291,1712303817.0911434,10244801.86150588,1261.0,-1.8410978428155407e-09,1330.0,ASK
1292,1712303817.3520987,10244871.92069591,1261.0,-3.1582132015744223e-09,1330.0,ASK
1293,1712303820.69285,10244871.92069591,1261.0,-0.0,1330.0,ASK
1294,1712303824.0213969,10244976.92069591,1262.0,4.7330790406704644e-09,1330.0,BID
1295,1712303824.9811258,10245327.92069591,1262.0,1.5822007078812697e-08,1330.0,BID
1296,1712303825.911154,10245673.49261845,1262.0,1.5577325939251594e-08,1330.0,BID
1297,1712303826.0175233,10246463.83161845,1262.0,3.5626066246885466e-08,1330.0,BID
1298,1712303844.481266,10246601.83161845,1262.0,6.220618167738325e-09,1330.0,BID
1299,1712303844.7235448,10246681.07092114,1262.0,3.5718655500537202e-09,1330.0,BID
1300,1712303850.7026796,10246681.07092114,1262.0,0.0,1330.0,BID
1301,1712303853.8112946,10249411.39554505,1261.0,-1.2306202289816988e-07,1330.0,ASK
1302,1712303855.541247,10250098.79131802,1261.0,-3.098251160775736e-08,1330.0,ASK
1303,1712303855.5446978,10251342.88330848,1261.0,-5.607409304981948e-08,1330.0,ASK
1304,1712303855.5480318,10251392.82448876,1261.0,-2.2509640859265864e-09,1330.0,ASK
1305,1712303865.9813373,10251432.4441401,1262.0,1.7857489903272602e-09,1330.0,BID
1306,1712303881.0213144,10251432.4441401,1262.0,0.0,1330.0,BID
1307,1712303881.1411805,10251534.44414009,1262.0,4.5961338673124625e-09,1330.0,BID
1308,1712303882.4612234,10251666.44414009,1262.0,5.947937946585475e-09,1330.0,BID
1309,1712303883.3510685,10251759.44414009,1262.0,4.190592644185221e-09,1330.0,BID
1310,1712303884.277074,10252405.7082684,1262.0,2.9120749487088162e-08,1330.0,BID
1311,1712303884.412248,10252857.50257401,1262.0,2.0357912836259192e-08,1330.0,BID
1312,1712303885.194301,10252983.13709177,1262.0,5.661108451449284e-09,1330.0,BID
1313,1712303885.471233,10253103.13709177,1262.0,5.4072163150777054e-09,1330.0,BID
1314,1712303888.5111463,10253223.13709177,1262.0,5.4072163150777054e-09,1330.0,BID
1315,1712303888.6514738,10253973.30770191,1262.0,3.380278968530157e-08,1330.0,BID
1316,1712303911.03222,10253973.30770191,1262.0,0.0,1330.0,BID
1317,1712303916.9012792,10253990.68006584,1261.0,-7.826879912485218e-10,1330.0,ASK
1318,1712303920.981414,10254384.28421173,1261.0,-1.773329407126573e-08,1330.0,ASK
1319,1712303921.0814111,10254483.63703218,1262.0,4.476204837324588e-09,1330.0,BID
1320,1712303929.2113757,10254876.53646202,1262.0,1.770154405779017e-08,1330.0,BID
1321,1712303939.43129,10255249.04357065,1261.0,-1.6782796040029463e-08,1330.0,ASK
1322,1712303940.7070088,10255249.04357065,1261.0,-0.0,1330.0,ASK
1323,1712303944.7913878,10255685.67157065,1262.0,1.967024861865366e-08,1330.0,BID
1324,1712303945.2112672,10255883.37528812,1262.0,8.906623660146618e-09,1330.0,BID
1325,1712303947.8611774,10256003.37428812,1262.0,5.405998158601848e-09,1330.0,BID
1326,1712303948.0213857,10256214.77493099,1262.0,9.523675081325642e-09,1330.0,BID
1327,1712303948.0248773,10256627.37428812,1262.0,1.8587749605314755e-08,1330.0,BID
1328,1712303948.3813238,10256909.85274077,1261.0,-1.2725756005276483e-08,1330.0,ASK
1329,1712303948.3912108,10259216.81266087,1261.0,-1.0392937507846336e-07,1330.0,ASK
1330,1712303949.3538835,10260369.24266087,1262.0,5.1917386461007977e-08,1330.0,BID
1331,1712303949.499173,10260980.6553311,1262.0,2.7544360948060645e-08,1330.0,BID
1332,1712303949.5089812,10261159.97566087,1262.0,8.07844542488046e-09,1330.0,BID
1333,1712303954.0316143,10261283.10755564,1262.0,5.547136196119502e-09,1330.0,BID
1334,1712303954.0420508,10261950.85166087,1262.0,3.00821123783613e-08,1330.0,BID
1335,1712303955.1113083,10262160.85166087,1262.0,9.460575615696288e-09,1330.0,BID
1336,1712303960.0640907,10262268.85166087,1262.0,4.865438888072377e-09,1330.0,BID
1337,1712303963.3214262,10262327.06581845,1262.0,2.6225687604028757e-09,1330.0,BID
1338,1712303970.260039,10262527.06581845,1260.0,-9.010072014948844e-09,1330.0,ASK
1339,1712303970.6449027,10262527.06581845,1260.0,-0.0,1330.0,ASK
1340,1712303977.3212626,10262610.46072955,1262.0,3.755417357288192e-09,1330.0,BID
1341,1712303989.001361,10262762.29282679,1262.0,6.837262440110046e-09,1330.0,BID
1342,1712304000.8913996,10262762.29282679,1262.0,0.0,1330.0,BID
1343,1712304001.3914287,10263188.03790927,1262.0,1.9196725663563607e-08,1330.0,BID
1344,1712304001.394242,10263798.12675408,1262.0,2.7508733902583925e-08,1330.0,BID
1345,1712304001.3970928,10265322.33024761,1262.0,6.872590553570191e-08,1330.0,BID
1346,1712304027.5416832,10266358.51438288,1260.0,-4.67212503451184e-08,1330.0,ASK
1347,1712304027.5455153,10268081.77588312,1262.0,-7.770137490269268e-08,1330.0,ASK
1348,1712304030.701368,10268081.77588312,1262.0,-0.0,1330.0,ASK
1349,1712304030.7916677,10268506.8864973,1260.0,-1.9162319105269482e-08,1330.0,ASK
1350,1712304030.79626,10273312.39982402,1260.0,-2.1661369243561041e-07,1330.0,ASK
1351,1712304030.7997663,10275289.79763304,1260.0,-8.913333741987002e-08,1330.0,ASK
1352,1712304033.2914171,10275456.66868063,1263.0,7.521892318573394e-09,1330.0,BID
1353,1712304045.6317532,10275552.35242469,1261.0,-4.313047888480819e-09,1330.0,ASK
1354,1712304053.2059145,10276111.09174583,1262.0,2.5185777092297987e-08,1330.0,BID
1355,1712304056.8448176,10276225.09174583,1262.0,5.1386728656764545e-09,1330.0,BID
1356,1712304058.2213264,10277103.64354,1260.0,-3.960166899824207e-08,1330.0,ASK
1357,1712304058.2253532,10277662.95979594,1261.0,-2.521178305027425e-08,1330.0,ASK
1358,1712304061.0011532,10277662.95979594,1261.0,-0.0,1330.0,ASK
1359,1712304061.1512802,10277899.95979594,1262.0,1.0677218988608504e-08,1330.0,BID
1360,1712304061.251659,10278040.10324612,1262.0,6.3136806219060706e-09,1330.0,BID
1361,1712304062.3903413,10278280.10224612,1262.0,1.0812328607786086e-08,1330.0,BID
1362,1712304062.681451,10278392.54281664,1262.0,5.065622762230587e-09,1330.0,BID
1363,1712304077.2760558,10278495.30743433,1262.0,4.6297060225552405e-09,1330.0,BID
1364,1712304079.2314382,10278534.95850491,1261.0,-1.7863424629291961e-09,1330.0,ASK
1365,1712304083.6037493,10278637.68050174,1262.0,4.6277858865373325e-09,1330.0,BID
1366,1712304088.1815815,10278667.68050174,1262.0,1.3515467074187982e-09,1330.0,BID
1367,1712304088.1845636,10278988.47351388,1262.0,1.445222464404021e-08,1330.0,BID
1368,1712304091.0640817,10278988.47351388,1262.0,0.0,1330.0,BID
1369,1712304092.4733703,10279008.08089621,1262.0,-8.83276536879616e-10,1330.0,ASK
1370,1712304099.4013734,10279032.33805658,1262.0,-1.0927404916079847e-09,1330.0,ASK
1371,1712304105.27138,10280660.35289887,1262.0,-7.333907646339975e-08,1330.0,ASK
1372,1712304105.3914802,10280816.42001362,1262.0,-7.030536678623796e-09,1330.0,ASK
1373,1712304105.3954566,10281162.72376639,1262.0,-1.5600347579311544e-08,1330.0,ASK
1374,1712304120.7443523,10281162.72376639,1262.0,-0.0,1330.0,ASK
1375,1712304150.6711276,10281162.72376639,1262.0,-0.0,1330.0,ASK
1376,1712304173.0814722,10282900.90139174,1263.0,7.829202986103535e-08,1330.0,BID
1377,1712304173.189463,10283247.20514451,1263.0,1.5598419492537565e-08,1330.0,BID
1378,1712304174.5514708,10283439.42572616,1263.0,8.658113704270496e-09,1330.0,BID
1379,1712304179.3114629,10283571.45824872,1263.0,5.9470873678659125e-09,1330.0,BID
1380,1712304179.4057732,10283727.52536347,1263.0,7.029667756689508e-09,1330.0,BID
1381,1712304181.0141454,10283727.52536347,1263.0,0.0,1330.0,BID
1382,1712304193.867838,10283797.90216473,1263.0,3.169491262203844e-09,1330.0,BID
1383,1712304203.481536,10283837.90216473,1262.0,-1.8014409325043223e-09,1330.0,ASK
1384,1712304211.048668,10283837.90216473,1262.0,-0.0,1330.0,ASK
1385,1712304215.5446424,10283907.56070603,1263.0,3.13712399985144e-09,1330.0,BID
1386,1712304215.551458,10283930.37565929,1263.0,1.0274883178830342e-09,1330.0,BID
1387,1712304216.9913588,10284130.7796391,1262.0,-9.0253416592307e-09,1330.0,ASK
1388,1712304218.7413156,10284258.43284575,1263.0,5.748956707380292e-09,1330.0,BID
1389,1712304220.6212237,10284372.43284575,1263.0,5.1340744336914175e-09,1330.0,BID
1390,1712304222.47155,10284534.88138202,1263.0,7.3159901478170945e-09,1330.0,BID
1391,1712304226.4520988,10284732.82279136,1263.0,8.914437974228073e-09,1330.0,BID
1392,1712304235.0476978,10284758.63179136,1263.0,1.162327430359455e-09,1330.0,BID
1393,1712304237.961348,10284766.54944773,1263.0,3.5657751878457456e-10,1330.0,BID
1394,1712304240.6422613,10284766.54944773,1263.0,0.0,1330.0,BID
1395,1712304246.331211,10284971.06123609,1263.0,9.209853463704708e-09,1330.0,BID
1396,1712304247.2512882,10285168.29415782,1263.0,8.882061625564868e-09,1330.0,BID
1397,1712304252.171319,10285173.83651728,1263.0,2.4959108167170267e-10,1330.0,BID
1398,1712304253.2412574,10285276.27595974,1263.0,4.6131925280503595e-09,1330.0,BID
1399,1712304257.6815634,10286838.46598112,1263.0,7.035066924420531e-08,1330.0,BID
1400,1712304257.6869807,10287632.74715665,1263.0,3.576915196090611e-08,1330.0,BID
1401,1712304270.6926122,10287632.74715665,1263.0,0.0,1330.0,BID
1402,1712304273.1212418,10287733.89674071,1263.0,-4.5543634100118465e-09,1330.0,ASK
1403,1712304288.721383,10287933.89674071,1263.0,-9.005204425331504e-09,1330.0,ASK
1404,1712304288.725498,10288008.6598074,1263.0,-3.366283495059404e-09,1330.0,ASK
1405,1712304301.0412126,10288008.6598074,1263.0,-0.0,1330.0,ASK
1406,1712304303.2814312,10288408.6598074,1262.0,-1.805947587368653e-08,1330.0,ASK
1407,1712304306.5713763,10288488.1638074,1263.0,3.589501424599441e-09,1330.0,BID
1408,1712304322.612991,10288884.04662608,1263.0,1.7873590531907793e-08,1330.0,BID
1409,1712304323.1626844,10288923.63490794,1263.0,1.787359052854395e-09,1330.0,BID
1410,1712304331.0137744,10288923.63490794,1263.0,0.0,1330.0,BID
1411,1712304333.5612094,10288931.55256431,1263.0,3.574531669905863e-10,1330.0,BID
1412,1712304358.4204805,10289073.14368631,1263.0,6.392320228926268e-09,1330.0,BID
1413,1712304360.6516664,10289073.14368631,1263.0,0.0,1330.0,BID
1414,1712304365.804236,10289231.49681378,1263.0,7.1490023984410185e-09,1330.0,BID
1415,1712304366.1298969,10289456.96396282,1263.0,1.0178928670402272e-08,1330.0,BID
1416,1712304371.18118,10290246.79596282,1263.0,3.5657716096763015e-08,1330.0,BID
1417,1712304377.591303,10290339.57238978,1263.0,4.188479946371281e-09,1330.0,BID
1418,1712304384.5508373,10290504.65209881,1263.0,7.452680314230765e-09,1330.0,BID
1419,1712304390.7244468,10290504.65209881,1263.0,0.0,1330.0,BID
1420,1712304397.2550125,10290511.63189573,1263.0,3.150838454913675e-10,1330.0,BID
1421,1712304397.2584524,10290620.22655251,1263.0,4.902208825054242e-09,1330.0,BID
1422,1712304400.641519,10290771.42360261,1262.0,-6.825377373975618e-09,1330.0,ASK
1423,1712304400.6457782,10291271.42360261,1262.0,-2.257113273523757e-08,1330.0,ASK
1424,1712304400.6512566,10291520.22655251,1262.0,-1.1231528814214445e-08,1330.0,ASK
1425,1712304405.4015682,10291916.10937119,1263.0,1.7871047296064124e-08,1330.0,BID
1426,1712304417.1512747,10292675.82452548,1263.0,3.4295263176827086e-08,1330.0,BID
1427,1712304421.0112362,10292675.82452548,1263.0,0.0,1330.0,BID
1428,1712304423.581241,10293465.67952548,1263.0,3.565143229705279e-08,1330.0,BID
1429,1712304430.954408,10293624.03265295,1263.0,7.147534424709138e-09,1330.0,BID
1430,1712304450.9750938,10293624.03265295,1263.0,0.0,1330.0,BID
1431,1712304457.2351928,10295097.02535775,1263.0,6.648240648873248e-08,1330.0,BID
1432,1712304465.3214302,10296249.37535775,1263.0,5.2010441645617855e-08,1330.0,BID
1433,1712304473.8014672,10296328.55192148,1263.0,3.573574042176081e-09,1330.0,BID
1434,1712304478.076852,10297106.28565042,1262.0,-3.510242090058839e-08,1330.0,ASK
1435,1712304480.7043896,10297106.28565042,1262.0,-0.0,1330.0,ASK
1436,1712304497.0351918,10297892.39922948,1263.0,3.5473598653599575e-08,1330.0,BID
1437,1712304497.0377464,10297898.67867736,1263.0,2.8336187006810907e-10,1330.0,BID
1438,1712304501.2014384,10297937.51911462,1263.0,1.7526857690471202e-09,1330.0,BID
1439,1712304510.6992478,10297937.51911462,1263.0,0.0,1330.0,BID
1440,1712304514.8812494,10298176.12837827,1263.0,1.0766800756678208e-08,1330.0,BID
1441,1712304515.2413552,10298181.67512945,1262.0,-2.5028686604727793e-10,1330.0,ASK
1442,1712304515.2456863,10298204.91856154,1262.0,-1.0488167910236483e-09,1330.0,ASK
