,time,acc_trade_volume,trade_price,dev,high,ask_bid
0,1712300395.5326765,7565444.85017764,138.4,0.0,145.4,ASK
1,1712300400.3346186,7565444.85017764,138.4,-0.0,145.4,ASK
2,1712300409.902561,7567124.85017764,138.4,-5.394912058624338e-07,145.4,ASK
3,1712300430.2735524,7567124.85017764,138.4,-0.0,145.4,ASK
4,1712300460.3723743,7567124.85017764,138.4,-0.0,145.4,ASK
5,1712300490.354148,7567124.85017764,138.4,-0.0,145.4,ASK
6,1712300520.262593,7567124.85017764,138.4,-0.0,145.4,ASK
7,1712300550.2528443,7567124.85017764,138.4,-0.0,145.4,ASK
8,1712300580.3428075,7567124.85017764,138.4,-0.0,145.4,ASK
9,1712300610.36297,7567124.85017764,138.4,-0.0,145.4,ASK
10,1712300640.2743316,7567124.85017764,138.4,-0.0,145.4,ASK
11,1712300670.2731054,7567124.85017764,138.4,-0.0,145.4,ASK
12,1712300700.3663402,7567124.85017764,138.4,-0.0,145.4,ASK
13,1712300730.3532429,7567124.85017764,138.4,-0.0,145.4,ASK
14,1712300760.2450712,7567124.85017764,138.4,-0.0,145.4,ASK
15,1712300763.7835524,7567160.85017764,138.7,1.1559662730953461e-08,145.4,BID
16,1712300790.2533395,7567160.85017764,138.7,0.0,145.4,BID
17,1712300793.8534534,7571137.71207208,138.4,-1.2769752366852289e-06,145.4,ASK
18,1712300796.0834813,7581515.06984562,138.4,-3.332182321332378e-06,145.4,ASK
19,1712300796.0845747,7581972.07490308,138.4,-1.4674488501424904e-07,145.4,ASK
20,1712300796.1035912,7581972.07490342,138.4,-1.091528200631288e-16,145.4,ASK
21,1712300796.1837175,7582072.07490342,138.3,-3.211012276967882e-08,145.4,ASK
22,1712300796.3037767,7588700.80280806,138.2,-2.128492668247907e-06,145.4,ASK
23,1712300796.305114,7589062.59730878,138.2,-1.1617265835506017e-07,145.4,ASK
24,1712300796.3063912,7589947.87227332,138.2,-2.8426287796311e-07,145.4,ASK
25,1712300796.3128538,7600743.82017416,138.2,-3.466592125110314e-06,145.4,ASK
26,1712300805.5250602,7601517.75507416,138.3,2.48511446547314e-07,145.4,BID
27,1712300805.5258155,7602800.15957416,138.3,4.117816593539433e-07,145.4,BID
28,1712300805.5834324,7604096.82017416,138.3,-4.163593105660737e-07,145.4,ASK
29,1712300816.0738635,7604474.2025058,138.1,-1.2117793000052904e-07,145.4,ASK
30,1712300816.075069,7608918.88027553,138.1,-1.4271914885768831e-06,145.4,ASK
31,1712300816.076388,7610438.99353416,138.1,-4.881102335842704e-07,145.4,ASK
32,1712300816.0934172,7610438.99353475,138.1,-1.8959695320554427e-16,145.4,ASK
33,1712300820.3351183,7610438.99353475,138.1,-0.0,145.4,ASK
34,1712300826.8336673,7611163.6312159,138.0,-2.3223583634034885e-07,145.4,ASK
35,1712300826.83483,7615452.83039516,138.0,-1.374625946921703e-06,145.4,ASK
36,1712300826.8359182,7629654.52249875,138.0,-4.551435743572884e-06,145.4,ASK
37,1712300826.9135146,7629754.52249875,138.0,-3.2048545415390174e-08,145.4,ASK
38,1712300826.9146075,7629826.98626686,138.0,-2.3223583632333573e-08,145.4,ASK
39,1712300826.9157352,7632259.57501899,138.0,-7.796093109960711e-07,145.4,ASK
40,1712300826.973412,7633800.71111899,137.9,-4.939117029213994e-07,145.4,ASK
41,1712300826.993533,7636062.16081899,137.9,-7.247617341509279e-07,145.4,ASK
42,1712300850.363555,7636062.16081899,137.9,-0.0,145.4,ASK
43,1712300871.9038897,7639667.39953393,137.9,-1.1541188189712164e-06,145.4,ASK
44,1712300871.905577,7640592.7514148,137.9,-2.962261598536281e-07,145.4,ASK
45,1712300871.9071152,7644038.95559782,137.9,-1.1032082522465217e-06,145.4,ASK
46,1712300880.2237568,7644038.95559782,137.9,-0.0,145.4,ASK
47,1712300885.3437696,7644165.09030142,137.9,-4.0364370530941634e-08,145.4,ASK
48,1712300885.3453913,7647076.40878134,137.8,-9.316511198210812e-07,145.4,ASK
49,1712300903.0185213,7648749.40878134,137.8,-5.353767834782212e-07,145.4,ASK
50,1712300910.2656467,7648749.40878134,137.8,-0.0,145.4,ASK
51,1712300937.34394,7648820.60550022,138.2,2.2778932583425173e-08,145.4,BID
52,1712300940.3353338,7648820.60550022,138.2,0.0,145.4,BID
53,1712300955.3138812,7649525.68722041,138.2,2.2558565425488689e-07,145.4,BID
54,1712300955.314684,7650054.25214369,138.3,1.6911041744513364e-07,145.4,BID
55,1712300955.3153715,7651471.99944369,138.2,4.53597708010845e-07,145.4,BID
56,1712300955.3160353,7652438.16804369,138.2,3.091184603291759e-07,145.4,BID
57,1712300970.3639033,7652438.16804369,138.2,0.0,145.4,BID
58,1712300973.0238364,7652655.55934803,138.0,6.954160690939849e-08,145.4,BID
59,1712301000.284042,7652655.55934803,138.0,0.0,145.4,BID
60,1712301022.404029,7653431.8377871,137.9,2.488671475648042e-07,145.4,BID
61,1712301030.254038,7653431.8377871,137.9,0.0,145.4,BID
62,1712301056.5741248,7653576.76532333,138.0,4.646073235165756e-08,145.4,BID
63,1712301057.3741035,7653627.55709367,138.0,1.6282777647529986e-08,145.4,BID
64,1712301060.3741589,7653627.55709367,138.0,0.0,145.4,BID
65,1712301090.3583322,7653627.55709367,138.0,0.0,145.4,BID
66,1712301091.4969969,7660460.82329436,138.0,2.1905830417041423e-06,145.4,BID
67,1712301120.234192,7660460.82329436,138.0,0.0,145.4,BID
68,1712301150.2773197,7660460.82329436,138.0,0.0,145.4,BID
69,1712301180.3439152,7660460.82329436,138.0,0.0,145.4,BID
70,1712301210.3558145,7660460.82329436,138.0,0.0,145.4,BID
71,1712301240.244582,7660460.82329436,138.0,0.0,145.4,BID
72,1712301267.1469226,7660823.14213493,138.0,-1.1611572333720713e-07,145.4,ASK
73,1712301270.2388868,7660823.14213493,138.0,-0.0,145.4,ASK
74,1712301289.971037,7662627.55709367,138.0,-5.782685507092931e-07,145.4,ASK
75,1712301289.972777,7662844.94839801,138.0,-6.966831763876774e-08,145.4,ASK
76,1712301300.293692,7662844.94839801,138.0,-0.0,145.4,ASK
77,1712301330.2399027,7662844.94839801,138.0,-0.0,145.4,ASK
78,1712301360.2721884,7662844.94839801,138.0,-0.0,145.4,ASK
79,1712301390.2399907,7662844.94839801,138.0,-0.0,145.4,ASK
80,1712301414.4084082,7663527.78163406,137.9,-2.18849498250422e-07,145.4,ASK
81,1712301414.4102447,7681926.00819155,137.9,-5.896670575230104e-06,145.4,ASK
82,1712301420.3581834,7681926.00819155,137.9,-0.0,145.4,ASK
83,1712301438.6309898,7682071.2289874,137.8,-4.6504354089878273e-08,145.4,ASK
84,1712301438.7303028,7687398.5580374,137.8,-1.705981536900019e-06,145.4,ASK
85,1712301448.447524,7691412.79841985,137.8,-1.2854884526304763e-06,145.4,ASK
86,1712301450.3475158,7691412.79841985,137.8,-0.0,145.4,ASK
87,1712301452.0474105,7712742.96628241,137.9,6.827745199850093e-06,145.4,BID
88,1712301480.266994,7712742.96628241,137.9,0.0,145.4,BID
89,1712301482.368005,7712742.96628301,138.0,1.9210300622080767e-16,145.4,BID
90,1712301482.3697026,7719989.34309401,138.0,2.3173691976012545e-06,145.4,BID
91,1712301510.260368,7719989.34309401,138.0,0.0,145.4,BID
92,1712301540.3559709,7719989.34309401,138.0,0.0,145.4,BID
93,1712301570.3640308,7719989.34309401,138.0,0.0,145.4,BID
94,1712301600.2651722,7719989.34309401,138.0,0.0,145.4,BID
95,1712301630.2546897,7719989.34309401,138.0,0.0,145.4,BID
96,1712301660.335721,7719989.34309401,138.0,0.0,145.4,BID
97,1712301690.3666694,7719989.34309401,138.0,0.0,145.4,BID
98,1712301696.8038392,7722989.34309401,138.0,9.597411175151018e-07,145.4,BID
99,1712301718.4139535,7723989.34309401,138.0,3.199137058383672e-07,145.4,BID
100,1712301720.2560732,7723989.34309401,138.0,0.0,145.4,BID
101,1712301750.235541,7723989.34309401,138.0,0.0,145.4,BID
102,1712301780.372872,7723989.34309401,138.0,0.0,145.4,BID
103,1712301810.3524,7723989.34309401,138.0,0.0,145.4,BID
104,1712301840.2622485,7723989.34309401,138.0,0.0,145.4,BID
105,1712301856.7024865,7724263.11321728,137.9,-8.756735095758425e-08,145.4,ASK
106,1712301856.704477,7724302.86241728,137.9,-1.2714068668486441e-08,145.4,ASK
107,1712301856.706393,7724447.89504962,137.9,-4.638973480658932e-08,145.4,ASK
108,1712301856.7078855,7731119.09959877,137.8,-2.133832951115544e-06,145.4,ASK
109,1712301865.7919235,7731620.03501802,137.8,-1.602278113498083e-07,145.4,ASK
110,1712301865.7930298,7733258.0265502,137.8,-5.23923420315219e-07,145.4,ASK
111,1712301870.302369,7733258.0265502,137.8,-0.0,145.4,ASK
112,1712301900.3620012,7733258.0265502,137.8,-0.0,145.4,ASK
113,1712301930.3514493,7733258.0265502,137.8,-0.0,145.4,ASK
114,1712301960.2511344,7733258.0265502,137.8,-0.0,145.4,ASK
115,1712301990.2436197,7733258.0265502,137.8,-0.0,145.4,ASK
116,1712301999.66092,7733534.09687394,137.8,-8.83260739498815e-08,145.4,ASK
117,1712301999.662854,7733758.85085962,137.8,-7.190789973631167e-08,145.4,ASK
118,1712302005.060819,7733831.26215578,138.1,2.3167305390824482e-08,145.4,BID
119,1712302020.37239,7733831.26215578,138.1,0.0,145.4,BID
120,1712302020.9608278,7734035.64066082,138.3,6.538730556028934e-08,145.4,BID
121,1712302020.9627943,7734038.96571363,138.1,1.0637921248299459e-09,145.4,BID
122,1712302020.9647536,7734751.15691998,138.4,2.2785304167800282e-07,145.4,BID
123,1712302050.350307,7734751.15691998,138.4,0.0,145.4,BID
124,1712302067.7002144,7735151.15691998,138.4,1.2796774840625281e-07,145.4,BID
125,1712302080.2403617,7735151.15691998,138.4,0.0,145.4,BID
126,1712302110.2543893,7735151.15691998,138.4,0.0,145.4,BID
127,1712302140.3495998,7735151.15691998,138.4,0.0,145.4,BID
128,1712302170.322023,7735151.15691998,138.4,0.0,145.4,BID
129,1712302200.4492629,7735151.15691998,138.4,0.0,145.4,BID
130,1712302230.3633296,7735151.15691998,138.4,0.0,145.4,BID
131,1712302231.799358,7735194.57226007,138.2,-1.3894531464028525e-08,145.4,ASK
132,1712302231.8015718,7735238.01903777,138.1,-1.3904592674586284e-08,145.4,ASK
133,1712302231.8092835,7737281.52882747,137.9,-6.539995082768038e-07,145.4,ASK
134,1712302231.8115644,7737325.00708834,138.0,-1.3914668465546845e-08,145.4,ASK
135,1712302231.8593462,7745816.24085034,137.9,2.7175121611858464e-06,145.4,BID
136,1712302231.8790612,7745816.24085126,137.9,2.944813354008442e-16,145.4,BID
137,1712302260.2521513,7745816.24085126,137.9,0.0,145.4,BID
138,1712302272.0389323,7747484.11612226,137.9,5.335312940817539e-07,145.4,BID
139,1712302272.1591003,7747484.1161232,137.9,3.0089698225796063e-16,145.4,BID
140,1712302290.238757,7747484.1161232,137.9,0.0,145.4,BID
141,1712302320.331904,7747484.1161232,137.9,0.0,145.4,BID
142,1712302350.3394103,7747484.1161232,137.9,0.0,145.4,BID
143,1712302366.3883903,7758149.2000542,137.9,3.411368651830572e-06,145.4,BID
144,1712302377.7882938,7758149.20005448,137.9,8.936876605023102e-17,145.4,BID
145,1712302380.2421143,7758149.20005448,137.9,0.0,145.4,BID
146,1712302410.21813,7758149.20005448,137.9,0.0,145.4,BID
147,1712302440.340006,7758149.20005448,137.9,0.0,145.4,BID
148,1712302470.3508546,7758149.20005448,137.9,0.0,145.4,BID
149,1712302500.2530906,7758149.20005448,137.9,0.0,145.4,BID
150,1712302507.4678204,7758616.35534055,137.9,-1.494604061517671e-07,145.4,ASK
151,1712302507.4702165,7758659.80211825,138.1,-1.390024523905703e-08,145.4,ASK
152,1712302507.4724565,7758877.35106676,137.9,-6.96020256469241e-08,145.4,ASK
153,1712302507.4746275,7758920.82932763,138.0,-1.391031787970225e-08,145.4,ASK
154,1712302525.0187318,7758964.18192878,138.4,1.3870114646742557e-08,145.4,BID
155,1712302530.2705183,7758964.18192878,138.4,0.0,145.4,BID
156,1712302560.3372269,7758964.18192878,138.4,0.0,145.4,BID
157,1712302590.3372176,7758964.18192878,138.4,0.0,145.4,BID
158,1712302620.267098,7758964.18192878,138.4,0.0,145.4,BID
159,1712302650.2399054,7758964.18192878,138.4,0.0,145.4,BID
160,1712302680.3284223,7758964.18192878,138.4,0.0,145.4,BID
161,1712302700.136698,7759325.45360508,138.4,1.1558013160100685e-07,145.4,BID
162,1712302710.3465636,7759325.45360508,138.4,0.0,145.4,BID
163,1712302740.226472,7759325.45360508,138.4,0.0,145.4,BID
164,1712302770.2482865,7759325.45360508,138.4,0.0,145.4,BID
165,1712302800.2579114,7759325.45360508,138.4,0.0,145.4,BID
166,1712302830.256005,7759325.45360508,138.4,0.0,145.4,BID
167,1712302836.46638,7759375.45360508,138.1,-1.6009277256982418e-08,145.4,ASK
168,1712302857.0061584,7759425.45360508,137.9,-1.6009277256982418e-08,145.4,ASK
169,1712302860.335955,7759425.45360508,137.9,-0.0,145.4,ASK
170,1712302890.349304,7759425.45360508,137.9,-0.0,145.4,ASK
171,1712302920.2716124,7759425.45360508,137.9,-0.0,145.4,ASK
172,1712302950.2456512,7759425.45360508,137.9,-0.0,145.4,ASK
173,1712302980.3388484,7759425.45360508,137.9,-0.0,145.4,ASK
174,1712303010.3277135,7759425.45360508,137.9,-0.0,145.4,ASK
175,1712303012.3353426,7781835.773109,137.9,-7.175428662050547e-06,145.4,ASK
176,1712303040.2619095,7781835.773109,137.9,-0.0,145.4,ASK
177,1712303070.2372909,7781835.773109,137.9,-0.0,145.4,ASK
178,1712303100.2707467,7781835.773109,137.9,-0.0,145.4,ASK
179,1712303130.2448678,7781835.773109,137.9,-0.0,145.4,ASK
180,1712303160.2747252,7781835.773109,137.9,-0.0,145.4,ASK
181,1712303190.2546146,7781835.773109,137.9,-0.0,145.4,ASK
182,1712303220.3484356,7781835.773109,137.9,-0.0,145.4,ASK
183,1712303230.8750207,7784258.38905102,138.0,-7.782477043898852e-07,145.4,ASK
184,1712303230.9957187,7791747.53333278,138.0,2.40583298575363e-06,145.4,BID
185,1712303250.3549864,7791747.53333278,138.0,0.0,145.4,BID
186,1712303280.2253687,7791747.53333278,138.0,0.0,145.4,BID
187,1712303310.2593024,7791747.53333278,138.0,0.0,145.4,BID
188,1712303340.3459108,7791747.53333278,138.0,0.0,145.4,BID
189,1712303347.9959502,7798381.71961746,138.0,2.1302479263754177e-06,145.4,BID
190,1712303370.346076,7798381.71961746,138.0,0.0,145.4,BID
191,1712303400.3001688,7798381.71961746,138.0,0.0,145.4,BID
192,1712303430.2573032,7798381.71961746,138.0,0.0,145.4,BID
193,1712303460.3506205,7798381.71961746,138.0,0.0,145.4,BID
194,1712303472.8467734,7912394.88384049,138.0,-3.66101745702864e-05,145.4,ASK
195,1712303490.3507888,7912394.88384049,138.0,-0.0,145.4,ASK
196,1712303520.2670968,7912394.88384049,138.0,-0.0,145.4,ASK
197,1712303550.247263,7912394.88384049,138.0,-0.0,145.4,ASK
198,1712303580.3397987,7912394.88384049,138.0,-0.0,145.4,ASK
199,1712303610.3413503,7912394.88384049,138.0,-0.0,145.4,ASK
200,1712303640.257595,7912394.88384049,138.0,-0.0,145.4,ASK
201,1712303670.23943,7912394.88384049,138.0,-0.0,145.4,ASK
202,1712303700.2977016,7912394.88384049,138.0,-0.0,145.4,ASK
203,1712303730.2579858,7912394.88384049,138.0,-0.0,145.4,ASK
204,1712303737.5279913,7914568.79688397,138.0,-6.948531903912294e-07,145.4,ASK
205,1712303760.3428822,7914568.79688397,138.0,-0.0,145.4,ASK
206,1712303790.3680503,7914568.79688397,138.0,-0.0,145.4,ASK
207,1712303820.2421722,7914568.79688397,138.0,-0.0,145.4,ASK
208,1712303850.2321343,7914568.79688397,138.0,-0.0,145.4,ASK
209,1712303880.368463,7914568.79688397,138.0,-0.0,145.4,ASK
210,1712303910.354568,7914568.79688397,138.0,-0.0,145.4,ASK
211,1712303940.248381,7914568.79688397,138.0,-0.0,145.4,ASK
212,1712303970.222843,7914568.79688397,138.0,-0.0,145.4,ASK
213,1712304000.3527107,7914568.79688397,138.0,-0.0,145.4,ASK
214,1712304003.878512,7934790.97969937,138.0,-6.463046453290482e-06,145.4,ASK
215,1712304025.078644,7935274.16421557,138.4,1.5442665127782865e-07,145.4,BID
216,1712304025.080707,7935513.52237278,138.4,7.649930292611218e-08,145.4,BID
217,1712304028.2884333,7940248.4376165,138.0,-1.5132875343826737e-06,145.4,ASK
218,1712304030.232367,7940248.4376165,138.0,-0.0,145.4,ASK
219,1712304055.6686082,7942081.91379437,138.4,5.853193374450064e-07,145.4,BID
220,1712304055.671296,7947466.0026454,138.4,1.718817706533002e-06,145.4,BID
221,1712304060.4033654,7947466.0026454,138.4,0.0,145.4,BID
222,1712304090.3496332,7947466.0026454,138.4,0.0,145.4,BID
223,1712304120.2627451,7947466.0026454,138.4,0.0,145.4,BID
224,1712304150.2286592,7947466.0026454,138.4,0.0,145.4,BID
225,1712304180.340153,7947466.0026454,138.4,0.0,145.4,BID
226,1712304210.3486092,7947466.0026454,138.4,0.0,145.4,BID
227,1712304240.2312586,7947466.0026454,138.4,0.0,145.4,BID
228,1712304270.233744,7947466.0026454,138.4,0.0,145.4,BID
229,1712304300.3699698,7947466.0026454,138.4,0.0,145.4,BID
230,1712304330.351237,7947466.0026454,138.4,0.0,145.4,BID
231,1712304351.348561,7947907.07576314,138.4,1.4076339051745466e-07,145.4,BID
232,1712304351.4685798,7956572.09988579,138.4,-2.7653423556409825e-06,145.4,ASK
233,1712304360.228549,7956572.09988579,138.4,-0.0,145.4,ASK
234,1712304390.2684605,7956572.09988579,138.4,-0.0,145.4,ASK
235,1712304420.3506842,7956572.09988579,138.4,-0.0,145.4,ASK
236,1712304450.3413577,7956572.09988579,138.4,-0.0,145.4,ASK
237,1712304480.2532177,7956572.09988579,138.4,-0.0,145.4,ASK
238,1712304510.2270467,7956572.09988579,138.4,-0.0,145.4,ASK
239,1712304540.3821144,7956572.09988579,138.4,-0.0,145.4,ASK
240,1712304563.558583,7959171.95602708,138.4,-8.293804745287511e-07,145.4,ASK
241,1712304570.344001,7959171.95602708,138.4,-0.0,145.4,ASK
242,1712304600.3000472,7959171.95602708,138.4,-0.0,145.4,ASK
243,1712304630.248525,7959171.95602708,138.4,-0.0,145.4,ASK
244,1712304660.3424947,7959171.95602708,138.4,-0.0,145.4,ASK
245,1712304690.3323145,7959171.95602708,138.4,-0.0,145.4,ASK
246,1712304694.3684163,7959984.68182187,138.4,-2.592380135274332e-07,145.4,ASK
247,1712304720.24288,7959984.68182187,138.4,-0.0,145.4,ASK
248,1712304727.3184173,7963597.39858487,138.5,1.152319665640494e-06,145.4,BID
249,1712304727.3983428,7971829.19311032,138.5,2.6256303323682093e-06,145.4,BID
250,1712304727.4806235,7983673.70439832,138.6,3.777949997865225e-06,145.4,BID
251,1712304727.4983544,7983673.70439877,138.6,1.434783323726177e-16,145.4,BID
252,1712304750.258323,7983673.70439877,138.6,0.0,145.4,BID
253,1712304780.350364,7983673.70439877,138.6,0.0,145.4,BID
254,1712304810.3427467,7983673.70439877,138.6,0.0,145.4,BID
255,1712304840.230065,7983673.70439877,138.6,0.0,145.4,BID
256,1712304845.2084272,7990157.85425467,138.8,2.0660350774120352e-06,145.4,BID
257,1712304866.018684,8007992.07926844,138.8,5.682492736249225e-06,145.4,BID
258,1712304866.021848,8018961.89603781,138.8,3.495296490977417e-06,145.4,BID
259,1712304870.2505066,8018961.89603781,138.8,0.0,145.4,BID
260,1712304889.098288,8019322.64639856,138.4,-1.1476624471904157e-07,145.4,ASK
261,1712304900.278139,8019322.64639856,138.4,-0.0,145.4,ASK
262,1712304930.2516117,8019322.64639856,138.4,-0.0,145.4,ASK
263,1712304953.9781456,8019360.50354141,138.4,-1.2055431797711156e-08,145.4,ASK
264,1712304960.3332129,8019360.50354141,138.4,-0.0,145.4,ASK
265,1712304965.4285066,8019398.68797945,138.8,1.2159637147231781e-08,145.4,BID
266,1712304983.8581038,8020211.83423305,138.8,2.589422261739801e-07,145.4,BID
267,1712304990.343296,8020211.83423305,138.8,0.0,145.4,BID
268,1712305015.6980948,8020255.06189875,138.8,1.3765108990719182e-08,145.4,BID
269,1712305020.251239,8020255.06189875,138.8,0.0,145.4,BID
270,1712305040.2685251,8020975.52299385,138.8,2.2941804488473001e-07,145.4,BID
271,1712305041.027906,8021138.692951,138.4,-5.195857598428477e-08,145.4,ASK
272,1712305046.678077,8021859.1540461,138.8,2.2941804488473001e-07,145.4,BID
273,1712305050.2379377,8021859.1540461,138.8,0.0,145.4,BID
274,1712305061.3280394,8029063.7649971,138.8,2.294017854562077e-06,145.4,BID
275,1712305072.9780345,8029106.9926628,138.8,1.3764107125169746e-08,145.4,BID
276,1712305075.5680127,8029150.2203285,138.8,1.3764107125466288e-08,145.4,BID
277,1712305078.3580253,8029193.4479942,138.8,1.3764107125466288e-08,145.4,BID
278,1712305080.3742414,8029193.4479942,138.8,0.0,145.4,BID
279,1712305097.3481598,8029236.6756599,138.8,1.3759647058987656e-08,145.4,BID
280,1712305110.3409624,8029236.6756599,138.8,0.0,145.4,BID
281,1712305140.2581666,8029236.6756599,138.8,0.0,145.4,BID
282,1712305170.2307303,8029236.6756599,138.8,0.0,145.4,BID
283,1712305200.3510444,8029236.6756599,138.8,0.0,145.4,BID
284,1712305230.217599,8029236.6756599,138.8,0.0,145.4,BID
285,1712305235.2279932,8038381.03008719,138.4,-2.917718580276822e-06,145.4,ASK
286,1712305260.34057,8038381.03008719,138.4,-0.0,145.4,ASK
287,1712305290.3479154,8038381.03008719,138.4,-0.0,145.4,ASK
288,1712305294.4679377,8039292.24307988,138.4,-2.906263020673762e-07,145.4,ASK
289,1712305317.5881565,8039652.47362743,138.8,1.1489352408933528e-07,145.4,BID
290,1712305320.2511275,8039652.47362743,138.8,0.0,145.4,BID
291,1712305328.7385807,8040223.2570022,138.8,1.8203794899733725e-07,145.4,BID
292,1712305328.7418828,8046221.26325279,138.8,1.9129231932715987e-06,145.4,BID
293,1712305340.02877,8047267.19820625,138.8,3.335763831405415e-07,145.4,BID
294,1712305340.1684089,8049842.38790625,138.9,8.212962605231484e-07,145.4,BID
295,1712305340.1715877,8053621.19880625,138.9,1.2051629677588665e-06,145.4,BID
296,1712305345.4883592,8054701.11241316,138.9,3.444130764592919e-07,145.4,BID
297,1712305348.0784085,8055455.71323635,138.9,2.4066220607891186e-07,145.4,BID
298,1712305350.0887945,8056534.84992699,139.0,3.4416529726592057e-07,145.4,BID
299,1712305350.2529151,8056534.84992699,139.0,0.0,145.4,BID
300,1712305379.298487,8057254.7923316,138.9,-2.294371761528636e-07,145.4,ASK
301,1712305380.3386033,8057254.7923316,138.9,-0.0,145.4,ASK
302,1712305391.3777547,8061085.06928792,139.0,1.2206253131264991e-06,145.4,BID
303,1712305391.380569,8068970.67896467,139.0,2.512970965452461e-06,145.4,BID
304,1712305391.488533,8074909.77119538,139.2,1.8926585195973347e-06,145.4,BID
305,1712305391.501006,8075125.44337367,139.1,6.872999607072842e-08,145.4,BID
306,1712305391.5084813,8075125.44337456,139.2,2.8373323956662525e-16,145.4,BID
307,1712305410.2307518,8075125.44337456,139.2,0.0,145.4,BID
308,1712305423.1505864,8075175.44337456,139.5,1.5921294610089862e-08,145.4,BID
309,1712305423.3685708,8078392.54817341,139.5,-1.0244094658803904e-06,145.4,ASK
310,1712305440.3589466,8078392.54817341,139.5,-0.0,145.4,ASK
311,1712305442.8790376,8085612.7647799,139.0,-2.2987703031485665e-06,145.4,ASK
312,1712305470.1251647,8086331.67204087,139.1,-2.288854687199637e-07,145.4,ASK
313,1712305470.1280382,8115612.98195763,139.0,-9.32257428585047e-06,145.4,ASK
314,1712305470.3487606,8115612.98195763,139.0,-0.0,145.4,ASK
315,1712305482.6388314,8116332.40641807,139.0,-2.286734624849853e-07,145.4,ASK
316,1712305482.6489172,8131380.88549548,139.0,-4.783251063857121e-06,145.4,ASK
317,1712305482.768921,8134282.91239548,139.0,9.224269898214736e-07,145.4,BID
318,1712305482.7723472,8141443.34829548,139.0,2.275988321488916e-06,145.4,BID
319,1712305482.7889342,8145613.19913536,139.0,1.3254125791306087e-06,145.4,BID
320,1712305500.224334,8145613.19913536,139.0,0.0,145.4,BID
321,1712305516.041253,8152807.44373967,139.5,2.284917424665713e-06,145.4,BID
322,1712305530.24888,8152807.44373967,139.5,0.0,145.4,BID
323,1712305560.3548148,8152807.44373967,139.5,0.0,145.4,BID
324,1712305582.239464,8156567.61153967,139.5,1.193861997985931e-06,145.4,BID
325,1712305582.242774,8169373.51172051,139.5,4.065903009941793e-06,145.4,BID
326,1712305582.3791606,8180784.99027863,139.5,-3.62317091044986e-06,145.4,ASK
327,1712305582.4591496,8190853.94194755,139.5,-3.196915509217647e-06,145.4,ASK
328,1712305590.351097,8190853.94194755,139.5,-0.0,145.4,ASK
329,1712305620.2731712,8190853.94194755,139.5,-0.0,145.4,ASK
330,1712305650.3021965,8190853.94194755,139.5,-0.0,145.4,ASK
331,1712305680.353761,8190853.94194755,139.5,-0.0,145.4,ASK
332,1712305710.3460834,8190853.94194755,139.5,-0.0,145.4,ASK
333,1712305740.2334528,8190853.94194755,139.5,-0.0,145.4,ASK
334,1712305745.3799343,8191570.78782569,139.8,2.272173361340363e-07,145.4,BID
335,1712305745.3834476,8234778.4832714,139.9,1.3695464756158954e-05,145.4,BID
336,1712305745.3868768,8236936.75739742,139.8,6.841042300940804e-07,145.4,BID
337,1712305745.3902626,8236973.81109844,139.9,1.1744844319229403e-08,145.4,BID
338,1712305745.3933518,8237031.74013536,139.9,1.8361661627900703e-08,145.4,BID
339,1712305745.3948724,8243870.57549615,139.9,2.167693224336939e-06,145.4,BID
340,1712305745.4596324,8248246.32568615,139.9,-1.3869735909474556e-06,145.4,ASK
341,1712305745.4630144,8255185.60742289,139.9,-2.1995315297014574e-06,145.4,ASK
342,1712305757.5298154,8255304.55002289,139.8,3.770101991088169e-08,145.4,BID
343,1712305757.533255,8255719.47447078,139.9,1.3151784870570773e-07,145.4,BID
344,1712305759.4600203,8258597.1723125,139.0,-9.12138658718016e-07,145.4,ASK
345,1712305759.463544,8258603.39660488,138.9,-1.97290265172187e-09,145.4,ASK
346,1712305770.2497666,8258603.39660488,138.9,-0.0,145.4,ASK
347,1712305800.3297253,8258603.39660488,138.9,-0.0,145.4,ASK
348,1712305830.2460103,8258603.39660488,138.9,-0.0,145.4,ASK
349,1712305860.3886883,8258603.39660488,138.9,-0.0,145.4,ASK
350,1712305890.3499978,8258603.39660488,138.9,-0.0,145.4,ASK
351,1712305920.2255998,8258603.39660488,138.9,-0.0,145.4,ASK
352,1712305950.2558975,8258603.39660488,138.9,-0.0,145.4,ASK
353,1712305980.2831008,8258603.39660488,138.9,-0.0,145.4,ASK
354,1712305993.5106783,8259323.85769999,138.8,-2.2770144424501201e-07,145.4,ASK
355,1712305993.5144691,8264370.72143467,138.7,-1.5950592878550582e-06,145.4,ASK
356,1712305993.518087,8265087.45686087,138.7,-2.265239480591196e-07,145.4,ASK
357,1712305993.5214603,8269400.88699613,138.9,-1.363257888752588e-06,145.4,ASK
358,1712305993.5248022,8278773.63393196,138.7,-2.9622529631583004e-06,145.4,ASK
359,1712306010.230559,8278773.63393196,138.7,-0.0,145.4,ASK
360,1712306011.590319,8279433.28301745,138.7,-2.0829759768108402e-07,145.4,ASK
361,1712306040.3632865,8279433.28301745,138.7,-0.0,145.4,ASK
362,1712306070.3569906,8279433.28301745,138.7,-0.0,145.4,ASK
363,1712306100.2717645,8279433.28301745,138.7,-0.0,145.4,ASK
364,1712306130.2303216,8279433.28301745,138.7,-0.0,145.4,ASK
365,1712306160.3364964,8279433.28301745,138.7,-0.0,145.4,ASK
366,1712306190.356363,8279433.28301745,138.7,-0.0,145.4,ASK
367,1712306220.2482378,8279433.28301745,138.7,-0.0,145.4,ASK
368,1712306250.2478263,8279433.28301745,138.7,-0.0,145.4,ASK
369,1712306280.3521268,8279433.28301745,138.7,-0.0,145.4,ASK
370,1712306310.361731,8279433.28301745,138.7,-0.0,145.4,ASK
371,1712306312.3617492,8284480.14675213,139.7,1.6031421053135768e-06,145.4,BID
372,1712306312.3634722,8286591.47915202,139.7,6.706671799591601e-07,145.4,BID
373,1712306340.2321703,8286591.47915202,139.7,0.0,145.4,BID
374,1712306367.3601985,8287308.21457822,139.5,2.2759954024737425e-07,145.4,BID
375,1712306367.364267,8298754.33115479,139.5,3.634717603200528e-06,145.4,BID
376,1712306370.2258878,8298754.33115479,139.5,0.0,145.4,BID
377,1712306381.9200516,8305204.25175989,138.6,-2.0470711907457724e-06,145.4,ASK
378,1712306381.93001,8305925.7524814,138.6,-2.289893832086309e-07,145.4,ASK
379,1712306381.9322045,8320345.36315191,138.7,-4.576485726356361e-06,145.4,ASK
380,1712306400.270082,8320345.36315191,138.7,-0.0,145.4,ASK
381,1712306430.231114,8320345.36315191,138.7,-0.0,145.4,ASK
382,1712306460.350104,8320345.36315191,138.7,-0.0,145.4,ASK
383,1712306490.3967211,8320345.36315191,138.7,-0.0,145.4,ASK
384,1712306520.263696,8320345.36315191,138.7,-0.0,145.4,ASK
385,1712306540.4610498,8320382.68404743,138.7,-1.186698833602002e-08,145.4,ASK
386,1712306550.2179284,8320382.68404743,138.7,-0.0,145.4,ASK
387,1712306580.289888,8320382.68404743,138.7,-0.0,145.4,ASK
388,1712306588.8135705,8334398.10100608,139.5,4.456498524479241e-06,145.4,BID
389,1712306588.8153162,8334708.85609044,139.5,9.881115767091545e-08,145.4,BID
390,1712306610.2364612,8334708.85609044,139.5,0.0,145.4,BID
391,1712306640.3473222,8334708.85609044,139.5,0.0,145.4,BID
392,1712306654.2898834,8335192.93428269,139.4,1.5382515841437874e-07,145.4,BID
393,1712306670.349851,8335192.93428269,139.4,0.0,145.4,BID
394,1712306700.2949536,8335192.93428269,139.4,0.0,145.4,BID
395,1712306730.238145,8335192.93428269,139.4,0.0,145.4,BID
396,1712306745.170665,8337342.68124625,138.6,-6.837884706398238e-07,145.4,ASK
397,1712306760.352178,8337342.68124625,138.6,-0.0,145.4,ASK
398,1712306790.356804,8337342.68124625,138.6,-0.0,145.4,ASK
399,1712306820.2417018,8337342.68124625,138.6,-0.0,145.4,ASK
400,1712306850.2680707,8337342.68124625,138.6,-0.0,145.4,ASK
401,1712306880.3598688,8337342.68124625,138.6,-0.0,145.4,ASK
402,1712306903.4604208,8338606.86115954,138.4,-4.020704515859499e-07,145.4,ASK
403,1712306903.4645574,8344398.65462984,138.6,-1.842070888498671e-06,145.4,ASK
404,1712306903.4668653,8345121.19798245,138.4,-2.2980378743598578e-07,145.4,ASK
405,1712306903.469032,8345193.45231771,138.4,-2.298037874327275e-08,145.4,ASK
406,1712306903.4712095,8402871.32442753,138.4,-1.834435735129025e-05,145.4,ASK
407,1712306903.473375,8406471.44938307,138.7,-1.1450141324213155e-06,145.4,ASK
408,1712306903.476056,8408471.44938307,138.5,-6.360968836146428e-07,145.4,ASK
409,1712306903.5679915,8411672.14086273,138.4,1.017974937811422e-06,145.4,BID
410,1712306910.339635,8411672.14086273,138.4,0.0,145.4,BID
411,1712306921.7300634,8412033.41253903,138.4,1.1452709206036869e-07,145.4,BID
412,1712306940.27085,8412033.41253903,138.4,0.0,145.4,BID
413,1712306970.249879,8412033.41253903,138.4,0.0,145.4,BID
414,1712307000.2559736,8412033.41253903,138.4,0.0,145.4,BID
415,1712307007.3600652,8412242.94241544,138.3,-6.646120019773006e-08,145.4,ASK
416,1712307007.3632555,8412382.94241544,138.3,-4.44068797589166e-08,145.4,ASK
417,1712307007.4398875,8413619.544137,138.3,-3.922401711351953e-07,145.4,ASK
418,1712307007.4433312,8415065.67573497,138.3,-4.587013713335162e-07,145.4,ASK
419,1712307007.5640976,8417719.56261557,138.2,-8.417916828608884e-07,145.4,ASK
420,1712307007.659809,8419311.89474392,138.2,-5.050750097134608e-07,145.4,ASK
421,1712307030.2197585,8419311.89474392,138.2,-0.0,145.4,ASK
422,1712307060.3568757,8419311.89474392,138.2,-0.0,145.4,ASK
423,1712307090.3480167,8419311.89474392,138.2,-0.0,145.4,ASK
424,1712307120.2496054,8419311.89474392,138.2,-0.0,145.4,ASK
425,1712307150.249771,8419311.89474392,138.2,-0.0,145.4,ASK
426,1712307158.199791,8422306.80535119,138.2,-9.49658591661114e-07,145.4,ASK
427,1712307158.2023048,8423019.11114564,138.2,-2.2586561213103974e-07,145.4,ASK
428,1712307158.2999544,8428814.67076363,138.2,-1.8377186188286023e-06,145.4,ASK
429,1712307158.3039198,8429538.25976508,138.2,-2.2944341323213575e-07,145.4,ASK
430,1712307180.3532112,8429538.25976508,138.2,-0.0,145.4,ASK
431,1712307210.3624396,8429538.25976508,138.2,-0.0,145.4,ASK
432,1712307240.240132,8429538.25976508,138.2,-0.0,145.4,ASK
433,1712307242.009873,8430262.37272671,138.1,-2.2950670522408014e-07,145.4,ASK
434,1712307242.0133965,8433846.39577462,138.0,-1.135951660525107e-06,145.4,ASK
435,1712307242.0166318,8433904.32481154,138.1,-1.836053641488013e-08,145.4,ASK
436,1712307270.2596593,8433904.32481154,138.1,-0.0,145.4,ASK
437,1712307300.2632692,8433904.32481154,138.1,-0.0,145.4,ASK
438,1712307330.2388067,8433904.32481154,138.1,-0.0,145.4,ASK
439,1712307360.35888,8433904.32481154,138.1,-0.0,145.4,ASK
440,1712307383.769976,8438064.07006538,138.1,1.3185860523613614e-06,145.4,BID
441,1712307383.8698409,8445343.62425959,138.1,2.3075255916300207e-06,145.4,BID
442,1712307383.9498627,8446301.79412959,138.1,3.037275961092688e-07,145.4,BID
443,1712307383.9707627,8448458.51591248,138.1,6.836532259084461e-07,145.4,BID
444,1712307383.973523,8450543.30582688,138.1,6.608517434316252e-07,145.4,BID
445,1712307390.3531864,8450543.30582688,138.1,0.0,145.4,BID
446,1712307394.0906644,8450593.30582688,138.0,-1.583782455614561e-08,145.4,ASK
447,1712307394.094957,8454941.13191383,138.0,-1.3772021353148035e-06,145.4,ASK
448,1712307394.0989983,8455941.13191383,137.9,-3.167564911229122e-07,145.4,ASK
449,1712307394.10193,8455980.95812671,137.9,-1.2615211446941804e-08,145.4,ASK
450,1712307394.103849,8465061.85520543,138.0,-2.8764330949033315e-06,145.4,ASK
451,1712307394.1057234,8469412.8341757,137.9,-1.3782008315724985e-06,145.4,ASK
452,1712307394.1076083,8473043.91623815,137.7,-1.1501688130807894e-06,145.4,ASK
453,1712307394.109527,8477691.81718154,137.8,-1.4722527939154146e-06,145.4,ASK
454,1712307394.1117067,8481035.27157759,137.6,-1.059060882721818e-06,145.4,ASK
455,1712307394.1136034,8481059.20125385,137.8,-7.579880286077995e-09,145.4,ASK
456,1712307394.115523,8490124.70662753,137.7,-2.871557672422497e-06,145.4,ASK
457,1712307394.117428,8490161.76032855,137.8,-1.1737000318458864e-08,145.4,ASK
458,1712307394.1193476,8502323.4785708,137.7,-3.852303196440743e-06,145.4,ASK
459,1712307394.121304,8502468.54391911,137.8,-4.595039071432414e-08,145.4,ASK
460,1712307394.1232457,8509730.70804401,137.7,-2.300337626161579e-06,145.4,ASK
461,1712307394.1251795,8520631.8708347,137.6,-3.453014074739087e-06,145.4,ASK
462,1712307394.127147,8522954.60198909,137.7,-7.357401702863462e-07,145.4,ASK
463,1712307420.2290795,8522954.60198909,137.7,-0.0,145.4,ASK
464,1712307447.9200718,8522998.35518909,137.7,-1.3815457198544905e-08,145.4,ASK
465,1712307450.2400255,8522998.35518909,137.7,-0.0,145.4,ASK
466,1712307465.8507576,8523238.00660521,137.7,7.567189561813757e-08,145.4,BID
467,1712307465.9701211,8531879.91670521,137.7,2.72875382761474e-06,145.4,BID
468,1712307466.050108,8535123.28915222,137.7,1.02412138945522e-06,145.4,BID
469,1712307480.3523629,8535123.28915222,137.7,0.0,145.4,BID
470,1712307510.3501496,8535123.28915222,137.7,0.0,145.4,BID
471,1712307522.5507002,8535850.56187949,137.5,-2.295213130817348e-07,145.4,ASK
472,1712307522.5552816,8543123.28915221,137.5,-2.29521313082499e-06,145.4,ASK
473,1712307522.5596323,8547101.97123647,137.6,-1.2556394624367616e-06,145.4,ASK
474,1712307522.5623624,8549668.74369768,137.5,-8.100523553123715e-07,145.4,ASK
475,1712307540.2503636,8549668.74369768,137.5,-0.0,145.4,ASK
476,1712307550.2703586,8549829.24396374,137.5,-5.06206114908925e-08,145.4,ASK
477,1712307550.2747505,8551556.51669101,137.5,-5.44769200775777e-07,145.4,ASK
478,1712307550.3503158,8552529.45798339,137.5,3.068585764616974e-07,145.4,BID
479,1712307563.3770757,8553257.26002124,137.4,-2.2954344627976946e-07,145.4,ASK
480,1712307563.379277,8553331.50002124,137.5,-2.3414753690718684e-08,145.4,ASK
481,1712307563.3813212,8554331.50002124,137.3,-3.153926951865327e-07,145.4,ASK
482,1712307563.383294,8555060.362995,137.2,-2.2987805771609405e-07,145.4,ASK
483,1712307563.385255,8556060.362995,137.3,-3.153926951865327e-07,145.4,ASK
484,1712307563.3872309,8563277.54521054,137.2,-2.2762465506113896e-06,145.4,ASK
485,1712307563.3892224,8564277.54521054,137.3,-3.153926951865327e-07,145.4,ASK
486,1712307563.3912024,8564377.54521054,137.2,-3.1539269518653274e-08,145.4,ASK
487,1712307563.3931792,8565105.34724838,137.4,-2.2954344627624466e-07,145.4,ASK
488,1712307563.3954296,8565337.92783627,137.1,-7.33542184626951e-08,145.4,ASK
489,1712307563.3973832,8570439.9686526,137.2,-1.6091464040144205e-06,145.4,ASK
490,1712307563.399366,8570604.97709152,137.1,-5.2042456279103626e-08,145.4,ASK
491,1712307563.401332,8570642.19283496,137.2,-1.1737573627269998e-08,145.4,ASK
492,1712307563.4033067,8570714.97303874,137.4,-2.2954344626449536e-08,145.4,ASK
493,1712307563.4052932,8572890.46252387,137.2,-6.861334920650228e-07,145.4,ASK
494,1712307563.4072711,8580184.40854866,137.1,-2.3004572953037427e-06,145.4,ASK
495,1712307563.409257,8580913.27152243,137.2,-2.2987805771903135e-07,145.4,ASK
496,1712307563.4112422,8581906.76276969,137.1,-3.1333988211727136e-07,145.4,ASK
497,1712307563.4132326,8587008.80358602,137.2,-1.609146404013833e-06,145.4,ASK
498,1712307570.263938,8587008.80358602,137.2,-0.0,145.4,ASK
499,1712307585.8003657,8587225.88028645,138.2,6.83539477289532e-08,145.4,BID
500,1712307600.32042,8587225.88028645,138.2,0.0,145.4,BID
501,1712307630.2364602,8587225.88028645,138.2,0.0,145.4,BID
502,1712307660.3503356,8587225.88028645,138.2,0.0,145.4,BID
503,1712307690.353413,8587225.88028645,138.2,0.0,145.4,BID
504,1712307720.2306666,8587225.88028645,138.2,0.0,145.4,BID
505,1712307750.2240367,8587225.88028645,138.2,0.0,145.4,BID
506,1712307780.3348258,8587225.88028645,138.2,0.0,145.4,BID
507,1712307810.351326,8587225.88028645,138.2,0.0,145.4,BID
508,1712307840.2541294,8587225.88028645,138.2,0.0,145.4,BID
509,1712307861.3010192,8587269.51665008,137.5,-1.3745742077314132e-08,145.4,ASK
510,1712307861.3045957,8588726.18088897,137.3,-4.5885883366172694e-07,145.4,ASK
511,1712307861.3079877,8588769.59622905,137.7,-1.3676118202590534e-08,145.4,ASK
512,1712307861.311592,8592674.05193881,137.3,-1.2299292762419196e-06,145.4,ASK
513,1712307864.521204,8594308.50343451,137.3,-5.148629910530118e-07,145.4,ASK
514,1712307870.244909,8594308.50343451,137.3,-0.0,145.4,ASK
515,1712307871.5442548,8609018.5668959,137.3,-4.632347871359963e-06,145.4,ASK
516,1712307900.3438048,8609018.5668959,137.3,-0.0,145.4,ASK
517,1712307930.3411386,8609018.5668959,137.3,-0.0,145.4,ASK
518,1712307931.9107072,8609031.5668959,137.8,4.092705670857136e-09,145.4,BID
519,1712307960.247051,8609031.5668959,137.8,0.0,145.4,BID
520,1712307990.2375915,8609031.5668959,137.8,0.0,145.4,BID
521,1712308016.8909397,8610471.84773981,137.8,4.534340194666717e-07,145.4,BID
522,1712308016.900938,8612660.01392057,137.8,6.888857758528995e-07,145.4,BID
523,1712308020.358529,8612660.01392057,137.8,0.0,145.4,BID
524,1712308036.0708802,8615636.76872858,137.8,-9.370043824701082e-07,145.4,ASK
525,1712308036.1509538,8616288.46094524,137.8,-2.051356266857665e-07,145.4,ASK
526,1712308050.390022,8616288.46094524,137.8,-0.0,145.4,ASK
527,1712308074.8610466,8616361.02988573,137.8,2.2839205590590377e-08,145.4,BID
528,1712308080.2173474,8616361.02988573,137.8,0.0,145.4,BID
529,1712308110.3136802,8616361.02988573,137.8,0.0,145.4,BID
530,1712308140.3513782,8616361.02988573,137.8,0.0,145.4,BID
531,1712308170.3313804,8616361.02988573,137.8,0.0,145.4,BID
532,1712308200.310896,8616361.02988573,137.8,0.0,145.4,BID
533,1712308230.2981317,8616361.02988573,137.8,0.0,145.4,BID
534,1712308255.8513663,8617539.92388573,137.6,-3.710555163251285e-07,145.4,ASK
535,1712308255.9100468,8617814.51825782,137.6,-8.642825946680913e-08,145.4,ASK
536,1712308260.3561554,8617814.51825782,137.6,-0.0,145.4,ASK
537,1712308269.621544,8617911.24195554,137.3,-3.044175513845193e-08,145.4,ASK
538,1712308290.3562157,8617911.24195554,137.3,-0.0,145.4,ASK
539,1712308303.5114484,8618274.61404856,137.6,1.1436326677733304e-07,145.4,BID
540,1712308320.2501326,8618274.61404856,137.6,0.0,145.4,BID
541,1712308348.6818962,8619929.42348995,137.3,-5.208061906564901e-07,145.4,ASK
542,1712308348.6866744,8635928.92824727,137.2,-5.035408257063941e-06,145.4,ASK
543,1712308348.6913283,8637678.71613555,137.3,-5.506980693718346e-07,145.4,ASK
544,1712308348.6950157,8639135.38037444,137.3,-4.584453861251208e-07,145.4,ASK
545,1712308350.2519011,8639135.38037444,137.3,-0.0,145.4,ASK
546,1712308380.3515525,8639135.38037444,137.3,-0.0,145.4,ASK
547,1712308389.4918242,8642782.35338683,137.1,-1.146752271092368e-06,145.4,ASK
548,1712308389.496781,8643146.78487371,137.2,-1.1459164458190192e-07,145.4,ASK
549,1712308389.501865,8643876.17947618,137.1,-2.293504542160137e-07,145.4,ASK
550,1712308389.5044568,8643916.29617931,137.1,-1.26142749801354e-08,145.4,ASK
551,1712308389.5066676,8643953.15749317,137.0,-1.1590652094707044e-08,145.4,ASK
552,1712308389.5088415,8644575.2791005,137.1,-1.9561959018542565e-07,145.4,ASK
553,1712308389.5110607,8644619.2791005,137.0,-1.3835336800313492e-08,145.4,ASK
554,1712308389.5135572,8654619.2791005,137.1,-3.144394727343976e-06,145.4,ASK
555,1712308389.5157676,8670485.66355601,137.2,-4.9890175623916434e-06,145.4,ASK
556,1712308389.5180175,8671256.02063904,137.0,-2.422306750051759e-07,145.4,ASK
557,1712308389.5202456,8671346.06440271,137.1,-2.8313313571752058e-08,145.4,ASK
558,1712308389.522437,8679849.61445249,137.0,-2.673851794023363e-06,145.4,ASK
559,1712308389.524659,8681308.40365744,137.1,-4.587009084349559e-07,145.4,ASK
560,1712308389.526876,8682038.33066473,137.0,-2.2951786330673962e-07,145.4,ASK
561,1712308389.5304475,8683695.9908857,137.0,-5.212338058544246e-07,145.4,ASK
562,1712308389.532676,8688467.66194033,137.0,-1.5004017304803066e-06,145.4,ASK
563,1712308389.5349276,8695607.27613828,137.0,-2.244976523930085e-06,145.4,ASK
564,1712308389.5514076,8702433.43542297,137.0,2.14641392627906e-06,145.4,BID
565,1712308389.5742395,8714912.19150039,137.0,3.923813481365093e-06,145.4,BID
566,1712308408.4414544,8714925.19150039,137.8,4.087713145547168e-09,145.4,BID
567,1712308410.3364255,8714925.19150039,137.8,0.0,145.4,BID
568,1712308440.247376,8714925.19150039,137.8,0.0,145.4,BID
569,1712308468.7438736,8715506.17915471,137.7,1.820906644074838e-07,145.4,BID
570,1712308470.2568665,8715506.17915471,137.7,0.0,145.4,BID
571,1712308500.2495365,8715506.17915471,137.7,0.0,145.4,BID
572,1712308530.2565072,8715506.17915471,137.7,0.0,145.4,BID
573,1712308560.2411678,8715506.17915471,137.7,0.0,145.4,BID
574,1712308590.2577543,8715506.17915471,137.7,0.0,145.4,BID
575,1712308620.3441155,8715506.17915471,137.7,0.0,145.4,BID
576,1712308649.101508,8717596.6813611,136.9,-6.559531856298624e-07,145.4,ASK
577,1712308649.106755,8719057.60174093,136.9,-4.584043844453927e-07,145.4,ASK
578,1712308649.1108603,8727705.60320078,137.0,-2.713550882454852e-06,145.4,ASK
579,1712308650.369313,8727705.60320078,137.0,-0.0,145.4,ASK
580,1712308655.481317,8727762.16428675,136.9,-1.7738312775701176e-08,145.4,ASK
581,1712308680.2303,8727762.16428675,136.9,-0.0,145.4,ASK
582,1712308694.101244,8728391.09510436,136.9,-1.972406341668911e-07,145.4,ASK
583,1712308697.071457,8728404.09510436,137.7,4.0769639082322975e-09,145.4,BID
584,1712308710.2434409,8728404.09510436,137.7,0.0,145.4,BID
585,1712308715.645673,8728477.19451956,136.8,-2.292426639223313e-08,145.4,ASK
586,1712308715.6511917,8730596.2458191,136.8,-6.645428880025016e-07,145.4,ASK
587,1712308715.653429,8735608.70605536,136.9,-1.571927400779711e-06,145.4,ASK
588,1712308740.362461,8735608.70605536,136.9,-0.0,145.4,ASK
589,1712308746.4620051,8739015.37720838,136.7,-1.068015302931146e-06,145.4,ASK
590,1712308746.4715345,8742826.27108426,136.8,-1.194741962011317e-06,145.4,ASK
591,1712308770.343506,8742826.27108426,136.8,-0.0,145.4,ASK
592,1712308776.5988233,8743070.94178043,136.7,-7.668225108530967e-08,145.4,ASK
593,1712308776.6012464,8743243.34946144,136.7,-5.4034297082951126e-08,145.4,ASK
594,1712308791.0811622,8743281.53389948,136.7,-1.1967386005831275e-08,145.4,ASK
595,1712308800.2921164,8743281.53389948,136.7,-0.0,145.4,ASK
596,1712308817.4060578,8743354.15554072,137.7,2.282056960584296e-08,145.4,BID
597,1712308830.221239,8743354.15554072,137.7,0.0,145.4,BID
598,1712308860.355929,8743354.15554072,137.7,0.0,145.4,BID
599,1712308890.793433,8743354.15554072,137.7,0.0,145.4,BID
600,1712308920.3088405,8743354.15554072,137.7,0.0,145.4,BID
601,1712308925.831176,8756201.07285984,137.0,-4.036992894050423e-06,145.4,ASK
602,1712308950.253221,8756201.07285984,137.0,-0.0,145.4,ASK
603,1712308980.3392766,8756201.07285984,137.0,-0.0,145.4,ASK
604,1712309010.3712862,8756201.07285984,137.0,-0.0,145.4,ASK
605,1712309040.243799,8756201.07285984,137.0,-0.0,145.4,ASK
606,1712309046.8585155,8756214.07285984,137.5,4.0828392408807905e-09,145.4,BID
607,1712309048.56608,8756527.0656164,136.7,-9.829993143049482e-08,145.4,ASK
608,1712309050.1466782,8756683.56199468,136.7,-4.914996571466242e-08,145.4,ASK
609,1712309051.7712514,8756761.81018382,136.7,-2.4574982857623706e-08,145.4,ASK
610,1712309053.3811913,8756800.93427839,136.7,-1.2287491428811853e-08,145.4,ASK
611,1712309060.9112444,8758208.39381392,136.7,-4.420331555086977e-07,145.4,ASK
612,1712309062.2313375,8758221.39381392,137.5,4.0828392408807905e-09,145.4,BID
613,1712309070.2511263,8758221.39381392,137.5,0.0,145.4,BID
614,1712309082.901243,8760039.5756321,137.5,5.709769383100906e-07,145.4,BID
615,1712309088.971466,8760330.484723,137.5,9.135631012643245e-08,145.4,BID
616,1712309100.345081,8760330.484723,137.5,0.0,145.4,BID
617,1712309130.3512845,8760330.484723,137.5,0.0,145.4,BID
618,1712309141.4403543,8761060.41173029,137.0,-2.2923943614148245e-07,145.4,ASK
619,1712309141.4428742,8761099.18276174,136.7,-1.217635366217578e-08,145.4,ASK
620,1712309141.4452715,8772794.56864905,136.7,-3.673029822830289e-06,145.4,ASK
621,1712309141.447629,8772876.41344905,136.6,-2.5704016450921693e-08,145.4,ASK
622,1712309141.4499848,8773022.71922812,136.7,-4.594850438910093e-08,145.4,ASK
623,1712309141.4523413,8777060.76754412,136.6,-1.268181489145311e-06,145.4,ASK
624,1712309141.4546993,8777426.53199181,136.7,-1.1487126097743213e-07,145.4,ASK
625,1712309141.4570825,8811286.85410015,136.6,-1.0634105972468902e-05,145.4,ASK
626,1712309141.4594517,8877155.75115345,136.5,-2.068665588334537e-05,145.4,ASK
627,1712309141.461872,8877887.81557512,136.6,-2.2991070828535402e-07,145.4,ASK
628,1712309141.4642386,8878254.11594142,136.5,-1.1503957051963745e-07,145.4,ASK
629,1712309141.4666216,8878505.95194142,136.7,-7.909111741776785e-08,145.4,ASK
630,1712309141.4690058,8878955.95194142,136.6,-1.4132611238309557e-07,145.4,ASK
631,1712309141.4713905,8882618.95560442,136.5,-1.1503957051928643e-06,145.4,ASK
632,1712309141.473773,8884083.08444775,136.6,-4.598214165689531e-07,145.4,ASK
633,1712309141.4761534,8885548.28591295,136.5,-4.601582820767949e-07,145.4,ASK
634,1712309141.4785392,8889208.60802129,136.6,-1.1495535414256e-06,145.4,ASK
635,1712309141.4809494,8912203.2724171,136.5,-7.221658943586571e-06,145.4,ASK
636,1712309142.8118882,8912276.53249036,136.5,2.3007914103693498e-08,145.4,BID
637,1712309153.8082347,8913437.55319936,136.5,3.646278737762442e-07,145.4,BID
638,1712309153.993891,8932939.46608036,136.5,6.124732292234534e-06,145.4,BID
639,1712309154.0653365,8937944.56809227,136.5,1.571892465386687e-06,145.4,BID
640,1712309160.223256,8937944.56809227,136.5,0.0,145.4,BID
641,1712309169.912192,8938677.70592218,136.4,-2.2850741356693298e-07,145.4,ASK
642,1712309169.916567,8939394.14653801,136.4,-2.2330315722118162e-07,145.4,ASK
643,1712309169.9208448,8939885.61266867,136.4,-1.5318218456507313e-07,145.4,ASK
644,1712309169.9239297,8940068.89706867,136.4,-5.712683547661816e-08,145.4,ASK
645,1712309190.2338169,8940068.89706867,136.4,-0.0,145.4,ASK
646,1712309202.7520812,8944918.89706867,137.4,1.5115314326050233e-06,145.4,BID
647,1712309202.7576857,8945834.39132299,137.4,2.853192457268612e-07,145.4,BID
648,1712309209.1001854,8946494.21536991,137.4,2.056381003931763e-07,145.4,BID
649,1712309220.366821,8946494.21536991,137.4,0.0,145.4,BID
650,1712309250.3534536,8946494.21536991,137.4,0.0,145.4,BID
651,1712309262.2718873,8947454.21682441,137.3,2.991078830412487e-07,145.4,BID
652,1712309262.3846312,8950729.79222441,137.3,-1.020571811681178e-06,145.4,ASK
653,1712309262.3917704,8959208.46154616,137.3,-2.641701030708135e-06,145.4,ASK
654,1712309269.9630315,8960665.12578505,137.3,4.538532256945143e-07,145.4,BID
655,1712309280.2035663,8960665.12578505,137.3,0.0,145.4,BID
656,1712309297.5319817,8962456.38490914,137.0,-5.577649106202271e-07,145.4,ASK
657,1712309297.6319764,8966038.90315731,137.0,-1.1155298212381342e-06,145.4,ASK
658,1712309297.7119565,8967830.16228131,137.0,-5.577649105923875e-07,145.4,ASK
659,1712309297.7521088,8967830.1622814,137.0,-2.7839673433013357e-17,145.4,ASK
660,1712309308.7619913,8969830.1622814,136.6,-6.227629527401688e-07,145.4,ASK
661,1712309310.2219162,8969830.1622814,136.6,-0.0,145.4,ASK
662,1712309318.2519772,8975210.898758,136.8,-1.6748072796538458e-06,145.4,ASK
663,1712309318.2618308,8975650.61289616,136.6,-1.368653608588566e-07,145.4,ASK
664,1712309323.8217916,8976650.61289616,136.8,-3.1125985948898885e-07,145.4,ASK
665,1712309336.8922284,8977871.22086634,136.6,-3.799262652893637e-07,145.4,ASK
666,1712309336.895907,8990464.80581612,136.6,-3.919877481931247e-06,145.4,ASK
667,1712309336.991992,8990548.60863668,136.6,2.608445415215925e-08,145.4,BID
668,1712309340.344533,8990548.60863668,136.6,0.0,145.4,BID
669,1712309370.3618648,8990548.60863668,136.6,0.0,145.4,BID
670,1712309390.6319888,8990598.60863668,137.2,1.5549289290616755e-08,145.4,BID
671,1712309395.1320183,8991327.47161044,137.2,2.2666602464452201e-07,145.4,BID
672,1712309399.966838,8991546.13050256,137.2,6.799980739057617e-08,145.4,BID
673,1712309400.344566,8991546.13050256,137.2,0.0,145.4,BID
674,1712309402.7954175,8991764.78939468,137.2,6.803101729738099e-08,145.4,BID
675,1712309404.802126,8991983.4482868,137.2,6.803101729680146e-08,145.4,BID
676,1712309430.2546794,8991983.4482868,137.2,0.0,145.4,BID
677,1712309442.6427748,8993490.35790779,137.2,4.688338067677177e-07,145.4,BID
678,1712309460.3441954,8993490.35790779,137.2,0.0,145.4,BID
679,1712309462.6622174,8994243.43735385,137.2,2.342850488315355e-07,145.4,BID
680,1712309488.0621867,8994419.10061915,137.2,5.4649316090513454e-08,145.4,BID
681,1712309490.3346066,8994419.10061915,137.2,0.0,145.4,BID
682,1712309520.288949,8994419.10061915,137.2,0.0,145.4,BID
683,1712309532.096511,8994749.57450668,137.2,1.0280724315956324e-07,145.4,BID
684,1712309532.102446,8995068.78835406,137.4,9.930435313019036e-08,145.4,BID
685,1712309545.2529352,8997068.78835406,136.6,-6.22180735235681e-07,145.4,ASK
686,1712309545.2588117,8997245.04722316,136.6,-5.483243638433647e-08,145.4,ASK
687,1712309545.261499,9003389.46219516,136.5,-1.9114683124359887e-06,145.4,ASK
688,1712309545.2642212,9003462.66863732,136.6,-2.2773819003714042e-08,145.4,ASK
689,1712309545.26717,9004196.34435265,136.3,-2.2823944799401978e-07,145.4,ASK
690,1712309545.2698047,9006785.63121985,136.3,-8.055022033857079e-07,145.4,ASK
691,1712309545.2724702,9011921.36122719,136.3,-1.597676135969148e-06,145.4,ASK
692,1712309545.2751656,9013042.79832233,136.4,-3.4886827818712935e-07,145.4,ASK
693,1712309545.277838,9021113.23119101,136.3,-2.51063392795276e-06,145.4,ASK
694,1712309545.2805111,9021213.23119101,136.5,-3.110903676178405e-08,145.4,ASK
695,1712309545.28321,9030744.02297987,136.4,-2.964937521285913e-06,145.4,ASK
696,1712309545.2858927,9065184.8670138,136.3,-1.0714214831584132e-05,145.4,ASK
697,1712309550.26139,9065184.8670138,136.3,-0.0,145.4,ASK
698,1712309580.2942295,9065184.8670138,136.3,-0.0,145.4,ASK
699,1712309604.8357215,9066520.65641193,136.7,-4.143075818383305e-07,145.4,ASK
700,1712309610.261791,9066520.65641193,136.7,-0.0,145.4,ASK
701,1712309625.1320002,9067522.49846053,136.7,-3.107130888802488e-07,145.4,ASK
702,1712309630.0919888,9072734.20547252,136.8,-1.6163681553392146e-06,145.4,ASK
703,1712309632.0020552,9077489.24568557,136.7,-1.47473669568329e-06,145.4,ASK
704,1712309640.360062,9077489.24568557,136.7,-0.0,145.4,ASK
705,1712309670.3620918,9077489.24568557,136.7,-0.0,145.4,ASK
706,1712309700.252086,9077489.24568557,136.7,-0.0,145.4,ASK
707,1712309730.2499664,9077489.24568557,136.7,-0.0,145.4,ASK
708,1712309760.3520849,9077489.24568557,136.7,-0.0,145.4,ASK
709,1712309762.511999,9077595.90040393,136.6,3.3069629927810153e-08,145.4,BID
710,1712309765.6221595,9077690.62028896,136.6,2.9369085521384252e-08,145.4,BID
711,1712309765.6259956,9077691.89162558,136.6,3.94193826060902e-10,145.4,BID
712,1712309790.3552792,9077691.89162558,136.6,0.0,145.4,BID
713,1712309792.892156,9081131.77386356,136.6,1.0665693745300687e-06,145.4,BID
714,1712309792.9023073,9083215.38357287,136.6,6.460437162319321e-07,145.4,BID
715,1712309820.242241,9083215.38357287,136.6,0.0,145.4,BID
716,1712309825.3018997,9083272.14156655,136.3,-1.7594259016509647e-08,145.4,ASK
717,1712309850.251892,9083272.14156655,136.3,-0.0,145.4,ASK
718,1712309853.3021362,9083295.38357287,136.3,-7.2047102463437915e-09,145.4,ASK
719,1712309853.3121552,9083368.7511444,136.3,-2.2742963195822723e-08,145.4,ASK
720,1712309853.3167405,9085819.7467444,136.4,-7.597757641724546e-07,145.4,ASK
721,1712309853.3212764,9089360.2244444,136.4,-1.097500603450078e-06,145.4,ASK
722,1712309853.3260424,9095787.06981671,136.3,-1.9922358709925537e-06,145.4,ASK
723,1712309866.0219514,9096096.36151545,136.3,-9.58762785055864e-08,145.4,ASK
724,1712309869.7530675,9096132.96473653,136.6,1.1346507626590468e-08,145.4,BID
725,1712309880.3438687,9096132.96473653,136.6,0.0,145.4,BID
726,1712309910.372768,9096132.96473653,136.6,0.0,145.4,BID
727,1712309940.2553556,9096132.96473653,136.6,0.0,145.4,BID
728,1712309948.2621765,9100546.5566463,136.5,1.367411009551102e-06,145.4,BID
729,1712309948.2678907,9101588.4163616,136.5,3.2278708005489937e-07,145.4,BID
730,1712309948.3621418,9103198.38581408,136.6,4.987978044568862e-07,145.4,BID
731,1712309948.3677163,9103573.5069476,136.6,1.1621934659481677e-07,145.4,BID
732,1712309948.382092,9103573.50694834,136.6,2.2967836885107474e-16,145.4,BID
733,1712309948.386778,9105187.89348688,136.7,5.001662980174603e-07,145.4,BID
734,1712309948.522826,9110187.89348688,136.5,-1.549090896378755e-06,145.4,ASK
735,1712309970.2545557,9110187.89348688,136.5,-0.0,145.4,ASK
736,1712310000.2720282,9110187.89348688,136.5,-0.0,145.4,ASK
737,1712310030.2409122,9110187.89348688,136.5,-0.0,145.4,ASK
738,1712310044.2022896,9111187.89348688,136.5,-3.0978036665463324e-07,145.4,ASK
739,1712310044.212061,9111920.49421948,136.5,-2.2694532355637894e-07,145.4,ASK
740,1712310044.2753272,9113774.33083648,136.5,5.742821869321692e-07,145.4,BID
741,1712310044.302042,9120618.52467548,136.5,2.1201968769003915e-06,145.4,BID
742,1712310044.36219,9123081.06467548,136.5,7.628465441020006e-07,145.4,BID
743,1712310046.235317,9123813.66540808,136.5,2.2694532355637894e-07,145.4,BID
744,1712310055.5792685,9124545.90002337,136.5,2.2683190760134e-07,145.4,BID
745,1712310060.3418891,9124545.90002337,136.5,0.0,145.4,BID
746,1712310063.562083,9125278.13463866,136.5,2.2669427502539645e-07,145.4,BID
747,1712310071.1347525,9125654.55963866,136.4,-1.16538320771335e-07,145.4,ASK
748,1712310071.142245,9125927.82237357,136.4,-8.460006709380614e-08,145.4,ASK
749,1712310071.2898457,9126012.66947357,136.5,2.62680176826126e-08,145.4,BID
750,1712310072.582209,9126744.90408886,136.5,2.2669427502539645e-07,145.4,BID
751,1712310079.13238,9127477.13870415,136.5,2.2669427502539645e-07,145.4,BID
752,1712310082.6420708,9128058.12635847,136.4,-1.7986936474220085e-07,145.4,ASK
753,1712310090.345585,9128058.12635847,136.4,-0.0,145.4,ASK
754,1712310090.4954965,9128790.36097376,136.5,2.266606416806571e-07,145.4,BID
755,1712310097.1621816,9129522.59558905,136.5,2.2666064168008055e-07,145.4,BID
756,1712310108.9621909,9132879.12669982,136.4,-1.0390023627694443e-06,145.4,ASK
757,1712310108.9722655,9140273.28859894,136.4,-2.288836727665661e-06,145.4,ASK
758,1712310114.1048138,9143940.56132621,136.4,1.1351913337927944e-06,145.4,BID
759,1712310120.2320154,9143940.56132621,136.4,0.0,145.4,BID
760,1712310132.1327012,9144545.01088146,136.4,1.8697983184711905e-07,145.4,BID
761,1712310144.022245,9147606.25047577,136.4,-9.46960849944365e-07,145.4,ASK
762,1712310144.028274,9148641.32785033,136.4,-3.201898185930793e-07,145.4,ASK
763,1712310150.224097,9148641.32785033,136.4,-0.0,145.4,ASK
764,1712310180.3420358,9148641.32785033,136.4,-0.0,145.4,ASK
765,1712310210.3420062,9148641.32785033,136.4,-0.0,145.4,ASK
766,1712310240.2419744,9148641.32785033,136.4,-0.0,145.4,ASK
767,1712310263.6821804,9149437.13855079,136.4,-2.46126483024654e-07,145.4,ASK
768,1712310264.7251952,9156861.0435248,136.3,-2.29604806835025e-06,145.4,ASK
769,1712310270.2420924,9156861.0435248,136.3,-0.0,145.4,ASK
770,1712310271.6121373,9156879.0435248,136.4,5.565069721849394e-09,145.4,BID
771,1712310277.35215,9156897.0435248,136.4,5.565069721849394e-09,145.4,BID
772,1712310282.0722768,9158731.10808826,136.3,-5.670387316684322e-07,145.4,ASK
773,1712310282.0762813,9159531.10808826,136.3,-2.473364320821953e-07,145.4,ASK
774,1712310282.0798154,9161510.46516241,136.3,-6.119588956708192e-07,145.4,ASK
775,1712310300.2643883,9161510.46516241,136.3,-0.0,145.4,ASK
776,1712310323.6521804,9162244.67955302,136.2,-2.270264803297821e-07,145.4,ASK
777,1712310330.2245114,9162244.67955302,136.2,-0.0,145.4,ASK
778,1712310332.852136,9162362.06766747,136.3,3.6296464317162526e-08,145.4,BID
779,1712310341.0822568,9172362.06766747,136.3,3.092005054144051e-06,145.4,BID
780,1712310349.4335432,9172362.50371686,136.3,1.3482669195428738e-10,145.4,BID
781,1712310349.440082,9173217.06766747,136.3,2.642316054373621e-07,145.4,BID
782,1712310351.4020865,9173437.17038207,136.3,6.80558705974154e-08,145.4,BID
783,1712310354.9920845,9174103.46510488,136.3,2.060186650479228e-07,145.4,BID
784,1712310355.0946963,9175602.62823118,136.3,4.635419963509152e-07,145.4,BID
785,1712310355.19217,9177268.36503819,136.3,5.150466626146236e-07,145.4,BID
786,1712310355.1984944,9178767.52816449,136.3,4.635419963503392e-07,145.4,BID
787,1712310360.3503327,9178767.52816449,136.3,0.0,145.4,BID
788,1712310361.2822032,9183467.52816449,136.3,-1.4522311296808495e-06,145.4,ASK
789,1712310361.382272,9191626.77878806,136.3,2.521088883067518e-06,145.4,BID
790,1712310390.3429787,9191626.77878806,136.3,0.0,145.4,BID
791,1712310399.2047114,9191773.51393112,136.3,-4.531446839447663e-08,145.4,ASK
792,1712310399.3820431,9196144.98799684,136.3,1.3499903244553584e-06,145.4,BID
793,1712310413.6821537,9198808.72240623,136.3,8.226094048672348e-07,145.4,BID
794,1712310413.782097,9202804.32402032,136.3,1.2339141073022902e-06,145.4,BID
795,1712310413.8821497,9206799.9256344,136.3,1.233914107299414e-06,145.4,BID
796,1712310420.244763,9206799.9256344,136.3,0.0,145.4,BID
797,1712310450.250882,9206799.9256344,136.3,0.0,145.4,BID
798,1712310480.3352163,9206799.9256344,136.3,0.0,145.4,BID
799,1712310487.5522883,9213359.65726858,136.2,-2.0244709115649065e-06,145.4,ASK
800,1712310487.55898,9217788.16138913,136.2,-1.3667293532381014e-06,145.4,ASK
801,1712310507.5620222,9219990.80456093,136.2,-6.797819298936584e-07,145.4,ASK
802,1712310507.5720026,9226876.89393842,136.2,-2.125191763414378e-06,145.4,ASK
803,1712310507.672347,9228886.3862567,136.2,6.201715210686592e-07,145.4,BID
804,1712310510.352008,9228886.3862567,136.2,0.0,145.4,BID
805,1712310534.3321505,9264887.85542139,136.2,1.1100503722210608e-05,145.4,BID
806,1712310540.242844,9264887.85542139,136.2,0.0,145.4,BID
807,1712310541.7625234,9264946.63572998,136.1,-1.8096651188443745e-08,145.4,ASK
808,1712310541.769301,9265483.78422738,136.1,-1.653715202785111e-07,145.4,ASK
809,1712310541.775,9266393.17482774,136.2,-2.7997342789949576e-07,145.4,ASK
810,1712310541.7779465,9266760.55175646,136.1,-1.1310406993924245e-07,145.4,ASK
811,1712310551.3220987,9266778.55175646,136.5,5.541647010867607e-09,145.4,BID
812,1712310570.2844489,9266778.55175646,136.5,0.0,145.4,BID
813,1712310600.2729535,9266778.55175646,136.5,0.0,145.4,BID
814,1712310630.246067,9266778.55175646,136.5,0.0,145.4,BID
815,1712310660.3586004,9266778.55175646,136.5,0.0,145.4,BID
816,1712310688.502053,9267071.5920495,136.5,9.046746210807892e-08,145.4,BID
817,1712310690.334861,9267071.5920495,136.5,0.0,145.4,BID
818,1712310720.2520862,9267071.5920495,136.5,0.0,145.4,BID
819,1712310750.2359035,9267071.5920495,136.5,0.0,145.4,BID
820,1712310780.3422034,9267071.5920495,136.5,0.0,145.4,BID
821,1712310810.3447723,9267071.5920495,136.5,0.0,145.4,BID
822,1712310840.2619448,9267071.5920495,136.5,0.0,145.4,BID
823,1712310850.6421814,9272851.41426357,136.4,-1.784325919079126e-06,145.4,ASK
824,1712310853.8962228,9279936.97836613,136.3,-2.1874298570487046e-06,145.4,ASK
825,1712310854.0121086,9280314.3159483,136.3,1.1649030076932097e-07,145.4,BID
826,1712310870.242071,9280314.3159483,136.3,0.0,145.4,BID
827,1712310900.3533769,9280314.3159483,136.3,0.0,145.4,BID
828,1712310930.346254,9280314.3159483,136.3,0.0,145.4,BID
829,1712310960.260989,9280314.3159483,136.3,0.0,145.4,BID
830,1712310990.235716,9280314.3159483,136.3,0.0,145.4,BID
831,1712311020.3425214,9280314.3159483,136.3,0.0,145.4,BID
832,1712311050.347792,9280314.3159483,136.3,0.0,145.4,BID
833,1712311052.4623027,9285450.04595564,136.3,1.584720138580528e-06,145.4,BID
834,1712311052.468489,9292786.80310898,136.3,2.2638859122578154e-06,145.4,BID
835,1712311052.4737468,9304216.19028708,136.3,3.526739140664234e-06,145.4,BID
836,1712311052.4785888,9339310.34995434,136.3,1.08289223716575e-05,145.4,BID
837,1712311052.684938,9340818.69097588,136.4,4.654252441746583e-07,145.4,BID
838,1712311058.0756,9340965.97619351,136.4,4.544745346027199e-08,145.4,BID
839,1712311080.2266064,9340965.97619351,136.4,0.0,145.4,BID
840,1712311110.25542,9340965.97619351,136.4,0.0,145.4,BID
841,1712311122.212154,9344716.91392794,136.4,-1.1544730675426546e-06,145.4,ASK
842,1712311137.2723649,9346216.91392794,136.4,-4.61673779710671e-07,145.4,ASK
843,1712311140.3566232,9346216.91392794,136.4,-0.0,145.4,ASK
844,1712311154.1121943,9348386.13022951,136.4,-6.674997140448302e-07,145.4,ASK
845,1712311170.3355334,9348386.13022951,136.4,-0.0,145.4,ASK
846,1712311178.934304,9348486.13022951,136.9,3.076866724974307e-08,145.4,BID
847,1712311179.092142,9350577.51079926,136.9,-6.434899284322945e-07,145.4,ASK
848,1712311197.2521667,9350595.51079926,137.3,5.5383601049537526e-09,145.4,BID
849,1712311200.34349,9350595.51079926,137.3,0.0,145.4,BID
850,1712311230.2484877,9350595.51079926,137.3,0.0,145.4,BID
851,1712311257.2923124,9351325.97098917,136.9,-2.248051342556004e-07,145.4,ASK
1052,1712311257.302142,9352086.93510947,136.8,-2.3419296984441766e-07,145.4,ASK
852,1712311257.302142,9352086.93510947,136.8,-2.341929698444177e-07,145.4,ASK
853,1712311260.2658198,9352086.93510947,136.8,-0.0,145.4,ASK
1054,1712311272.4747744,9352736.61464333,137.3,1.9993166423678043e-07,145.4,BID
854,1712311272.4747744,9352736.61464333,137.3,1.9993166423678046e-07,145.4,BID
855,1712311290.2297895,9352736.61464333,137.3,0.0,145.4,BID
856,1712311320.3350384,9352736.61464333,137.3,0.0,145.4,BID
857,1712311332.31242,9352882.81347374,136.8,-4.498983205843152e-08,145.4,ASK
858,1712311332.4324703,9353437.63882712,136.8,-1.707366563753907e-07,145.4,ASK
859,1712311332.4391077,9353475.65052303,136.8,-1.1697356335673678e-08,145.4,ASK
860,1712311350.362839,9353475.65052303,136.8,-0.0,145.4,ASK
861,1712311380.257879,9353475.65052303,136.8,-0.0,145.4,ASK
862,1712311410.2723885,9353475.65052303,136.8,-0.0,145.4,ASK
863,1712311438.2831054,9354491.4707805,136.6,-3.125891011056712e-07,145.4,ASK
864,1712311440.4037132,9354491.4707805,136.6,-0.0,145.4,ASK
865,1712311470.35365,9354491.4707805,136.6,-0.0,145.4,ASK
866,1712311488.72402,9354939.77936636,136.6,-1.3794802113822964e-07,145.4,ASK
867,1712311488.7305262,9357452.67856317,136.6,-7.732385291150944e-07,145.4,ASK
868,1712311500.2472937,9357452.67856317,136.6,-0.0,145.4,ASK
869,1712311530.2351265,9357452.67856317,136.6,-0.0,145.4,ASK
870,1712311537.6046903,9357652.67856317,136.7,-6.157469185272789e-08,145.4,ASK
871,1712311537.6647809,9359738.95886317,136.7,6.423103329547936e-07,145.4,BID
872,1712311560.3499117,9359738.95886317,136.7,0.0,145.4,BID
873,1712311578.137401,9360670.51872975,136.8,2.867749648372653e-07,145.4,BID
874,1712311578.144498,9361814.92377536,136.8,3.522980416916176e-07,145.4,BID
875,1712311583.4764912,9365319.51650823,136.8,1.078867278200814e-06,145.4,BID
876,1712311588.5672178,9365595.72550878,136.8,8.502923887370399e-08,145.4,BID
877,1712311588.5707197,9369685.22009824,136.8,1.2589257107021363e-06,145.4,BID
878,1712311590.3455024,9369685.22009824,136.8,0.0,145.4,BID
879,1712311603.375821,9369721.77711579,136.8,1.1249140698724931e-08,145.4,BID
880,1712311609.9558809,9369739.77711579,137.3,5.538869036589544e-09,145.4,BID
881,1712311620.22904,9369739.77711579,137.3,0.0,145.4,BID
882,1712311650.2565253,9369739.77711579,137.3,0.0,145.4,BID
883,1712311680.3475294,9369739.77711579,137.3,0.0,145.4,BID
884,1712311703.987251,9372753.86958628,137.3,9.274791706169736e-07,145.4,BID
885,1712311703.9922988,9373235.09427876,137.3,1.4807969000031192e-07,145.4,BID
886,1712311710.3485222,9373235.09427876,137.3,0.0,145.4,BID
887,1712311740.2482724,9373235.09427876,137.3,0.0,145.4,BID
888,1712311770.2382846,9373235.09427876,137.3,0.0,145.4,BID
889,1712311800.2996666,9373235.09427876,137.3,0.0,145.4,BID
890,1712311807.4884937,9373307.9274907,137.3,2.2445443508104108e-08,145.4,BID
891,1712311830.2586186,9373307.9274907,137.3,0.0,145.4,BID
892,1712311860.3897738,9373307.9274907,137.3,0.0,145.4,BID
893,1712311890.3492253,9373307.9274907,137.3,0.0,145.4,BID
894,1712311920.2856977,9373307.9274907,137.3,0.0,145.4,BID
895,1712311927.2895536,9377015.27170434,136.7,-1.1425107647257403e-06,145.4,ASK
896,1712311950.266416,9377015.27170434,136.7,-0.0,145.4,ASK
897,1712311980.3858387,9377015.27170434,136.7,-0.0,145.4,ASK
898,1712312000.7302096,9377033.27170434,137.3,5.546283588636453e-09,145.4,BID
899,1712312005.9904077,9377398.76878037,136.8,-1.1261946858188997e-07,145.4,ASK
900,1712312005.997064,9377764.26585639,136.8,-1.1261946857959425e-07,145.4,ASK
901,1712312010.3826177,9377764.26585639,136.8,-0.0,145.4,ASK
902,1712312015.8005276,9377782.26585639,137.3,5.546108474746276e-09,145.4,BID
903,1712312026.1009872,9380618.38779542,137.3,8.738577734147555e-07,145.4,BID
904,1712312026.1072085,9381028.329891,137.3,1.26310185024953e-07,145.4,BID
905,1712312026.2005675,9398581.11624911,137.3,-5.408314287562671e-06,145.4,ASK
906,1712312032.970626,9398599.11624911,137.5,5.546108474746276e-09,145.4,BID
907,1712312037.3608932,9420417.29806729,137.5,6.722555726964557e-06,145.4,BID
908,1712312040.2509987,9420417.29806729,137.5,0.0,145.4,BID
909,1712312070.2518864,9420417.29806729,137.5,0.0,145.4,BID
910,1712312100.2660544,9420417.29806729,137.5,0.0,145.4,BID
911,1712312130.2623844,9420417.29806729,137.5,0.0,145.4,BID
912,1712312160.3626137,9420417.29806729,137.5,0.0,145.4,BID
913,1712312190.3548794,9420417.29806729,137.5,0.0,145.4,BID
914,1712312220.2591949,9420417.29806729,137.5,0.0,145.4,BID
915,1712312250.2634523,9420417.29806729,137.5,0.0,145.4,BID
916,1712312250.6520448,9420467.29806729,137.0,-1.538696757945861e-08,145.4,ASK
917,1712312250.6576774,9420967.29806729,137.0,-1.538696757945861e-07,145.4,ASK
918,1712312280.357526,9420967.29806729,137.0,-0.0,145.4,ASK
919,1712312283.3030295,9420968.39806729,137.4,3.3850543731515806e-10,145.4,BID
920,1712312283.3100638,9421418.39806729,137.0,1.3847949713037161e-07,145.4,BID
921,1712312310.362439,9421418.39806729,137.0,0.0,145.4,BID
922,1712312333.5226624,9421430.89806729,137.4,3.846579543040066e-09,145.4,BID
923,1712312340.2411494,9421430.89806729,137.4,0.0,145.4,BID
924,1712312351.6326272,9422158.70010513,137.4,2.239637560419447e-07,145.4,BID
925,1712312370.262921,9422158.70010513,137.4,0.0,145.4,BID
926,1712312398.0330975,9422347.95506157,136.9,-5.8236916625784e-08,145.4,ASK
927,1712312400.2832122,9422347.95506157,136.9,-0.0,145.4,ASK
928,1712312407.8328516,9422420.73526535,137.4,2.2403098909880923e-08,145.4,BID
929,1712312407.8729413,9422433.23526535,137.4,3.8477322380052605e-09,145.4,BID
930,1712312430.2529657,9422433.23526535,137.4,0.0,145.4,BID
931,1712312460.365199,9422433.23526535,137.4,0.0,145.4,BID
932,1712312490.3690732,9422433.23526535,137.4,0.0,145.4,BID
933,1712312520.2617023,9422433.23526535,137.4,0.0,145.4,BID
934,1712312545.3735993,9422797.40132507,137.3,1.1209667472009133e-07,145.4,BID
935,1712312550.2734606,9422797.40132507,137.3,0.0,145.4,BID
936,1712312580.3736186,9422797.40132507,137.3,0.0,145.4,BID
937,1712312610.3639815,9422797.40132507,137.3,0.0,145.4,BID
938,1712312640.2541096,9422797.40132507,137.3,0.0,145.4,BID
939,1712312651.164224,9422973.37646358,136.9,-5.416738802222064e-08,145.4,ASK
940,1712312651.1718566,9427601.43108848,136.9,-1.4245741345929225e-06,145.4,ASK
941,1712312651.1790588,9428331.8912784,136.9,-2.2484494614896722e-07,145.4,ASK
942,1712312670.2594843,9428331.8912784,136.9,-0.0,145.4,ASK
943,1712312673.0461648,9428624.28893921,136.8,-8.998273673060157e-08,145.4,ASK
944,1712312686.9040177,9429113.17913921,136.7,-1.5045153930046217e-07,145.4,ASK
945,1712312697.9640405,9429131.17913921,136.8,5.539337273291423e-09,145.4,BID
946,1712312698.104356,9429484.88533921,136.7,-1.0884988541409498e-07,145.4,ASK
947,1712312698.111884,9430003.91073921,136.7,-1.5972537466684944e-07,145.4,ASK
948,1712312698.1841347,9430086.10823921,136.7,-2.529553752889632e-08,145.4,ASK
949,1712312700.354054,9430086.10823921,136.7,-0.0,145.4,ASK
950,1712312704.974157,9430104.10823921,136.8,5.541907949984348e-09,145.4,BID
951,1712312706.7249568,9431927.24095541,136.7,-5.613129829884578e-07,145.4,ASK
952,1712312707.784315,9432028.59605541,136.7,-3.12055908034997e-08,145.4,ASK
953,1712312707.804662,9432142.96815541,136.7,-3.5213313902374344e-08,145.4,ASK
954,1712312707.8104162,9432256.37715541,136.7,-3.4916791038871795e-08,145.4,ASK
955,1712312713.7465713,9432274.37715541,136.8,5.541907949984348e-09,145.4,BID
956,1712312725.2941637,9433866.47913059,136.7,-4.901823663020545e-07,145.4,ASK
957,1712312725.3824532,9433945.08273059,136.7,-2.4200773096244545e-08,145.4,ASK
958,1712312725.3942487,9434023.69063059,136.7,-2.4202096997095493e-08,145.4,ASK
1158,1712312725.3942487,9434023.69063059,136.7,-2.420209699709549e-08,145.4,ASK
959,1712312725.4141226,9434139.02023059,136.7,-3.5508112616798386e-08,145.4,ASK
960,1712312727.8845315,9436154.6273779,136.8,6.205727374290093e-07,145.4,BID
961,1712312727.892068,9436155.06033059,136.9,1.3329910886095468e-10,145.4,BID
962,1712312727.899487,9436212.02023059,136.8,1.753702903532706e-08,145.4,BID
963,1712312730.3540769,9436212.02023059,136.8,0.0,145.4,BID
964,1712312737.3443143,9436224.52023059,136.9,3.847554939368454e-09,145.4,BID
965,1712312745.904457,9438810.60678852,136.7,-7.960088087679379e-07,145.4,ASK
966,1712312745.9120224,9438850.41508295,136.7,-1.2253167989073872e-08,145.4,ASK
967,1712312751.984722,9438989.93788295,136.9,4.294573106367968e-08,145.4,BID
968,1712312751.991324,9439449.14118295,136.9,1.4134479400690866e-07,145.4,BID
969,1712312751.9971824,9439544.22338295,136.9,2.92667190605008e-08,145.4,BID
970,1712312752.0016572,9439544.41508295,137.3,5.900610264739143e-11,145.4,BID
971,1712312760.270785,9439544.41508295,137.3,0.0,145.4,BID
972,1712312771.891868,9439909.91215898,136.7,-1.1248582912764565e-07,145.4,ASK
973,1712312780.8845406,9439922.41215898,137.2,3.8470153561068945e-09,145.4,BID
974,1712312781.8347137,9440044.64615898,137.2,3.7618886003408974e-08,145.4,BID
975,1712312781.8420095,9440611.52165898,137.2,1.744623002798005e-07,145.4,BID
976,1712312781.8488493,9443467.23690439,137.3,8.788784321411132e-07,145.4,BID
977,1712312781.8522613,9444028.63580439,137.2,1.7277681513623797e-07,145.4,BID
978,1712312781.8744335,9457799.69774947,137.3,-4.238198941809423e-06,145.4,ASK
979,1712312781.8943217,9461655.59509409,137.3,-1.1866957037062715e-06,145.4,ASK
980,1712312790.2550745,9461655.59509409,137.3,-0.0,145.4,ASK
981,1712312820.3674371,9461655.59509409,137.3,-0.0,145.4,ASK
982,1712312827.55451,9475045.59330812,136.7,-4.117076064832652e-06,145.4,ASK
983,1712312827.695071,9475942.39060812,136.6,2.757418365429534e-07,145.4,BID
984,1712312827.70111,9478151.94545905,136.7,6.793806276360566e-07,145.4,BID
985,1712312827.7778945,9478771.08465905,136.6,1.903691950047738e-07,145.4,BID
986,1712312827.7813144,9479667.88195905,136.7,2.757418365429534e-07,145.4,BID
987,1712312827.7847877,9480287.02115905,136.7,1.903691950042011e-07,145.4,BID
988,1712312827.7915642,9481170.29655905,136.7,2.7158420411078905e-07,145.4,BID
989,1712312845.6049547,9503148.31853707,136.5,-6.7576699258455e-06,145.4,ASK
990,1712312845.61244,9539741.74343634,136.5,-1.1251526055111325e-05,145.4,ASK
991,1712312845.6183813,9540586.31821641,136.4,-2.596847704088207e-07,145.4,ASK
992,1712312850.3679235,9540586.31821641,136.4,-0.0,145.4,ASK
993,1712312873.6148446,9540604.31821641,136.4,5.516251553063162e-09,145.4,BID
994,1712312880.274916,9540604.31821641,136.4,0.0,145.4,BID
995,1712312886.864796,9540622.31821641,136.4,5.516247402546431e-09,145.4,BID
996,1712312893.3786418,9540640.31821641,136.4,5.516247402546431e-09,145.4,BID
997,1712312899.7649217,9540658.31821641,136.4,5.516247402546431e-09,145.4,BID
998,1712312903.96504,9540731.6319994,136.4,2.2467609166073512e-08,145.4,BID
999,1712312906.2923684,9540749.6319994,136.4,5.516247402546431e-09,145.4,BID
1000,1712312910.2575006,9540749.6319994,136.4,0.0,145.4,BID
1201,1712312929.1153176,9541749.6319994,136.2,-3.064563275390905e-07,145.4,ASK
1202,1712312929.1178436,9543914.32289514,136.2,-6.633832221657671e-07,145.4,ASK
1203,1712312929.1200676,9543952.57999514,136.2,-1.1724130368595304e-08,145.4,ASK
1204,1712312940.386802,9543952.57999514,136.2,-0.0,145.4,ASK
1205,1712312942.2454908,9544313.8423752,136.2,1.106963433906723e-07,145.4,BID
1206,1712312942.247769,9544952.57999514,136.2,1.9571901979313348e-07,145.4,BID
1207,1712312970.3653843,9544952.57999514,136.2,0.0,145.4,BID
1208,1712312971.3953462,9546095.9475631,136.2,3.503307679645432e-07,145.4,BID
1209,1712312971.398494,9548621.81641217,136.2,7.73932721609995e-07,145.4,BID
1210,1712313000.3379407,9548621.81641217,136.2,0.0,145.4,BID
1211,1712313007.4351342,9548695.23785123,136.2,2.2493278118977968e-08,145.4,BID
1212,1712313030.2610948,9548695.23785123,136.2,0.0,145.4,BID
1213,1712313032.2178626,9548735.23785123,136.2,1.2254300377011953e-08,145.4,BID
1214,1712313039.7052777,9548775.23785123,136.2,1.2254300377011953e-08,145.4,BID
1215,1712313056.395388,9548795.23785123,136.2,6.1271501885059754e-09,145.4,BID
1216,1712313060.324067,9548795.23785123,136.2,0.0,145.4,BID
1217,1712313060.6955976,9548992.84321128,136.1,-6.05376333552523e-08,145.4,ASK
1218,1712313060.6977522,9549380.83935123,136.1,-1.1886503512649165e-07,145.4,ASK
1219,1712313060.7955258,9551215.79167627,136.1,-5.621490785963428e-07,145.4,ASK
1220,1712313060.796756,9553054.60863851,136.1,-5.633330342835418e-07,145.4,ASK
1221,1712313060.8018012,9557466.74295123,136.1,-1.3516848392688596e-06,145.4,ASK
1222,1712313066.1954036,9557949.34455123,136.1,-1.478480073118486e-07,145.4,ASK
1223,1712313075.2655509,9557967.34455123,136.2,5.514412160278321e-09,145.4,BID
1224,1712313082.6156862,9558040.81993698,136.1,-2.2509642258853093e-08,145.4,ASK
1225,1712313082.6184194,9565792.46297521,136.1,-2.3747641462306884e-06,145.4,ASK
1226,1712313082.6211233,9584426.65216439,136.1,-5.708699970096947e-06,145.4,ASK
1227,1712313082.7357943,9594560.7694505,136.1,3.1046499775674085e-06,145.4,BID
1228,1712313090.2523737,9594560.7694505,136.1,0.0,145.4,BID
1229,1712313113.4953763,9594604.7694505,136.1,1.3454001268665262e-08,145.4,BID
1230,1712313120.381545,9594604.7694505,136.1,0.0,145.4,BID
1231,1712313131.2258463,9595340.06356814,136.0,-2.2483249721053773e-07,145.4,ASK
1232,1712313131.2279372,9603698.44592108,136.0,-2.555760928819496e-06,145.4,ASK
1233,1712313131.229144,9604002.05033284,136.0,-9.283378776292954e-08,145.4,ASK
1234,1712313131.2303634,9631515.62921555,136.0,-8.412887440556137e-06,145.4,ASK
1235,1712313131.2855844,9632262.08931555,136.0,-2.2824674416017e-07,145.4,ASK
1236,1712313131.7837455,9632702.94163002,136.1,1.348003803997453e-07,145.4,BID
1237,1712313132.8554404,9632746.94163002,136.1,1.3453976633228935e-08,145.4,BID
1238,1712313137.1559424,9635058.13054977,136.0,-7.06697311847322e-07,145.4,ASK
1239,1712313137.1587863,9645300.41143818,136.0,-3.131804721446348e-06,145.4,ASK
1240,1712313150.3666992,9645300.41143818,136.0,-0.0,145.4,ASK
1241,1712313153.995649,9645344.41143818,136.2,1.3425672709975445e-08,145.4,BID
1242,1712313166.2459247,9779357.07721824,136.4,4.089114067623662e-05,145.4,BID
1243,1712313166.248842,9784036.26312058,136.2,1.4277549653171022e-06,145.4,BID
1244,1712313166.2516832,9788736.26312058,136.3,1.4341059485655588e-06,145.4,BID
1245,1712313166.2545629,9791971.97742058,136.2,9.873100266994603e-07,145.4,BID
1246,1712313172.279214,9792339.3543493,136.1,-1.1209732741361513e-07,145.4,ASK
1247,1712313172.2845218,9801851.66459789,136.0,-2.902481002575068e-06,145.4,ASK
1248,1712313172.2878742,9803688.54924153,136.1,-5.604866370794426e-07,145.4,ASK
1249,1712313172.6757357,9815569.62818711,136.4,3.625260849198839e-06,145.4,BID
1250,1712313172.6779888,9816643.70768711,136.4,3.277327234427606e-07,145.4,BID
1251,1712313174.2466047,9834218.56541854,136.4,-5.362597450603609e-06,145.4,ASK
1252,1712313176.2756474,9838868.56541854,136.5,-1.418849502304223e-06,145.4,ASK
1253,1712313176.395738,9841448.54035546,136.5,7.872249796146113e-07,145.4,BID
1254,1712313180.2720838,9841448.54035546,136.5,0.0,145.4,BID
1255,1712313207.3371243,9844100.28658086,136.5,8.025740011369785e-07,145.4,BID
1256,1712313210.267907,9844100.28658086,136.5,0.0,145.4,BID
1257,1712313240.3561587,9844100.28658086,136.5,0.0,145.4,BID
1258,1712313270.38054,9844100.28658086,136.5,0.0,145.4,BID
1259,1712313300.2634468,9844100.28658086,136.5,0.0,145.4,BID
1260,1712313330.2508488,9844100.28658086,136.5,0.0,145.4,BID
1261,1712313339.5829248,9847854.04033461,136.4,-1.13627199351864e-06,145.4,ASK
1262,1712313360.3581865,9847854.04033461,136.4,-0.0,145.4,ASK
1263,1712313370.2164445,9847872.04033461,137.0,5.4478071213207754e-09,145.4,BID
1264,1712313390.3563054,9847872.04033461,137.0,0.0,145.4,BID
1265,1712313420.2294986,9847872.04033461,137.0,0.0,145.4,BID
1266,1712313450.2564092,9847872.04033461,137.0,0.0,145.4,BID
1267,1712313468.6461065,9848244.62855582,136.5,-1.1276595832735845e-07,145.4,ASK
1268,1712313480.3657207,9848244.62855582,136.5,-0.0,145.4,ASK
1269,1712313510.366986,9848244.62855582,136.5,-0.0,145.4,ASK
1270,1712313525.9145758,9848262.62855582,137.0,5.447719201047048e-09,145.4,BID
1271,1712313540.234142,9848262.62855582,137.0,0.0,145.4,BID
1272,1712313570.273321,9848262.62855582,137.0,0.0,145.4,BID
1273,1712313573.3236637,9856314.86384993,137.0,2.437015782445749e-06,145.4,BID
1274,1712313573.5007102,9880805.15444993,137.0,-7.412007042632176e-06,145.4,ASK
1275,1712313600.282674,9880805.15444993,137.0,-0.0,145.4,ASK
1276,1712313616.0424144,9880823.15444993,137.3,5.440374350364728e-09,145.4,BID
1277,1712313630.2523315,9880823.15444993,137.3,0.0,145.4,BID
1278,1712313660.3713512,9880823.15444993,137.3,0.0,145.4,BID
1279,1712313675.701193,9912934.6472236,137.3,9.705467285803968e-06,145.4,BID
1280,1712313675.7028215,9912984.9691236,137.3,1.5209431640552803e-08,145.4,BID
1281,1712313690.3652744,9912984.9691236,137.3,0.0,145.4,BID
1282,1712313720.2739043,9912984.9691236,137.3,0.0,145.4,BID
1283,1712313738.5901458,9913002.9691236,137.6,5.4331189802643834e-09,145.4,BID
1284,1712313740.2306535,9915831.48635174,137.3,-8.537594799005484e-07,145.4,ASK
1285,1712313746.5400438,9915849.48635174,137.6,5.4331189802643834e-09,145.4,BID
1286,1712313750.2421536,9915849.48635174,137.6,0.0,145.4,BID
1287,1712313780.354176,9915849.48635174,137.6,0.0,145.4,BID
1288,1712313810.363981,9915849.48635174,137.6,0.0,145.4,BID
1289,1712313817.6687822,9915923.61322273,137.3,-2.2371794641856008e-08,145.4,ASK
1290,1712313830.0387187,9915941.61322273,137.6,5.432474056659185e-09,145.4,BID
1291,1712313840.2656488,9915941.61322273,137.6,0.0,145.4,BID
1292,1712313842.6484263,9916887.61322273,137.6,2.855056016984816e-07,145.4,BID
1293,1712313842.6500723,9923209.05508319,137.7,1.9078298752352306e-06,145.4,BID
1294,1712313853.2881048,9923281.67672443,137.7,2.1917426404700812e-08,145.4,BID
1295,1712313865.7624128,9925255.36093495,137.3,-5.956637400500772e-07,145.4,ASK
1296,1712313870.2318,9925255.36093495,137.3,-0.0,145.4,ASK
1297,1712313900.238345,9925255.36093495,137.3,-0.0,145.4,ASK
1298,1712313926.867174,9925273.36093495,137.7,5.431502494438523e-09,145.4,BID
1299,1712313930.25028,9925273.36093495,137.7,0.0,145.4,BID
1300,1712313960.3631165,9925273.36093495,137.7,0.0,145.4,BID
1301,1712313986.2692254,9932212.98619518,137.7,2.094031317803656e-06,145.4,BID
1302,1712313986.2718692,9938652.41765178,137.7,1.9430978811270726e-06,145.4,BID
1303,1712313990.3817024,9938652.41765178,137.7,0.0,145.4,BID
1304,1712313993.8365142,9945810.94314743,137.9,2.158884293597981e-06,145.4,BID
1305,1712313993.838092,9945869.72345602,137.9,1.7727098277917087e-08,145.4,BID
1306,1712313993.8402424,9948802.57511975,138.0,8.844960314982446e-07,145.4,BID
1307,1712314020.2617362,9948802.57511975,138.0,0.0,145.4,BID
1308,1712314050.2159524,9948802.57511975,138.0,0.0,145.4,BID
1309,1712314080.3484132,9948802.57511975,138.0,0.0,145.4,BID
1310,1712314108.9357562,9948878.93875611,137.5,-2.302019851934792e-08,145.4,ASK
1311,1712314108.9378648,9948951.71895989,137.4,-2.1939954920544404e-08,145.4,ASK
1312,1712314108.9397428,9962869.26085733,137.7,-4.195512323062092e-06,145.4,ASK
1313,1712314108.941614,9966981.98192076,137.3,-1.2398002484985469e-06,145.4,ASK
1314,1712314110.3455195,9966981.98192076,137.3,-0.0,145.4,ASK
1315,1712314140.2382832,9966981.98192076,137.3,-0.0,145.4,ASK
1316,1712314164.282827,9970689.681859,137.3,-1.1168623576082958e-06,145.4,ASK
1317,1712314170.258398,9970689.681859,137.3,-0.0,145.4,ASK
1318,1712314200.2557118,9970689.681859,137.3,-0.0,145.4,ASK
1319,1712314230.2345624,9970689.681859,137.3,-0.0,145.4,ASK
1320,1712314236.8645542,9971418.01397845,137.3,-2.1945501134289865e-07,145.4,ASK
1321,1712314236.868181,9971458.07224501,137.3,-1.2070025620806295e-08,145.4,ASK
1322,1712314237.004311,9973545.58880441,137.3,6.289932271117111e-07,145.4,BID
1323,1712314260.349531,9973545.58880441,137.3,0.0,145.4,BID
1324,1712314281.6039636,9980813.03066487,137.8,2.189506795425497e-06,145.4,BID
1325,1712314281.6842823,9982813.03066487,137.9,6.02552270101542e-07,145.4,BID
1326,1712314281.964105,9983492.96280764,138.0,2.048473280705099e-07,145.4,BID
1327,1712314281.9667387,9983713.44074864,138.0,6.642474192812206e-08,145.4,BID
1328,1712314281.9693136,9998743.35986052,138.0,4.528155940153347e-06,145.4,BID
1329,1712314290.3390813,9998743.35986052,138.0,0.0,145.4,BID
1330,1712314298.1140473,10002244.76042074,137.2,-1.0537849812781688e-06,145.4,ASK
1331,1712314313.6846316,10002610.89260409,137.2,-1.1019150461133089e-07,145.4,ASK
1332,1712314315.63369,10002854.20160652,137.2,-7.322651840602005e-08,145.4,ASK
1333,1712314320.2454622,10002854.20160652,137.2,-0.0,145.4,ASK
1334,1712314350.2459197,10002854.20160652,137.2,-0.0,145.4,ASK
1335,1712314380.283426,10002854.20160652,137.2,-0.0,145.4,ASK
1336,1712314408.77328,10002872.20160652,138.2,5.416378432656305e-09,145.4,BID
1337,1712314410.2372622,10002872.20160652,138.2,0.0,145.4,BID
1338,1712314440.378054,10002872.20160652,138.2,0.0,145.4,BID
1339,1712314470.3530617,10002872.20160652,138.2,0.0,145.4,BID
1340,1712314500.2470348,10002872.20160652,138.2,0.0,145.4,BID
1341,1712314530.240094,10002872.20160652,138.2,0.0,145.4,BID
1342,1712314558.9530218,10003216.5204471,138.2,1.0361082248583157e-07,145.4,BID
1343,1712314558.9575996,10035323.78192307,138.2,9.66156764378245e-06,145.4,BID
1344,1712314558.960927,10063318.47896032,138.3,8.424033899465592e-06,145.4,BID
1345,1712314560.3625915,10063318.47896032,138.3,0.0,145.4,BID
1346,1712314567.7826371,10069323.78192307,138.3,1.8025551191998808e-06,145.4,BID
1347,1712314567.7861855,10069541.17322742,138.3,6.525229633798896e-08,145.4,BID
1348,1712314567.8865905,10069541.17322829,138.3,-2.610962521138997e-16,145.4,ASK
1349,1712314567.890043,10070968.13930729,138.3,-4.283189418721287e-07,145.4,ASK
1350,1712314590.34326,10070968.13930729,138.3,-0.0,145.4,ASK
1351,1712314620.2276018,10070968.13930729,138.3,-0.0,145.4,ASK
1352,1712314650.2428172,10070968.13930729,138.3,-0.0,145.4,ASK
1353,1712314665.3921723,10140560.08936383,137.2,-2.088212771091352e-05,145.4,ASK
1354,1712314680.342059,10140560.08936383,137.2,-0.0,145.4,ASK
1355,1712314706.762113,10140945.60173135,138.4,1.1534839863300953e-07,145.4,BID
1356,1712314706.764042,10188952.9645634,138.6,1.4364188783065449e-05,145.4,BID
1357,1712314706.7657137,10189952.9645634,138.4,2.992080367613144e-07,145.4,BID
1358,1712314706.772076,10194902.9645634,138.5,1.4810797819685065e-06,145.4,BID
1359,1712314706.7750258,10194940.8464874,138.6,1.1334576108672814e-08,145.4,BID
1360,1712314706.7778788,10194978.25308081,138.6,1.1192353376224054e-08,145.4,BID
1361,1712314706.7807536,10195050.46688081,138.5,2.1606949325082232e-08,145.4,BID
1362,1712314710.351847,10195050.46688081,138.5,0.0,145.4,BID
1363,1712314740.2270122,10195050.46688081,138.5,0.0,145.4,BID
1364,1712314766.6319015,10255721.22809765,138.6,1.8112254793928424e-05,145.4,BID
1365,1712314766.642311,10255758.73802024,138.7,1.1197968537503256e-08,145.4,BID
1366,1712314766.645154,10260708.73802024,138.8,1.477740833175188e-06,145.4,BID
1367,1712314766.647954,10273492.57786982,138.9,3.816404474847806e-06,145.4,BID
1368,1712314766.6507394,10276396.20281672,138.9,8.668293228807761e-07,145.4,BID
1369,1712314766.6535397,10280865.64939676,139.0,1.334279537984258e-06,145.4,BID
1370,1712314766.6563206,10285865.64939676,138.7,1.4926675082577657e-06,145.4,BID
1371,1712314766.6591165,10288333.44589946,138.9,7.367199313145101e-07,145.4,BID
1372,1712314770.2447577,10288333.44589946,138.9,0.0,145.4,BID
1373,1712314788.9418795,10297781.12031806,137.6,-2.809595680522479e-06,145.4,ASK
1374,1712314788.9436295,10299976.09124456,137.7,-6.527512021183377e-07,145.4,ASK
1375,1712314788.9452977,10301110.33722336,137.6,-3.3730762317698896e-07,145.4,ASK
1376,1712314800.340206,10301110.33722336,137.6,-0.0,145.4,ASK
1377,1712314830.234225,10301110.33722336,137.6,-0.0,145.4,ASK
1378,1712314860.3517218,10301110.33722336,137.6,-0.0,145.4,ASK
1379,1712314879.351405,10305607.67551073,138.0,-1.337155383690571e-06,145.4,ASK
1380,1712314890.3513677,10305607.67551073,138.0,-0.0,145.4,ASK
1381,1712314920.2620966,10305607.67551073,138.0,-0.0,145.4,ASK
1382,1712314924.8914206,10306607.67551073,137.3,-2.972666501658176e-07,145.4,ASK
1383,1712314924.8952892,10307587.60578177,137.3,-2.913005890677814e-07,145.4,ASK
1384,1712314950.2440708,10307587.60578177,137.3,-0.0,145.4,ASK
1385,1712314980.3442795,10307587.60578177,137.3,-0.0,145.4,ASK
1386,1712315010.351148,10307587.60578177,137.3,-0.0,145.4,ASK
1387,1712315011.9813752,10308679.13576331,137.3,-3.2444924233335545e-07,145.4,ASK
1388,1712315012.2612684,10310255.3121914,137.2,-4.68506826680112e-07,145.4,ASK
1389,1712315016.5597014,10311921.29443776,137.2,-4.952009442831766e-07,145.4,ASK
1390,1712315017.981167,10313635.88623085,137.2,-5.096497737917838e-07,145.4,ASK
1391,1712315040.2454937,10313635.88623085,137.2,-0.0,145.4,ASK
1392,1712315048.1011276,10315101.00596812,137.2,-4.353886371400935e-07,145.4,ASK
1393,1712315070.2361846,10315101.00596812,137.2,-0.0,145.4,ASK
1394,1712315074.278432,10316591.99495697,137.2,-4.430497193434629e-07,145.4,ASK
1395,1712315075.390966,10318209.00598437,137.2,-4.804973659913179e-07,145.4,ASK
1396,1712315100.3710716,10318209.00598437,137.2,-0.0,145.4,ASK
1397,1712315111.8310597,10319690.21155416,137.2,-4.421444073324492e-07,145.4,ASK
1398,1712315123.7556214,10321149.115295,137.2,-4.354872429624789e-07,145.4,ASK
1399,1712315130.3634844,10321149.115295,137.2,-0.0,145.4,ASK
1400,1712315159.7216084,10330417.05399289,137.2,-2.7661750598512924e-06,145.4,ASK
1401,1712315160.2348242,10330417.05399289,137.2,-0.0,145.4,ASK
1402,1712315162.5709198,10331970.15784787,137.2,-4.6337458990125483e-07,145.4,ASK
1403,1712315163.5911114,10342168.44761739,137.2,-3.0426995107194336e-06,145.4,ASK
1404,1712315163.5950823,10345872.0658947,137.2,-1.1049889515737978e-06,145.4,ASK
1405,1712315166.3406827,10346892.47405797,137.2,-3.0444275356789454e-07,145.4,ASK
1406,1712315176.8894453,10364034.33682997,137.2,-5.114341585495142e-06,145.4,ASK
1407,1712315176.9807713,10364034.33683021,137.2,-7.16888399904163e-17,145.4,ASK
1408,1712315177.0659463,10364124.38059388,137.1,-2.6864907925885828e-08,145.4,ASK
1409,1712315177.069844,10366479.70437835,137.1,-7.027200333151875e-07,145.4,ASK
1410,1712315185.5907817,10373430.65840177,137.1,-2.073844231148283e-06,145.4,ASK
1411,1712315185.670668,10383119.55068442,137.1,-2.8907187846283524e-06,145.4,ASK
1412,1712315190.3157763,10383119.55068442,137.1,-0.0,145.4,ASK
1413,1712315199.2907498,10383988.41993735,137.1,2.586726333947176e-07,145.4,BID
1414,1712315199.3706272,10384640.07187705,137.1,1.940044750467314e-07,145.4,BID
1415,1712315199.5172288,10385834.76709983,137.1,3.556748709183606e-07,145.4,BID
1416,1712315199.6334507,10387355.28829245,137.1,4.526771084392309e-07,145.4,BID
1417,1712315199.7308524,10388549.98351522,137.1,3.556748709150334e-07,145.4,BID
1418,1712315220.3328557,10388549.98351522,137.1,0.0,145.4,BID
1419,1712315230.292498,10390070.50470784,137.1,4.525767947410986e-07,145.4,BID
1420,1712315250.3442316,10390070.50470784,137.1,0.0,145.4,BID
1421,1712315261.0529542,10390340.57770055,137.0,-8.03811129802553e-08,145.4,ASK
1422,1712315261.056183,10391070.50470784,137.0,-2.1724625128733443e-07,145.4,ASK
1423,1712315277.3764389,10391125.79359158,137.1,-1.6455484740857913e-08,145.4,ASK
1424,1712315280.2635376,10391125.79359158,137.1,-0.0,145.4,ASK
1425,1712315310.2636216,10391125.79359158,137.1,-0.0,145.4,ASK
1426,1712315340.3420062,10391125.79359158,137.1,-0.0,145.4,ASK
1427,1712315370.364222,10391125.79359158,137.1,-0.0,145.4,ASK
1428,1712315371.0201762,10394775.42862807,137.0,-1.0861845168479717e-06,145.4,ASK
1429,1712315371.024485,10396970.2838189,137.1,-6.532208566518812e-07,145.4,ASK
1430,1712315371.026395,10397970.2838189,137.0,-2.976145576167922e-07,145.4,ASK
1431,1712315371.028268,10405084.24143862,137.0,-2.1172173498973395e-06,145.4,ASK
1432,1712315400.2844718,10405084.24143862,137.0,-0.0,145.4,ASK
1433,1712315423.3304594,10505084.24143862,137.0,2.975942635761843e-05,145.4,BID
1434,1712315423.3702433,10522040.98189762,137.0,5.0462286895488005e-06,145.4,BID
1435,1712315423.3973763,10523347.67781562,137.0,3.888652094350292e-07,145.4,BID
1436,1712315423.410223,10533248.27711136,137.0,2.946361556378916e-06,145.4,BID
1437,1712315423.4304085,10543613.50322067,137.0,3.084631830800486e-06,145.4,BID
1438,1712315423.474658,10544106.26914423,137.0,1.4664431213717708e-07,145.4,BID
1439,1712315430.2663243,10544106.26914423,137.0,0.0,145.4,BID
1440,1712315434.160546,10544836.72933415,136.9,-2.161555954797615e-07,145.4,ASK
1441,1712315434.1651738,10553852.71013415,137.0,-2.667982082462231e-06,145.4,ASK
1442,1712315434.169243,10560046.82683415,136.9,-1.832944494766027e-06,145.4,ASK
1443,1712315434.1727214,10573276.79873415,137.0,-3.914973729832942e-06,145.4,ASK
1444,1712315434.174584,10600760.83428579,136.9,-8.132993628992734e-06,145.4,ASK
1445,1712315434.2672262,10612096.18269345,136.8,-3.354322410502429e-06,145.4,ASK
1446,1712315434.271376,10613527.3284773,136.8,-4.235003815342226e-07,145.4,ASK
1447,1712315434.2737763,10616663.9036773,136.9,9.281659554877948e-07,145.4,BID
1448,1712315434.2756753,10631694.08870058,136.9,4.447687415017411e-06,145.4,BID
1449,1712315434.2775512,10634470.47828356,136.9,8.215809045784321e-07,145.4,BID
1450,1712315434.279466,10654060.87508356,136.9,5.797131649916613e-06,145.4,BID
1451,1712315434.2815,10658663.45828356,136.9,1.3619826597945937e-06,145.4,BID
1452,1712315434.3202896,10660887.28325994,136.8,-6.580676382441585e-07,145.4,ASK
1453,1712315446.2255592,10722653.9544577,136.9,1.8277808671569545e-05,145.4,BID
1454,1712315447.3502526,10727592.0488577,136.9,1.46126613099101e-06,145.4,BID
1455,1712315447.3702035,10734838.1656577,136.9,2.1442492191003697e-06,145.4,BID
1456,1712315447.4126592,10737074.342022,136.9,6.617226240299189e-07,145.4,BID
1457,1712315447.430298,10739298.16699839,136.9,6.580676382474657e-07,145.4,BID
1458,1712315447.470376,10744393.62095348,136.9,1.5078315000614382e-06,145.4,BID
1459,1712315447.5502045,10748522.30351085,136.9,1.2217473984902132e-06,145.4,BID
1460,1712315447.664817,10750489.8787921,136.9,5.822389945937243e-07,145.4,BID
1461,1712315447.7303257,10753051.82577289,136.9,7.581236908765734e-07,145.4,BID
1462,1712315447.8303246,10756774.65497935,136.9,1.1016484883041508e-06,145.4,BID
1463,1712315448.390304,10943590.72101499,136.9,5.528205172077503e-05,145.4,BID
1464,1712315448.4502764,10977837.11221499,136.9,1.013408969444386e-05,145.4,BID
1465,1712315448.4606986,11005632.29798298,136.9,8.225068270741843e-06,145.4,BID
1466,1712315448.5502002,11008049.40380837,136.9,7.152627292148516e-07,145.4,BID
1467,1712315448.660256,11024703.76877071,136.9,4.928309886629706e-06,145.4,BID
1468,1712315451.200084,11035844.58957636,136.9,3.2967583841121367e-06,145.4,BID
1469,1712315460.3339465,11035844.58957636,136.9,0.0,145.4,BID
1470,1712315490.3452332,11035844.58957636,136.9,0.0,145.4,BID
1471,1712315494.0757987,11035881.01346565,137.3,1.05679297846134e-08,145.4,BID
1472,1712315516.9707167,11037279.91315084,137.0,-4.058730118267595e-07,145.4,ASK
1473,1712315516.9747486,11037317.79507484,137.2,-1.0990960074057437e-08,145.4,ASK
1474,1712315520.2407608,11037317.79507484,137.2,-0.0,145.4,ASK
1475,1712315550.2520208,11037317.79507484,137.2,-0.0,145.4,ASK
1476,1712315580.3519554,11037317.79507484,137.2,-0.0,145.4,ASK
1477,1712315610.3377788,11037317.79507484,137.2,-0.0,145.4,ASK
1478,1712315636.8535073,11057242.47278295,137.3,5.780554150937645e-06,145.4,BID
1479,1712315640.2344697,11057242.47278295,137.3,0.0,145.4,BID
1480,1712315670.257514,11057242.47278295,137.3,0.0,145.4,BID
1481,1712315682.39422,11058751.47278295,137.1,-4.3744439742985873e-07,145.4,ASK
1482,1712315700.271898,11058751.47278295,137.1,-0.0,145.4,ASK
1483,1712315730.234654,11058751.47278295,137.1,-0.0,145.4,ASK
1484,1712315760.3752704,11058751.47278295,137.1,-0.0,145.4,ASK
1485,1712315790.3305588,11058751.47278295,137.1,-0.0,145.4,ASK
1486,1712315820.2327137,11058751.47278295,137.1,-0.0,145.4,ASK
1487,1712315850.2773776,11058751.47278295,137.1,-0.0,145.4,ASK
1488,1712315880.3390892,11058751.47278295,137.1,-0.0,145.4,ASK
1489,1712315899.257161,11058831.47278295,137.2,-2.3198507223866493e-08,145.4,ASK
1490,1712315899.2612662,11059484.07351555,137.1,-1.8924203511857245e-07,145.4,ASK
1491,1712315910.3570366,11059484.07351555,137.1,-0.0,145.4,ASK
1492,1712315912.0872374,11059556.80078827,137.5,2.108893774302637e-08,145.4,BID
1493,1712315940.2730107,11059556.80078827,137.5,0.0,145.4,BID
1494,1712315964.737947,11072721.35171361,137.1,-3.817351860635027e-06,145.4,ASK
1495,1712315969.3778262,11072794.29117385,137.1,2.1150405041084123e-08,145.4,BID
1496,1712315970.2337785,11072794.29117385,137.1,0.0,145.4,BID
1497,1712316000.298019,11072794.29117385,137.1,0.0,145.4,BID
1498,1712316004.1281884,11135025.07162607,137.1,1.804161066782524e-05,145.4,BID
1499,1712316016.39828,11136484.07162607,137.0,-4.229853743288113e-07,145.4,ASK
1500,1712316030.242022,11136484.07162607,137.0,-0.0,145.4,ASK
1501,1712316052.1888332,11137025.07162607,137.0,-1.564477483120375e-07,145.4,ASK
1502,1712316052.193513,11186484.07162607,137.0,-1.4302678713059265e-05,145.4,ASK
1503,1712316060.349251,11186484.07162607,137.0,-0.0,145.4,ASK
1504,1712316090.259379,11192984.62878731,137.1,1.8761311325043024e-06,145.4,BID
1505,1712316090.3592432,11192984.62878731,137.1,0.0,145.4,BID
1506,1712316094.7689676,11199478.68300017,137.1,1.8737723440553405e-06,145.4,BID
1507,1712316120.2491906,11199478.68300017,137.1,0.0,145.4,BID
1508,1712316141.030407,11271304.48591987,137.0,-2.0719050598189032e-05,145.4,ASK
1509,1712316143.119384,11271348.57791987,136.9,-1.271888850306864e-08,145.4,ASK
1510,1712316150.2649257,11271348.57791987,136.9,-0.0,145.4,ASK
1511,1712316150.9894664,11272348.57791987,136.8,-2.876455134347448e-07,145.4,ASK
1512,1712316150.9939816,11286968.4609608,136.8,-4.205343763664002e-06,145.4,ASK
1513,1712316150.9985116,11323518.16856313,136.8,-1.051335940916188e-05,145.4,ASK
1514,1712316180.3909671,11323518.16856313,136.8,-0.0,145.4,ASK
1515,1712316210.354314,11323518.16856313,136.8,-0.0,145.4,ASK
1516,1712316234.6902127,11325970.14628409,136.9,7.038554677578646e-07,145.4,BID
1517,1712316240.3018532,11325970.14628409,136.9,0.0,145.4,BID
1518,1712316258.6802614,11326042.76792533,136.8,-2.084448564042712e-08,145.4,ASK
1519,1712316270.2529807,11326042.76792533,136.8,-0.0,145.4,ASK
1520,1712316279.5204897,11326092.76792533,136.9,1.4351387442049374e-08,145.4,BID
1521,1712316292.1537182,11333397.36982452,136.9,2.0966234393040712e-06,145.4,BID
1522,1712316300.3630707,11333397.36982452,136.9,0.0,145.4,BID
1523,1712316315.720698,11334632.84097134,136.9,3.545120530273327e-07,145.4,BID
1524,1712316330.3811502,11334632.84097134,136.9,0.0,145.4,BID
1525,1712316360.2444425,11334632.84097134,136.9,0.0,145.4,BID
1526,1712316390.2566748,11334632.84097134,136.9,0.0,145.4,BID
1527,1712316420.364647,11334632.84097134,136.9,0.0,145.4,BID
1528,1712316450.3617108,11334632.84097134,136.9,0.0,145.4,BID
1529,1712316461.5012286,11334670.79717571,136.9,1.0890807891248938e-08,145.4,BID
1530,1712316480.2462509,11334670.79717571,136.9,0.0,145.4,BID
1531,1712316510.275427,11334670.79717571,136.9,0.0,145.4,BID
1532,1712316513.2223864,11334895.56044497,136.8,-6.449143104667393e-08,145.4,ASK
1533,1712316540.3674762,11334895.56044497,136.8,-0.0,145.4,ASK
1534,1712316570.3665192,11334895.56044497,136.8,-0.0,145.4,ASK
1535,1712316600.3425338,11334895.56044497,136.8,-0.0,145.4,ASK
1536,1712316630.275811,11334895.56044497,136.8,-0.0,145.4,ASK
1537,1712316660.3734202,11334895.56044497,136.8,-0.0,145.4,ASK
1538,1712316690.399614,11334895.56044497,136.8,-0.0,145.4,ASK
1539,1712316720.266821,11334895.56044497,136.8,-0.0,145.4,ASK
1540,1712316736.3832376,11334985.80167304,136.8,-2.5900984693539704e-08,145.4,ASK
1541,1712316736.482442,11337607.71056668,136.7,-7.525387627625456e-07,145.4,ASK
1542,1712316749.95286,11339294.71370019,136.7,-4.842026562961955e-07,145.4,ASK
1543,1712316750.2425303,11339294.71370019,136.7,-0.0,145.4,ASK
1544,1712316761.6025803,11340817.60330206,136.7,-4.370234532947063e-07,145.4,ASK
1545,1712316780.373974,11340817.60330206,136.7,-0.0,145.4,ASK
1546,1712316810.3648942,11340817.60330206,136.7,-0.0,145.4,ASK
1547,1712316840.2691252,11340817.60330206,136.7,-0.0,145.4,ASK
1548,1712316870.272789,11340817.60330206,136.7,-0.0,145.4,ASK
1549,1712316897.3829474,11350817.60330206,136.7,-2.869527417177272e-06,145.4,ASK
1550,1712316900.3566082,11350817.60330206,136.7,-0.0,145.4,ASK
1551,1712316930.3831222,11350817.60330206,136.7,-0.0,145.4,ASK
1552,1712316960.2391036,11350817.60330206,136.7,-0.0,145.4,ASK
1553,1712316990.274459,11350817.60330206,136.7,-0.0,145.4,ASK
1554,1712316997.3936822,11350873.92748674,136.9,1.6156181494293565e-08,145.4,BID
1555,1712316997.3985672,11350890.64932105,136.9,4.796536186956524e-09,145.4,BID
1556,1712317020.3473136,11350890.64932105,136.9,0.0,145.4,BID
1557,1712317050.3792272,11350890.64932105,136.9,0.0,145.4,BID
1558,1712317080.2608497,11350890.64932105,136.9,0.0,145.4,BID
1559,1712317110.2650907,11350890.64932105,136.9,0.0,145.4,BID
1560,1712317139.3336473,11350963.71724289,136.9,2.0958940234772264e-08,145.4,BID
1561,1712317140.3583574,11350963.71724289,136.9,0.0,145.4,BID
1562,1712317143.7238436,11351285.90623804,136.9,9.241703264871852e-08,145.4,BID
1563,1712317170.3691783,11351285.90623804,136.9,0.0,145.4,BID
1564,1712317200.2922697,11351285.90623804,136.9,0.0,145.4,BID
1565,1712317230.2677553,11351285.90623804,136.9,0.0,145.4,BID
1566,1712317260.3557794,11351285.90623804,136.9,0.0,145.4,BID
1567,1712317290.3622022,11351285.90623804,136.9,0.0,145.4,BID
1568,1712317320.2482493,11351285.90623804,136.9,0.0,145.4,BID
1569,1712317350.253711,11351285.90623804,136.9,0.0,145.4,BID
1570,1712317378.714265,11351420.79499803,137.0,-3.8711380746326166e-08,145.4,ASK
1571,1712317380.354185,11351420.79499803,137.0,-0.0,145.4,ASK
1572,1712317381.210232,11351517.93842093,136.9,-2.78787949966726e-08,145.4,ASK
1573,1712317410.3816876,11351517.93842093,136.9,-0.0,145.4,ASK
1574,1712317440.238124,11351517.93842093,136.9,-0.0,145.4,ASK
1575,1712317470.2544425,11351517.93842093,136.9,-0.0,145.4,ASK
1576,1712317500.2744794,11351517.93842093,136.9,-0.0,145.4,ASK
1577,1712317523.1448605,11351598.60600288,136.9,-2.31871544634458e-08,145.4,ASK
1578,1712317523.1500092,11353761.89913681,136.9,-6.218187137133559e-07,145.4,ASK
1579,1712317530.2546265,11353761.89913681,136.9,-0.0,145.4,ASK
1580,1712317532.114611,11354775.72020258,136.9,-2.91387810463391e-07,145.4,ASK
1581,1712317547.4745142,11354921.81224056,137.0,4.1989104892621226e-08,145.4,BID
