,time,acc_trade_volume,trade_price,dev,high,ask_bid
0,1712300395.4432018,2830511.35659683,997.8,0.0,1027.0,BID
1,1712300400.1783628,2830511.35659683,997.8,0.0,1027.0,BID
2,1712300405.0952344,2830996.56396806,996.7,-6.272454551705087e-08,1027.0,ASK
3,1712300405.0962014,2831060.22935328,996.3,-8.230259039450746e-09,1027.0,ASK
4,1712300416.665362,2836047.46274189,996.3,6.447180447710002e-07,1027.0,BID
5,1712300430.1350589,2836047.46274189,996.3,0.0,1027.0,BID
6,1712300460.2053711,2836047.46274189,996.3,0.0,1027.0,BID
7,1712300490.185419,2836047.46274189,996.3,0.0,1027.0,BID
8,1712300503.5555806,2838064.72488561,996.7,-2.6059309773251895e-07,1027.0,ASK
9,1712300515.6655602,2838070.74475117,997.8,7.77655704820554e-10,1027.0,BID
10,1712300515.666473,2839359.80970784,997.8,1.665234393471814e-07,1027.0,BID
11,1712300520.1354642,2839359.80970784,997.8,0.0,1027.0,BID
12,1712300550.1257677,2839359.80970784,997.8,0.0,1027.0,BID
13,1712300552.5256178,2842942.35998411,997.8,-4.626021048860138e-07,1027.0,ASK
14,1712300573.1057506,2843198.93546856,997.1,3.3130689038725834e-08,1027.0,BID
15,1712300577.5458975,2843507.57355256,997.1,3.985334923339108e-08,1027.0,BID
16,1712300577.6458423,2843797.61159856,997.1,3.7451591807482863e-08,1027.0,BID
17,1712300580.1857195,2843797.61159856,997.1,0.0,1027.0,BID
18,1712300596.6057923,2843941.66019732,997.0,1.858986061934556e-08,1027.0,BID
19,1712300606.2162795,2844421.82219321,997.0,6.196620206759008e-08,1027.0,BID
20,1712300610.1958857,2844421.82219321,997.0,0.0,1027.0,BID
21,1712300615.0661094,2844442.66345697,997.0,-2.689405364291136e-09,1027.0,ASK
22,1712300640.1371205,2844442.66345697,997.0,-0.0,1027.0,ASK
23,1712300643.716198,2844757.93559035,997.0,-4.068334353462833e-08,1027.0,ASK
24,1712300643.7175782,2846712.22782449,997.0,-2.521857592554765e-07,1027.0,ASK
25,1712300643.8759377,2849299.41863003,997.0,-3.338562504808824e-07,1027.0,ASK
26,1712300647.0960076,2850812.54632603,996.5,-1.952570092641157e-07,1027.0,ASK
27,1712300647.0970664,2850812.54632696,996.5,-1.1999944893527375e-16,1027.0,ASK
28,1712300648.7960598,2851150.77239948,997.0,4.364536552333704e-08,1027.0,BID
29,1712300660.6730363,2851313.68492248,995.7,-2.1022556190563272e-08,1027.0,ASK
30,1712300661.4163225,2851313.68492333,995.7,-1.09663993143152e-16,1027.0,ASK
31,1712300661.4177277,2851530.58902648,995.5,-2.7989737145230122e-08,1027.0,ASK
32,1712300661.439324,2851530.58902778,995.5,-1.6777088704420847e-16,1027.0,ASK
33,1712300670.1461403,2851530.58902778,995.5,-0.0,1027.0,ASK
34,1712300696.9062054,2851692.66358207,995.0,-2.0895372120428824e-08,1027.0,ASK
35,1712300700.198787,2851692.66358207,995.0,-0.0,1027.0,ASK
36,1712300701.2066555,2862942.66358207,995.0,-1.4547393746701927e-06,1027.0,ASK
37,1712300701.5263553,2864616.06365463,995.0,-2.163876422337113e-07,1027.0,ASK
38,1712300701.5281098,2864716.56616719,995.0,-1.2995996646635237e-08,1027.0,ASK
39,1712300712.7862296,2865913.79722319,994.4,-1.5481414735472456e-07,1027.0,ASK
40,1712300712.9125535,2867190.21308995,994.4,-1.6505354842930297e-07,1027.0,ASK
41,1712300712.9133875,2867290.77624319,994.4,-1.300383810302867e-08,1027.0,ASK
42,1712300712.9461718,2867290.77624361,994.4,-5.431369426981085e-17,1027.0,ASK
43,1712300727.8966527,2867315.92714904,994.0,-3.252267772274524e-09,1027.0,ASK
44,1712300730.18607,2867315.92714904,994.0,-0.0,1027.0,ASK
45,1712300732.6062038,2867361.11118462,993.5,-5.831035124222355e-09,1027.0,ASK
46,1712300759.402279,2867598.65421481,993.5,-3.0655113798131854e-08,1027.0,ASK
47,1712300759.4061053,2868107.09593262,993.5,-6.561480127073325e-08,1027.0,ASK
48,1712300759.4162276,2868107.09593305,993.5,-5.546671886018364e-17,1027.0,ASK
49,1712300760.138799,2868107.09593305,993.5,-0.0,1027.0,ASK
50,1712300761.5862665,2868147.3050203,993.4,-5.188487845875842e-09,1027.0,ASK
51,1712300761.5873585,2878147.3050203,993.4,-1.2903769273794208e-06,1027.0,ASK
52,1712300766.0664265,2878447.3050203,993.5,-3.871130782138262e-08,1027.0,ASK
53,1712300772.0764167,2880824.2919363,993.1,-3.067209073089196e-07,1027.0,ASK
54,1712300778.189888,2880824.29193717,993.1,-1.1224411895241394e-16,1027.0,ASK
55,1712300778.1910863,2880834.36243062,993.0,-1.2994732395105771e-09,1027.0,ASK
56,1712300778.1922548,2885358.09754191,993.0,-5.837323413184952e-07,1027.0,ASK
57,1712300778.193436,2885458.8024753,993.0,-1.2994732251976497e-08,1027.0,ASK
58,1712300778.2503586,2886783.41016943,992.6,-1.7092432063345129e-07,1027.0,ASK
59,1712300778.255388,2886793.48573618,992.5,-1.300127886449679e-09,1027.0,ASK
60,1712300778.2589402,2886793.48573733,993.0,-1.4835692167746787e-16,1027.0,ASK
61,1712300778.367432,2886803.56638249,992.0,-1.3007831927929361e-09,1027.0,ASK
62,1712300778.368152,2886904.3728341,992.0,-1.3007831928830678e-08,1027.0,ASK
63,1712300778.368868,2887005.19961369,991.8,-1.301045500448912e-08,1027.0,ASK
64,1712300778.686377,2887106.03656034,991.7,-1.3011766938447545e-08,1027.0,ASK
65,1712300790.1468048,2887106.03656034,991.7,-0.0,1027.0,ASK
66,1712300798.3867707,2887116.12737769,991.0,-1.2989330545078762e-09,1027.0,ASK
67,1712300798.3945365,2887217.03554843,991.0,-1.2989330189863021e-08,1027.0,ASK
68,1712300798.39588,2887227.12127712,991.5,-1.2982780204939702e-09,1027.0,ASK
69,1712300798.397169,2887237.21505548,991.7,-1.299314208372678e-09,1027.0,ASK
70,1712300798.407041,2887257.31757834,991.2,-2.587682495482944e-09,1027.0,ASK
71,1712300803.9765463,2887257.31758116,991.0,-3.630081906784199e-16,1027.0,ASK
72,1712300803.9782014,2887363.33280432,990.5,-1.3646731762908782e-08,1027.0,ASK
73,1712300806.0665016,2887485.02673569,990.5,1.5664961965657042e-08,1027.0,BID
74,1712300820.1866467,2887485.02673569,990.5,0.0,1027.0,BID
75,1712300820.6464686,2887746.02673569,990.5,3.3595409582341986e-08,1027.0,BID
76,1712300821.4672723,2887946.53242104,990.2,-2.5808699704670373e-08,1027.0,ASK
77,1712300821.4793854,2888047.52211969,990.2,-1.2999196512469866e-08,1027.0,ASK
78,1712300821.6874695,2888047.52212009,990.2,-5.148760979979389e-17,1027.0,ASK
79,1712300821.6970246,2888147.52212009,990.1,-1.287180443767892e-08,1027.0,ASK
80,1712300821.699045,2889396.17764411,990.0,-1.6072449715208017e-07,1027.0,ASK
81,1712300827.977976,2889436.63071855,989.3,-5.207040630991824e-09,1027.0,ASK
82,1712300829.826495,2889497.20618548,990.5,7.797155640432089e-09,1027.0,BID
83,1712300846.9367669,2890506.79730107,990.5,1.299525940188896e-07,1027.0,BID
84,1712300847.4367218,2890515.30502834,989.2,-1.095098016287357e-09,1027.0,ASK
85,1712300847.4490404,2890520.36113995,989.1,-6.508127985936982e-10,1027.0,ASK
86,1712300847.4508646,2890545.63919859,989.0,-3.253742273807467e-09,1027.0,ASK
87,1712300847.4526606,2890555.74939978,989.1,-1.3013653254018102e-09,1027.0,ASK
88,1712300847.454471,2890656.86163436,989.0,-1.3014969097747309e-08,1027.0,ASK
89,1712300847.4562862,2890669.09129691,989.2,-1.5741782467831195e-09,1027.0,ASK
90,1712300847.458094,2890780.31475494,989.0,-1.43164660064791e-08,1027.0,ASK
91,1712300848.0265863,2891651.50443431,989.0,1.1213783180972217e-07,1027.0,BID
92,1712300848.3467016,2891752.6268936,988.9,-1.3016285202391029e-08,1027.0,ASK
93,1712300848.3486414,2891772.85138545,988.9,-2.6032570394472544e-09,1027.0,ASK
94,1712300848.3503802,2891912.85138531,988.8,-1.8020526194708847e-08,1027.0,ASK
95,1712300850.2020724,2891912.85138531,988.8,-0.0,1027.0,ASK
96,1712300853.8665133,2891912.85138545,988.8,-1.803146968082572e-17,1027.0,ASK
97,1712300854.1467156,2892270.60649265,988.8,4.602357369552405e-08,1027.0,BID
98,1712300854.4669154,2892426.60649265,988.8,2.0068693226182848e-08,1027.0,BID
99,1712300859.1266668,2894459.38241121,988.1,-2.615074122252911e-07,1027.0,ASK
100,1712300859.5267558,2894692.54290878,988.8,2.9995041655098545e-08,1027.0,BID
101,1712300861.2366111,2894882.84949251,988.8,2.4482079793596268e-08,1027.0,BID
102,1712300861.4448545,2895074.84949251,988.8,2.4699930124532736e-08,1027.0,BID
103,1712300863.6737802,2895258.3321442,988.8,2.3604211853164068e-08,1027.0,BID
104,1712300864.629387,2895450.74200161,988.8,2.4752656423429487e-08,1027.0,BID
105,1712300865.5387638,2895626.19031471,988.8,2.2570630593977343e-08,1027.0,BID
106,1712300866.4566672,2895840.75486468,988.8,2.7602757247188504e-08,1027.0,BID
107,1712300867.526648,2896848.68886468,988.8,1.2966614255280266e-07,1027.0,BID
108,1712300867.528596,2896972.13399817,988.8,1.5880657142797746e-08,1027.0,BID
109,1712300868.4268775,2897226.21126151,988.8,3.2685888805873674e-08,1027.0,BID
110,1712300869.983184,2897921.94871264,988.8,8.950347097881748e-08,1027.0,BID
111,1712300869.9843514,2898234.27226151,988.8,4.017900954864097e-08,1027.0,BID
112,1712300874.936603,2898398.6722615,988.8,2.114931516780126e-08,1027.0,BID
113,1712300876.376546,2900339.81396614,988.8,2.497190857626721e-07,1027.0,BID
114,1712300876.4165711,2900496.51004129,988.8,2.015824014056709e-08,1027.0,BID
115,1712300876.4579732,2901504.49898891,988.8,1.2967321131520306e-07,1027.0,BID
116,1712300880.1199503,2901504.49898891,988.8,0.0,1027.0,BID
117,1712300883.4868116,2901728.74835791,990.5,2.881351518196413e-08,1027.0,BID
118,1712300884.0669577,2902404.79424535,988.8,8.68642731451737e-08,1027.0,BID
119,1712300884.6167798,2902771.52805358,988.6,-4.7121158905741866e-08,1027.0,ASK
120,1712300884.6189554,2902906.52805358,989.8,-1.7345977680604706e-08,1027.0,ASK
121,1712300898.0666697,2903386.69004869,989.0,-6.16954018537367e-08,1027.0,ASK
122,1712300898.0766444,2903866.85204458,989.0,-6.16954019539557e-08,1027.0,ASK
123,1712300910.136,2903866.85204458,989.0,-0.0,1027.0,ASK
124,1712300914.7991903,2903934.21776734,989.0,-8.653137903885174e-09,1027.0,ASK
125,1712300914.800807,2903934.21776812,989.0,-1.0018889741780791e-16,1027.0,ASK
126,1712300914.806786,2904014.66953758,989.0,-1.0334042703410287e-08,1027.0,ASK
127,1712300940.1876085,2904014.66953758,989.0,-0.0,1027.0,ASK
128,1712300947.1368887,2904128.19980778,989.0,-1.4582707595305742e-08,1027.0,ASK
129,1712300947.1390424,2904128.19980797,989.0,-2.4403762721257004e-17,1027.0,ASK
130,1712300951.6171656,2904257.7477523,989.8,1.664014177377945e-08,1027.0,BID
131,1712300955.7569358,2904649.52829277,989.0,-5.03233283348389e-08,1027.0,ASK
132,1712300970.1970031,2904649.52829277,989.0,-0.0,1027.0,ASK
133,1712300974.166859,2906170.07715077,989.0,-1.952953243095458e-07,1027.0,ASK
134,1712300984.436902,2906170.07715085,989.0,-1.028703097758982e-17,1027.0,ASK
135,1712301000.1630309,2906170.07715085,989.0,-0.0,1027.0,ASK
136,1712301005.8769984,2906676.04760185,988.2,-6.515871251118577e-08,1027.0,ASK
137,1712301005.937089,2906929.05843071,988.1,-3.2582653448121503e-08,1027.0,ASK
138,1712301005.9392602,2906939.17988819,988.0,-1.3034380502331555e-09,1027.0,ASK
139,1712301005.941351,2907062.37646748,988.1,-1.5865215995250732e-08,1027.0,ASK
140,1712301005.9432352,2907083.14383575,988.0,-2.674415029673729e-09,1027.0,ASK
141,1712301005.9469285,2907083.14383607,988.2,-4.119781768400177e-17,1027.0,ASK
142,1712301005.9485931,2907295.69444333,988.0,-2.7372199078403612e-08,1027.0,ASK
143,1712301006.017048,2907495.69444333,987.9,-2.5755935898014284e-08,1027.0,ASK
144,1712301013.927119,2907655.16940678,988.1,-2.0537134679765497e-08,1027.0,ASK
145,1712301013.9294052,2908806.17416482,987.8,-1.4822602383193257e-07,1027.0,ASK
146,1712301014.1271474,2908924.47706014,987.8,1.523500894207171e-08,1027.0,BID
147,1712301018.0270967,2909058.28329933,987.8,1.7231524596665922e-08,1027.0,BID
148,1712301022.8672664,2909370.49785745,987.8,4.020689072681313e-08,1027.0,BID
149,1712301030.136876,2909370.49785745,987.8,0.0,1027.0,BID
150,1712301057.520961,2915370.49785745,988.1,-7.723635886085304e-07,1027.0,ASK
151,1712301057.5232265,2917589.19775745,988.1,-2.856071694682172e-07,1027.0,ASK
152,1712301057.5770774,2919370.49785745,988.1,2.293018896041365e-07,1027.0,BID
153,1712301060.217927,2919370.49785745,988.1,0.0,1027.0,BID
154,1712301067.237151,2919667.26492867,989.8,3.815348387103886e-08,1027.0,BID
155,1712301068.10356,2919875.00187853,989.8,2.670743871044561e-08,1027.0,BID
156,1712301068.1571712,2920359.72142821,989.8,6.23173569920176e-08,1027.0,BID
157,1712301071.5072138,2920491.18826764,990.5,1.6901868246851506e-08,1027.0,BID
158,1712301090.1969814,2920491.18826764,990.5,0.0,1027.0,BID
159,1712301098.9473283,2920604.65914387,990.5,1.4586159643770873e-08,1027.0,BID
160,1712301109.8873105,2920624.85096618,990.5,2.595565959268691e-09,1027.0,BID
161,1712301120.137168,2920624.85096618,990.5,0.0,1027.0,BID
162,1712301121.9218109,2920744.47050121,990.5,1.5376279792895946e-08,1027.0,BID
163,1712301124.1273289,2920797.94422632,990.5,6.873684625607463e-09,1027.0,BID
164,1712301124.1296537,2920949.4546567,990.5,1.9475638059343243e-08,1027.0,BID
165,1712301139.1919951,2921954.81381159,990.5,1.292320995402277e-07,1027.0,BID
166,1712301139.1942165,2922028.94190453,990.5,9.528663501944912e-09,1027.0,BID
167,1712301148.688907,2922369.13925953,990.6,-4.3730062267686984e-08,1027.0,ASK
168,1712301150.1472545,2922369.13925953,990.6,-0.0,1027.0,ASK
169,1712301153.3875232,2923369.13925953,991.7,1.2851467461299853e-07,1027.0,BID
170,1712301158.487402,2923369.13925992,990.6,-5.0089686480853604e-17,1027.0,ASK
171,1712301158.49749,2923451.9822685,990.5,-1.0646542291640072e-08,1027.0,ASK
172,1712301158.4993994,2923874.59821627,989.3,-5.431235101391972e-08,1027.0,ASK
173,1712301159.1773255,2924874.59821627,991.7,-1.2851467461299853e-07,1027.0,ASK
174,1712301180.186977,2924874.59821627,991.7,-0.0,1027.0,ASK
175,1712301210.1959195,2924874.59821627,991.7,-0.0,1027.0,ASK
176,1712301240.13523,2924874.59821627,991.7,-0.0,1027.0,ASK
177,1712301260.9245534,2927152.34047627,991.8,-2.9262990594393e-07,1027.0,ASK
178,1712301260.9745357,2927672.59009216,991.8,6.683837712405017e-08,1027.0,BID
179,1712301263.6645074,2927722.89190302,993.6,6.462458215453257e-09,1027.0,BID
180,1712301270.127588,2927722.89190302,993.6,0.0,1027.0,BID
181,1712301300.1738322,2927722.89190302,993.6,0.0,1027.0,BID
182,1712301330.1234455,2927722.89190302,993.6,0.0,1027.0,BID
183,1712301360.1623836,2927722.89190302,993.6,0.0,1027.0,BID
184,1712301379.4317868,2928672.59009202,993.6,1.2222689443857318e-07,1027.0,BID
185,1712301390.1315114,2928672.59009202,993.6,0.0,1027.0,BID
186,1712301402.6613462,2928824.77028288,995.0,1.95833304528116e-08,1027.0,BID
187,1712301402.6628065,2928824.77028302,993.6,1.8037031258065928e-17,1027.0,BID
188,1712301402.6814654,2928824.77028347,995.0,5.788628636309531e-17,1027.0,BID
189,1712301411.1613345,2929136.37971622,995.9,4.0099506113614994e-08,1027.0,BID
190,1712301420.1911511,2929136.37971622,995.9,0.0,1027.0,BID
191,1712301430.6108322,2929235.8700855,995.9,1.2802172229122107e-08,1027.0,BID
192,1712301436.6627393,2929338.1972825,995.9,1.316720813473958e-08,1027.0,BID
193,1712301450.190551,2929338.1972825,995.9,0.0,1027.0,BID
194,1712301480.140022,2929338.1972825,995.9,0.0,1027.0,BID
195,1712301486.479879,2929657.07289282,994.7,-4.103105592116767e-08,1027.0,ASK
196,1712301486.5040622,2929859.19610627,994.7,-2.6008037634836532e-08,1027.0,ASK
197,1712301491.381034,2929935.77021614,994.7,-9.853110374412128e-09,1027.0,ASK
198,1712301510.142506,2929935.77021614,994.7,-0.0,1027.0,ASK
199,1712301511.679494,2930036.25279881,994.6,-1.29285245411581e-08,1027.0,ASK
200,1712301540.1888573,2930036.25279881,994.6,-0.0,1027.0,ASK
201,1712301553.588778,2930504.66026007,994.3,6.026655892233456e-08,1027.0,BID
202,1712301570.1908064,2930504.66026007,994.3,0.0,1027.0,BID
203,1712301589.218372,2930537.52455263,993.5,-4.2281545668225e-09,1027.0,ASK
204,1712301589.398275,2930664.66025963,993.5,1.6356640544847974e-08,1027.0,BID
205,1712301593.8381288,2933487.55610761,992.6,-3.631795800754335e-07,1027.0,ASK
206,1712301593.8393328,2935776.55610761,992.6,-2.944912258762785e-07,1027.0,ASK
207,1712301593.8404894,2935932.63099237,992.6,-2.0079809585639272e-08,1027.0,ASK
208,1712301600.1484182,2935932.63099237,992.6,-0.0,1027.0,ASK
209,1712301604.7182057,2935932.63099281,993.5,5.655857731340889e-17,1027.0,BID
210,1712301604.7208922,2937955.78147037,993.5,2.6030621284393445e-07,1027.0,BID
211,1712301604.737856,2937955.78147092,993.5,7.075813538891515e-17,1027.0,BID
212,1712301605.5880797,2939340.29272796,994.3,1.7813646881790465e-07,1027.0,BID
213,1712301605.5907962,2940171.32469092,994.3,1.0692372388002205e-07,1027.0,BID
214,1712301605.6082358,2940171.32469176,994.3,1.0808439986587884e-16,1027.0,BID
215,1712301605.6899328,2940271.27471576,994.6,1.285994912867303e-08,1027.0,BID
216,1712301630.1376698,2940271.27471576,994.6,0.0,1027.0,BID
217,1712301645.06758,2940271.27471674,994.6,1.2604850099915532e-16,1027.0,BID
218,1712301645.0702586,2940281.32900993,994.6,1.292906134635042e-09,1027.0,BID
219,1712301660.187294,2940281.32900993,994.6,0.0,1027.0,BID
220,1712301690.1868815,2940281.32900993,994.6,0.0,1027.0,BID
221,1712301720.1366055,2940281.32900993,994.6,0.0,1027.0,BID
222,1712301750.1166232,2940281.32900993,994.6,0.0,1027.0,BID
223,1712301780.2058954,2940281.32900993,994.6,0.0,1027.0,BID
224,1712301780.4763875,2940381.32900993,993.7,-1.2859227870207136e-08,1027.0,ASK
225,1712301805.2056742,2940608.58581525,993.7,2.9223470446626706e-08,1027.0,BID
226,1712301810.185522,2940608.58581525,993.7,0.0,1027.0,BID
227,1712301817.165493,2940917.37482625,993.7,3.970622214465889e-08,1027.0,BID
228,1712301817.1753929,2940917.37482639,993.7,1.7963382626330778e-17,1027.0,BID
229,1712301840.1352563,2940917.37482639,993.7,0.0,1027.0,BID
230,1712301870.1501017,2940917.37482639,993.7,0.0,1027.0,BID
231,1712301900.1949394,2940917.37482639,993.7,0.0,1027.0,BID
232,1712301930.1783442,2940917.37482639,993.7,0.0,1027.0,BID
233,1712301933.4546669,2940917.37482651,993.7,1.5472128168915792e-17,1027.0,BID
234,1712301933.4580507,2941338.69799451,993.7,5.4259470969141337e-08,1027.0,BID
235,1712301943.5741844,2941543.01713872,993.4,-2.6312933908463724e-08,1027.0,ASK
236,1712301953.694152,2942247.73877367,993.3,-9.075651660550952e-08,1027.0,ASK
237,1712301953.7542157,2943578.85397051,993.2,1.7142567004405128e-07,1027.0,BID
238,1712301953.7571533,2948800.92128112,993.2,6.725160901638303e-07,1027.0,BID
239,1712301960.1240716,2948800.92128112,993.2,0.0,1027.0,BID
240,1712301973.509091,2951250.39549243,993.3,-3.151340710847958e-07,1027.0,ASK
241,1712301975.0359626,2951755.5480485,993.3,-6.498977649090277e-08,1027.0,ASK
242,1712301990.12369,2951755.5480485,993.3,-0.0,1027.0,ASK
243,1712302020.213776,2951755.5480485,993.3,-0.0,1027.0,ASK
244,1712302050.184595,2951755.5480485,993.3,-0.0,1027.0,ASK
245,1712302050.5551183,2951882.0534625,994.9,1.6269254469956372e-08,1027.0,BID
246,1712302050.6534066,2951882.05346293,994.9,5.527520670018224e-17,1027.0,BID
247,1712302050.6556437,2952384.3656685,995.1,6.459996325346583e-08,1027.0,BID
248,1712302080.1230538,2952384.3656685,995.1,0.0,1027.0,BID
249,1712302110.1137583,2952384.3656685,995.1,0.0,1027.0,BID
250,1712302122.0528653,2952684.3656685,995.1,-3.8578456554820176e-08,1027.0,ASK
251,1712302140.1833966,2952684.3656685,995.1,-0.0,1027.0,ASK
252,1712302158.037167,2953389.28979672,995.1,-9.064613633046861e-08,1027.0,ASK
253,1712302170.1741626,2953389.28979672,995.1,-0.0,1027.0,ASK
254,1712302172.0727422,2953399.33096551,995.9,1.2910766206443215e-09,1027.0,BID
255,1712302200.2830975,2953399.33096551,995.9,0.0,1027.0,BID
256,1712302230.1920726,2953399.33096551,995.9,0.0,1027.0,BID
257,1712302252.7420564,2953731.07194215,994.3,-4.275611562704658e-08,1027.0,ASK
258,1712302260.121862,2953731.07194215,994.3,-0.0,1027.0,ASK
259,1712302282.191681,2953889.17194215,994.3,-2.0375699705320097e-08,1027.0,ASK
260,1712302282.6716387,2955840.10896733,994.3,-2.514339466731629e-07,1027.0,ASK
261,1712302290.1215894,2955840.10896733,994.3,-0.0,1027.0,ASK
262,1712302299.2616322,2957485.98379333,994.3,2.1206065936534666e-07,1027.0,BID
263,1712302320.171276,2957485.98379333,994.3,0.0,1027.0,BID
264,1712302350.1713262,2957485.98379333,994.3,0.0,1027.0,BID
265,1712302358.571385,2957485.98379409,994.3,9.789534278821183e-17,1027.0,BID
266,1712302358.574351,2957927.02251433,994.7,5.6813096695443634e-08,1027.0,BID
267,1712302380.1145513,2957927.02251433,994.7,0.0,1027.0,BID
268,1712302410.1108427,2957927.02251433,994.7,0.0,1027.0,BID
269,1712302440.191918,2957927.02251433,994.7,0.0,1027.0,BID
270,1712302470.190769,2957927.02251433,994.7,0.0,1027.0,BID
271,1712302500.130549,2957927.02251433,994.7,0.0,1027.0,BID
272,1712302510.792413,2958227.02251433,994.7,3.878663967961328e-08,1027.0,BID
273,1712302521.7830343,2958410.60398688,994.7,-2.3735028092112225e-08,1027.0,ASK
274,1712302530.1402297,2958410.60398688,994.7,-0.0,1027.0,ASK
275,1712302539.772199,2958846.37126588,994.9,5.63363245427084e-08,1027.0,BID
276,1712302539.7746024,2958846.37126628,994.9,5.1712697331986076e-17,1027.0,BID
277,1712302540.4903553,2959097.70332528,994.7,3.24923993290902e-08,1027.0,BID
278,1712302540.5302925,2959097.7033262,994.7,1.1895726417695518e-16,1027.0,BID
279,1712302560.1710272,2959097.7033262,994.7,0.0,1027.0,BID
280,1712302590.1801667,2959097.7033262,994.7,0.0,1027.0,BID
281,1712302612.920019,2959507.5577742,995.2,5.29816121425611e-08,1027.0,BID
282,1712302612.9399796,2959507.5577745,995.2,3.8766047013307903e-17,1027.0,BID
283,1712302620.1500528,2959507.5577745,995.2,0.0,1027.0,BID
284,1712302635.2500846,2959770.54030111,995.8,3.399378406118186e-08,1027.0,BID
285,1712302650.1198008,2959770.54030111,995.8,0.0,1027.0,BID
286,1712302657.5901415,2960081.90333061,995.8,4.0246207400646655e-08,1027.0,BID
287,1712302657.5933828,2960609.78582611,995.9,6.823311178326921e-08,1027.0,BID
288,1712302657.609722,2960609.78582701,995.9,1.1634826332135197e-16,1027.0,BID
289,1712302665.859828,2960710.01635722,997.7,1.295561233836827e-08,1027.0,BID
290,1712302672.3000796,2960810.21675803,998.0,1.2951717868084626e-08,1027.0,BID
291,1712302672.3035614,2961290.37875392,998.0,6.206484855807377e-08,1027.0,BID
292,1712302672.339773,2961712.02036523,998.0,-5.450061224277015e-08,1027.0,ASK
293,1712302680.1707387,2961712.02036523,998.0,-0.0,1027.0,ASK
294,1712302691.9597497,2962246.38009923,998.2,6.905306953365842e-08,1027.0,BID
295,1712302691.9796586,2962246.38009961,998.2,4.910317299711136e-17,1027.0,BID
296,1712302710.1797383,2962246.38009961,998.2,0.0,1027.0,BID
297,1712302722.4296618,2962754.64748743,998.9,6.567673794297126e-08,1027.0,BID
298,1712302723.6696403,2963299.49377146,996.3,-7.040334964028231e-08,1027.0,ASK
299,1712302740.1093652,2963299.49377146,996.3,-0.0,1027.0,ASK
300,1712302754.2493374,2963309.5359486,998.7,1.2974429088152701e-09,1027.0,BID
301,1712302770.1234777,2963309.5359486,998.7,0.0,1027.0,BID
302,1712302794.3414958,2963509.28776123,997.9,2.5807773890450853e-08,1027.0,BID
303,1712302800.1458278,2963509.28776123,997.9,0.0,1027.0,BID
304,1712302820.4992368,2963709.23688978,997.9,2.597238071675758e-08,1027.0,BID
305,1712302829.9191306,2963719.26195243,997.5,1.30220494454123e-09,1027.0,BID
306,1712302830.123551,2963719.26195243,997.5,0.0,1027.0,BID
307,1712302860.1791005,2963719.26195243,997.5,0.0,1027.0,BID
308,1712302886.3793814,2965724.27448375,997.5,2.6043390090602384e-07,1027.0,BID
309,1712302887.2888732,2965734.2995464,997.5,1.3021695036697143e-09,1027.0,BID
310,1712302890.190555,2965734.2995464,997.5,0.0,1027.0,BID
311,1712302908.809074,2965740.31157044,998.0,7.807064397456469e-10,1027.0,BID
312,1712302920.140414,2965740.31157044,998.0,0.0,1027.0,BID
313,1712302948.118518,2965750.33161053,998.0,1.3011763888549158e-09,1027.0,BID
314,1712302948.1987495,2966189.98653255,998.0,-5.7092446599651234e-08,1027.0,ASK
315,1712302950.1203077,2966189.98653255,998.0,-0.0,1027.0,ASK
316,1712302980.178322,2966189.98653255,998.0,-0.0,1027.0,ASK
317,1712303010.170107,2966189.98653255,998.0,-0.0,1027.0,ASK
318,1712303040.1381664,2966189.98653255,998.0,-0.0,1027.0,ASK
319,1712303049.1395586,2966540.68793535,997.9,4.5538519722768526e-08,1027.0,BID
320,1712303070.1195722,2966540.68793535,997.9,0.0,1027.0,BID
321,1712303100.138481,2966540.68793535,997.9,0.0,1027.0,BID
322,1712303105.3931713,2968467.42907145,996.3,-2.512264518620913e-07,1027.0,ASK
323,1712303105.3980432,2969035.98751028,996.3,-7.413394388446079e-08,1027.0,ASK
324,1712303105.4525373,2969337.13185828,996.2,-3.926600446151368e-08,1027.0,ASK
325,1712303105.471044,2969337.1318588,996.2,-6.7821173893133e-17,1027.0,ASK
326,1712303126.9380107,2969367.2614158,995.7,-3.928572219415724e-09,1027.0,ASK
327,1712303130.1225598,2969367.2614158,995.7,-0.0,1027.0,ASK
328,1712303160.1377506,2969367.2614158,995.7,-0.0,1027.0,ASK
329,1712303190.1275475,2969367.2614158,995.7,-0.0,1027.0,ASK
330,1712303220.1789258,2969367.2614158,995.7,-0.0,1027.0,ASK
331,1712303222.1407795,2969487.42273498,996.0,-1.5662000929663666e-08,1027.0,ASK
332,1712303228.2677667,2969607.58405416,996.0,-1.5662000929663666e-08,1027.0,ASK
333,1712303250.1781664,2969607.58405416,996.0,-0.0,1027.0,ASK
334,1712303280.118315,2969607.58405416,996.0,-0.0,1027.0,ASK
335,1712303289.2738423,2969607.58405425,995.7,-1.171376351792127e-17,1027.0,ASK
336,1712303310.1286583,2969607.58405425,995.7,-0.0,1027.0,ASK
337,1712303340.1912415,2969607.58405425,995.7,-0.0,1027.0,ASK
338,1712303340.7660875,2970291.97160314,994.1,-8.920128453494252e-08,1027.0,ASK
339,1712303340.7677274,2970609.76293946,994.3,-4.142009225595656e-08,1027.0,ASK
340,1712303363.529491,2971052.24862395,996.2,5.7672427718526855e-08,1027.0,BID
341,1712303363.5323422,2971419.76293946,996.2,4.7900855416874296e-08,1027.0,BID
342,1712303365.4390538,2975169.76293946,996.2,4.887651997009311e-07,1027.0,BID
343,1712303366.499106,2976336.08143996,996.2,1.5201490528310128e-07,1027.0,BID
344,1712303366.5028718,2978782.06318796,996.2,3.18802868673647e-07,1027.0,BID
345,1712303366.5391555,2981034.60401751,996.2,2.935902849038697e-07,1027.0,BID
346,1712303370.182374,2981034.60401751,996.2,0.0,1027.0,BID
347,1712303371.0390072,2983661.57424518,996.2,3.418852670494056e-07,1027.0,BID
348,1712303400.1610997,2983661.57424518,996.2,0.0,1027.0,BID
349,1712303430.1197202,2983661.57424518,996.2,0.0,1027.0,BID
350,1712303456.7002027,2984875.67779065,996.2,-1.582834637233659e-07,1027.0,ASK
351,1712303460.1798518,2984875.67779065,996.2,-0.0,1027.0,ASK
352,1712303490.173612,2985875.67779065,997.5,1.303500922946058e-07,1027.0,BID
353,1712303490.18312,2985875.67779065,997.5,0.0,1027.0,BID
354,1712303492.164001,2986377.5850382,996.2,-6.541515048772875e-08,1027.0,ASK
355,1712303518.6200817,2987183.26568652,996.2,-1.0500689342937085e-07,1027.0,ASK
356,1712303519.080989,2988473.15771263,996.2,-1.681156855431369e-07,1027.0,ASK
357,1712303519.082766,2988526.06676703,996.2,-6.895803502800192e-09,1027.0,ASK
358,1712303520.1469817,2988526.06676703,996.2,-0.0,1027.0,ASK
359,1712303550.1201005,2988526.06676703,996.2,-0.0,1027.0,ASK
360,1712303580.1920323,2988526.06676703,996.2,-0.0,1027.0,ASK
361,1712303602.5904653,2988578.88974403,996.2,-6.8822164500518414e-09,1027.0,ASK
362,1712303610.180469,2988578.88974403,996.2,-0.0,1027.0,ASK
363,1712303611.0002997,2988578.88974434,996.2,-4.040609120823463e-17,1027.0,ASK
364,1712303629.3104546,2988729.30261324,996.2,1.95969042690691e-08,1027.0,BID
365,1712303634.7747536,2988769.0536944,994.3,-5.179065712771021e-09,1027.0,ASK
366,1712303634.7765388,2988819.34032821,994.3,-6.551715660995476e-09,1027.0,ASK
367,1712303639.113798,2988849.29832821,994.3,3.903150457719025e-09,1027.0,BID
368,1712303640.1306744,2988849.29832821,994.3,0.0,1027.0,BID
369,1712303640.773985,2992599.29832821,994.3,4.885606836740286e-07,1027.0,BID
370,1712303649.410747,2992941.37133241,994.3,4.456624554619028e-08,1027.0,BID
371,1712303666.7008405,2993246.50559772,994.3,3.9753761405944e-08,1027.0,BID
372,1712303670.1280537,2993246.50559772,994.3,0.0,1027.0,BID
373,1712303677.080717,2995746.50559772,994.3,3.255217003179105e-07,1027.0,BID
374,1712303682.260766,2996758.74622557,994.3,1.318025161234327e-07,1027.0,BID
375,1712303690.2107823,2997606.54972764,994.3,1.10391375011755e-07,1027.0,BID
376,1712303700.1531124,2997606.54972764,994.3,0.0,1027.0,BID
377,1712303712.110776,2998109.46664539,994.2,-6.55053252077464e-08,1027.0,ASK
378,1712303712.139355,2999115.30048164,994.2,-1.3101065051326502e-07,1027.0,ASK
379,1712303712.1507273,2999115.30048201,994.2,-4.821893621634422e-17,1027.0,ASK
380,1712303712.2906954,2999125.36084418,994.0,-1.3103701076537855e-09,1027.0,ASK
381,1712303712.2924714,2999446.90831188,994.1,-4.188181128540429e-08,1027.0,ASK
382,1712303712.2942183,2999750.84474436,994.0,-3.95879600574234e-08,1027.0,ASK
383,1712303712.2960117,2999911.79434701,994.1,-2.0963812692605224e-08,1027.0,ASK
384,1712303712.2977266,2999921.79434701,994.0,-1.3025078874031974e-09,1027.0,ASK
385,1712303712.3308072,3000221.47964491,994.0,-3.9034246425337e-08,1027.0,ASK
386,1712303730.1312656,3000221.47964491,994.0,-0.0,1027.0,ASK
387,1712303737.7508392,3000523.38162691,993.7,-3.930966107795939e-08,1027.0,ASK
388,1712303737.771305,3000523.38162739,993.7,-6.25118187862854e-17,1027.0,ASK
389,1712303737.8310275,3000543.51045186,993.6,-2.620907827623234e-09,1027.0,ASK
390,1712303737.8349288,3001549.95167539,993.6,-1.3104539138746745e-07,1027.0,ASK
391,1712303749.4012215,3001549.95167569,993.6,-3.9047149658940643e-17,1027.0,ASK
392,1712303749.4607828,3002258.34223852,993.6,9.2237198150174e-08,1027.0,BID
393,1712303760.0024793,3006775.48962052,993.6,5.881628581873767e-07,1027.0,BID
394,1712303760.0208087,3006775.48962135,993.6,1.0810724820169435e-16,1027.0,BID
395,1712303760.1716058,3006775.48962135,993.6,0.0,1027.0,BID
396,1712303763.5713944,3010525.48962135,993.2,-4.878614617749756e-07,1027.0,ASK
397,1712303763.5761209,3010535.55707328,993.3,-1.3097391506632043e-09,1027.0,ASK
398,1712303763.580298,3010549.46426216,993.2,-1.8092750656202238e-09,1027.0,ASK
399,1712303763.5848496,3010554.49950178,993.2,-6.550664963909224e-10,1027.0,ASK
400,1712303763.651112,3013146.82314972,993.2,3.372519478074341e-07,1027.0,BID
401,1712303763.671037,3016275.48962135,993.2,4.070282128681876e-07,1027.0,BID
402,1712303772.2110603,3016397.50890026,993.3,-1.5874267673004386e-08,1027.0,ASK
403,1712303772.9124458,3018744.46920026,993.2,-3.053310620495456e-07,1027.0,ASK
404,1712303772.971047,3020197.43038932,993.2,1.8902500522589906e-07,1027.0,BID
405,1712303772.9750934,3025897.50890026,993.2,7.41559635887827e-07,1027.0,BID
406,1712303772.9909198,3026903.56363692,994.0,1.3088408918733828e-07,1027.0,BID
407,1712303790.2011764,3026903.56363692,994.0,0.0,1027.0,BID
408,1712303820.1311302,3026903.56363692,994.0,0.0,1027.0,BID
409,1712303850.1260724,3026903.56363692,994.0,0.0,1027.0,BID
410,1712303856.171095,3026944.43832922,994.0,-5.3038551599989154e-09,1027.0,ASK
411,1712303856.1732206,3027639.31101525,994.0,-9.016591621794697e-08,1027.0,ASK
412,1712303880.2012007,3027639.31101525,994.0,-0.0,1027.0,ASK
413,1712303910.1842735,3027639.31101525,994.0,-0.0,1027.0,ASK
414,1712303940.121375,3027639.31101525,994.0,-0.0,1027.0,ASK
415,1712303970.112149,3027639.31101525,994.0,-0.0,1027.0,ASK
416,1712303995.5813866,3027813.98483448,994.0,-2.2663332171717744e-08,1027.0,ASK
417,1712303995.591287,3030200.56689556,994.0,-3.096508809606645e-07,1027.0,ASK
418,1712303995.593601,3030396.94480431,994.0,-2.547936374671699e-08,1027.0,ASK
419,1712304000.1744206,3030396.94480431,994.0,-0.0,1027.0,ASK
420,1712304004.7514691,3030422.27098508,994.0,-3.300139639112849e-09,1027.0,ASK
421,1712304004.7617345,3030922.27098508,993.3,-6.515273007554986e-08,1027.0,ASK
422,1712304004.7651925,3030924.09252596,993.2,-2.37356722554652e-10,1027.0,ASK
423,1712304016.022023,3031427.56649635,993.1,-6.560540738576033e-08,1027.0,ASK
424,1712304016.0261464,3033889.74495547,993.2,-3.20835297089755e-07,1027.0,ASK
425,1712304016.030117,3033957.67959583,993.1,-8.852254572317713e-09,1027.0,ASK
426,1712304016.0340817,3033967.75008928,993.0,-1.3122402829408062e-09,1027.0,ASK
427,1712304016.0368986,3036430.14389928,993.2,-3.208633584853048e-07,1027.0,ASK
428,1712304016.0386372,3038726.14389928,993.3,-2.991813365069249e-07,1027.0,ASK
429,1712304016.0404344,3039206.30589517,993.0,-6.256772982152793e-08,1027.0,ASK
430,1712304016.0422232,3043365.30589517,993.1,-5.419404087684236e-07,1027.0,ASK
431,1712304016.0440395,3053782.05070438,993.0,-1.3573587256406667e-06,1027.0,ASK
432,1712304016.2213202,3053938.05070437,993.0,2.032765178223663e-08,1027.0,BID
433,1712304017.1413786,3054330.75465423,993.0,5.11714688897004e-08,1027.0,BID
434,1712304017.181316,3055336.10765423,993.0,1.3100298527930408e-07,1027.0,BID
435,1712304018.0414371,3055542.83765423,993.0,2.6938047777034414e-08,1027.0,BID
436,1712304018.9912949,3055687.55765423,993.0,1.8857806193033168e-08,1027.0,BID
437,1712304020.776681,3055816.07265423,993.0,1.6746206211335567e-08,1027.0,BID
438,1712304025.1916006,3055842.11479786,991.9,-3.3934335090104398e-09,1027.0,ASK
439,1712304025.195924,3055852.19544302,992.0,-1.313563106230748e-09,1027.0,ASK
440,1712304025.200075,3055857.26772302,992.9,-6.60945779410521e-10,1027.0,ASK
441,1712304025.25827,3058913.33897689,993.0,3.982227709900372e-07,1027.0,BID
442,1712304025.2714322,3059667.68947433,993.0,9.829598868412616e-08,1027.0,BID
443,1712304025.5334013,3059699.27881292,991.4,-4.116263300889787e-09,1027.0,ASK
444,1712304025.7113986,3059730.86815151,991.4,-4.116263300829109e-09,1027.0,ASK
445,1712304026.3214982,3059962.14505837,993.0,3.0136643770723275e-08,1027.0,BID
446,1712304028.573805,3060141.83569281,993.0,2.3414670805508066e-08,1027.0,BID
447,1712304028.713236,3060173.4250314,991.7,-4.116263300829109e-09,1027.0,ASK
448,1712304030.1123705,3060173.4250314,991.7,-0.0,1027.0,ASK
449,1712304033.72128,3061350.94023334,993.0,1.528477140328166e-07,1027.0,BID
450,1712304036.4316456,3061786.06723334,993.0,5.6481790769537647e-08,1027.0,BID
451,1712304036.6414704,3062872.81604634,993.0,1.410657556872619e-07,1027.0,BID
452,1712304036.80155,3067715.84520334,993.0,6.286508525936983e-07,1027.0,BID
453,1712304038.871523,3068721.01720334,993.0,1.304766530033845e-07,1027.0,BID
454,1712304042.0414166,3068852.26720334,993.0,1.7036945623930863e-08,1027.0,BID
455,1712304043.1034029,3069857.18020334,993.0,1.3044303343073689e-07,1027.0,BID
456,1712304043.2813833,3072833.62271934,993.0,3.8635801369789053e-07,1027.0,BID
457,1712304043.2848246,3095280.19806234,993.0,2.9136844461878425e-06,1027.0,BID
458,1712304043.3014424,3098852.81869249,993.0,4.637450926537332e-07,1027.0,BID
459,1712304043.305671,3098863.3552138,993.0,1.3676963095133891e-09,1027.0,BID
460,1712304043.3099167,3098947.8552138,993.0,1.0968547849311678e-08,1027.0,BID
461,1712304043.361939,3101446.8552138,993.8,3.243834446796436e-07,1027.0,BID
462,1712304060.261143,3101446.8552138,993.8,0.0,1027.0,BID
463,1712304074.8612194,3101673.92454364,993.8,-2.9318818538345684e-08,1027.0,ASK
464,1712304090.1814656,3101673.92454364,993.8,-0.0,1027.0,ASK
465,1712304120.1440265,3101673.92454364,993.8,-0.0,1027.0,ASK
466,1712304150.1177025,3101673.92454364,993.8,-0.0,1027.0,ASK
467,1712304180.181358,3101673.92454364,993.8,-0.0,1027.0,ASK
468,1712304210.1839125,3101673.92454364,993.8,-0.0,1027.0,ASK
469,1712304240.12128,3101673.92454364,993.8,-0.0,1027.0,ASK
470,1712304254.6514635,3101900.76725028,993.8,-2.9288703937121412e-08,1027.0,ASK
471,1712304254.655957,3102868.89234401,993.8,-1.2499907827932625e-07,1027.0,ASK
472,1712304254.6603334,3102873.92454364,993.8,-6.497304114388552e-10,1027.0,ASK
473,1712304270.121279,3102873.92454364,993.8,-0.0,1027.0,ASK
474,1712304300.2013576,3102873.92454364,993.8,-0.0,1027.0,ASK
475,1712304330.1984808,3102873.92454364,993.8,-0.0,1027.0,ASK
476,1712304349.085199,3103119.41827256,994.5,3.1802392239157286e-08,1027.0,BID
477,1712304349.094192,3103458.70617564,994.5,4.395292304708874e-08,1027.0,BID
478,1712304349.48134,3103818.40403755,994.5,4.6596923442296434e-08,1027.0,BID
479,1712304360.1192632,3103818.40403755,994.5,0.0,1027.0,BID
480,1712304367.562716,3103893.47349007,994.0,-9.723660658624897e-09,1027.0,ASK
481,1712304370.703905,3104339.94325923,994.1,-5.7830720538266654e-08,1027.0,ASK
482,1712304390.1333077,3104339.94325923,994.1,-0.0,1027.0,ASK
483,1712304420.1822472,3104339.94325923,994.1,-0.0,1027.0,ASK
484,1712304450.181282,3104339.94325923,994.1,-0.0,1027.0,ASK
485,1712304452.2415593,3106820.18448923,994.6,-3.2124124789029135e-07,1027.0,ASK
486,1712304452.3919644,3108387.44941601,994.6,2.029924084656242e-07,1027.0,BID
487,1712304452.393986,3108569.05491057,994.6,2.3521573220560772e-08,1027.0,BID
488,1712304480.1320946,3108569.05491057,994.6,0.0,1027.0,BID
489,1712304510.118543,3108569.05491057,994.6,0.0,1027.0,BID
490,1712304518.351386,3108970.78233057,995.7,5.200346948674969e-08,1027.0,BID
491,1712304540.1811583,3108970.78233057,995.7,0.0,1027.0,BID
492,1712304540.7964623,3108970.78233852,995.7,1.0291017842830777e-15,1027.0,BID
493,1712304559.7412803,3109282.5145351,997.0,4.035153090887292e-08,1027.0,BID
494,1712304562.8512237,3109879.33775478,995.8,-7.725455009216148e-08,1027.0,ASK
495,1712304566.6945086,3109889.36784505,997.0,1.2983243373406011e-09,1027.0,BID
496,1712304570.1860132,3109889.36784505,997.0,0.0,1027.0,BID
497,1712304600.177816,3109889.36784505,997.0,0.0,1027.0,BID
498,1712304630.1310678,3109889.36784505,997.0,0.0,1027.0,BID
499,1712304660.1843836,3109889.36784505,997.0,0.0,1027.0,BID
500,1712304690.1731446,3109889.36784505,997.0,0.0,1027.0,BID
501,1712304705.051132,3109901.04395577,997.1,-1.519779892371506e-09,1027.0,ASK
502,1712304705.053647,3110065.73505561,997.0,-2.1436437868420292e-08,1027.0,ASK
503,1712304705.0559816,3110814.84672946,997.1,-9.750548674807437e-08,1027.0,ASK
504,1712304711.411257,3110824.2985253,997.0,-1.230259767889072e-09,1027.0,ASK
505,1712304720.1254544,3110824.2985253,997.0,-0.0,1027.0,ASK
506,1712304750.128419,3110824.2985253,997.0,-0.0,1027.0,ASK
507,1712304762.4564292,3111124.2985253,997.5,3.904370760083231e-08,1027.0,BID
508,1712304780.1817486,3111124.2985253,997.5,0.0,1027.0,BID
509,1712304785.830947,3113594.9139253,998.0,3.215274286668593e-07,1027.0,BID
510,1712304806.5811548,3113708.8988877,998.0,1.4834074080156803e-08,1027.0,BID
511,1712304806.5859106,3113714.9139253,997.9,7.828007438335902e-10,1027.0,BID
512,1712304810.1729405,3114056.91392529,998.0,4.45080932471e-08,1027.0,BID
513,1712304810.1810417,3114056.91392529,998.0,0.0,1027.0,BID
514,1712304823.5396893,3114177.57320819,998.0,1.5697392610975093e-08,1027.0,BID
515,1712304829.6711576,3115588.22941665,998.0,1.8352192894820865e-07,1027.0,BID
516,1712304838.741074,3115749.13879027,998.0,2.0933802620019303e-08,1027.0,BID
517,1712304840.1209805,3115749.13879027,998.0,0.0,1027.0,BID
518,1712304865.950999,3115864.68939147,998.0,1.5028799854086906e-08,1027.0,BID
519,1712304870.137608,3115864.68939147,998.0,0.0,1027.0,BID
520,1712304872.3010798,3116708.24968435,998.0,1.0971391345597245e-07,1027.0,BID
521,1712304875.6109962,3117961.18613435,998.2,1.629576005430489e-07,1027.0,BID
522,1712304900.1546054,3117961.18613435,998.2,0.0,1027.0,BID
523,1712304909.3008666,3117961.18613651,998.2,2.8164546345601563e-16,1027.0,BID
524,1712304918.930945,3118031.25620659,999.0,9.135678450029726e-09,1027.0,BID
525,1712304918.934713,3123257.44008434,999.0,6.813855812238458e-07,1027.0,BID
526,1712304919.0579264,3125332.44245028,999.0,-2.705371120170936e-07,1027.0,ASK
527,1712304919.1381547,3125332.44245029,999.0,-1.3356758344540513e-18,1027.0,ASK
528,1712304930.1241157,3125332.44245029,999.0,-0.0,1027.0,ASK
529,1712304945.960842,3125532.6426505,999.0,2.6076902062601824e-08,1027.0,BID
530,1712304948.1308494,3125749.15962779,999.0,-2.8202229597010894e-08,1027.0,ASK
531,1712304949.0410058,3126284.40068559,999.0,-6.971735607410234e-08,1027.0,ASK
532,1712304950.0408998,3127050.48282268,999.0,-9.978535905486397e-08,1027.0,ASK
533,1712304954.160782,3127485.70498767,999.0,-5.668948262798288e-08,1027.0,ASK
534,1712304956.1710854,3127791.16604144,999.0,-3.97875625236666e-08,1027.0,ASK
535,1712304956.1764753,3127801.18832372,999.0,-1.3054436168698948e-09,1027.0,ASK
536,1712304960.1832364,3127801.18832372,999.0,-0.0,1027.0,ASK
537,1712304990.1731546,3127801.18832372,999.0,-0.0,1027.0,ASK
538,1712305020.1318984,3127801.18832372,999.0,-0.0,1027.0,ASK
539,1712305026.9410856,3127831.55477014,999.0,3.9540847108615365e-09,1027.0,BID
540,1712305050.1251752,3127831.55477014,999.0,0.0,1027.0,BID
541,1712305080.2034876,3127831.55477014,999.0,0.0,1027.0,BID
542,1712305110.1856198,3127831.55477014,999.0,0.0,1027.0,BID
543,1712305140.1473856,3127831.55477014,999.0,0.0,1027.0,BID
544,1712305150.2508276,3127841.47677214,999.0,-1.291961558266926e-09,1027.0,ASK
545,1712305150.2561798,3127861.16037577,999.0,-2.563037098676947e-09,1027.0,ASK
546,1712305170.1272192,3127861.16037577,999.0,-0.0,1027.0,ASK
547,1712305200.240674,3127861.16037577,999.0,-0.0,1027.0,ASK
548,1712305230.127936,3127861.16037577,999.0,-0.0,1027.0,ASK
549,1712305256.4680018,3128031.56037577,998.3,-2.219935275931536e-08,1027.0,ASK
550,1712305258.0213697,3129194.40208464,999.0,1.5149256630555994e-07,1027.0,BID
551,1712305258.0252802,3130139.41154537,999.0,1.2311384025608596e-07,1027.0,BID
552,1712305258.0290716,3130145.04674537,999.0,7.34141975807118e-10,1027.0,BID
553,1712305258.0322034,3130158.12121126,998.9,1.703313852293311e-09,1027.0,BID
554,1712305258.0825126,3130585.72829272,999.0,5.5707749082824914e-08,1027.0,BID
555,1712305260.2096124,3130585.72829272,999.0,0.0,1027.0,BID
556,1712305262.0407436,3130890.79716434,999.5,3.9729642099683474e-08,1027.0,BID
557,1712305262.0457704,3130990.79716434,1000.0,1.3023171419848121e-08,1027.0,BID
558,1712305262.049929,3130996.80317035,999.9,7.82172458152626e-10,1027.0,BID
559,1712305262.053743,3131096.80317035,1000.0,1.3023171419848121e-08,1027.0,BID
560,1712305262.0575433,3131275.67466727,1000.0,2.3294741665141017e-08,1027.0,BID
561,1712305262.1680932,3131576.96516624,1000.0,3.923757815258879e-08,1027.0,BID
562,1712305262.170469,3132057.12716213,1000.0,6.25323198177298e-08,1027.0,BID
563,1712305262.1727345,3134938.09913747,1000.0,3.751939189063182e-07,1027.0,BID
564,1712305262.1805243,3135037.99923738,1001.0,1.3010161259861172e-08,1027.0,BID
565,1712305262.1829271,3135147.88934728,1001.0,1.4311177385726004e-08,1027.0,BID
566,1712305262.185176,3135543.52602896,1002.0,5.152444325499851e-08,1027.0,BID
567,1712305262.1877694,3135670.09913747,1002.0,1.6483832892702545e-08,1027.0,BID
568,1712305264.9370072,3135676.09583928,1002.0,7.809607562590746e-10,1027.0,BID
569,1712305266.7806432,3135679.43558319,1002.0,4.3494057436913326e-10,1027.0,BID
570,1712305266.7857206,3135776.19583928,1002.0,1.260125401685032e-08,1027.0,BID
571,1712305267.960563,3135787.82774109,999.2,-1.5148425121582887e-09,1027.0,ASK
572,1712305270.9725714,3135799.4596429,1000.0,-1.5148425120976448e-09,1027.0,ASK
573,1712305283.1204364,3135985.6243901,1002.0,-2.424455415117964e-08,1027.0,ASK
574,1712305290.1816342,3135985.6243901,1002.0,-0.0,1027.0,ASK
575,1712305299.0424554,3136001.72761591,1002.0,-2.095676485096081e-09,1027.0,ASK
576,1712305320.1385236,3136001.72761591,1002.0,-0.0,1027.0,ASK
577,1712305331.430874,3136055.43623035,1003.0,6.9896333383459e-09,1027.0,BID
578,1712305331.434966,3136155.13712766,1003.0,1.2975064111662892e-08,1027.0,BID
579,1712305342.61117,3136254.73872129,1004.0,1.296214074130808e-08,1027.0,BID
580,1712305342.6161044,3136310.70109389,1003.0,7.282937184210575e-09,1027.0,BID
581,1712305342.6201053,3136510.70109389,1004.0,2.6027978607390352e-08,1027.0,BID
582,1712305342.6245267,3136661.6976713,1003.0,1.9650678433086773e-08,1027.0,BID
583,1712305342.6280768,3136977.27577733,1005.0,4.106930096359437e-08,1027.0,BID
584,1712305342.6303942,3137086.83753032,1004.0,1.4258354815044981e-08,1027.0,BID
585,1712305342.6327832,3138287.13711247,1005.0,1.5620685923327722e-07,1027.0,BID
586,1712305342.635154,3138438.13368988,1003.0,1.9650678433086773e-08,1027.0,BID
587,1712305342.6375337,3140556.14756771,1005.0,2.75638099511576e-07,1027.0,BID
588,1712305350.1320543,3140556.14756771,1005.0,0.0,1027.0,BID
589,1712305359.8015318,3141411.0391962,1005.0,1.1118929309590077e-07,1027.0,BID
590,1712305359.8113124,3141849.67990601,1005.0,5.7050682006306673e-08,1027.0,BID
591,1712305359.9625854,3141948.76767555,1005.0,1.2887597307581047e-08,1027.0,BID
592,1712305362.5176702,3142041.63359594,1005.0,1.2078368411560353e-08,1027.0,BID
593,1712305372.7310455,3142311.16817305,1005.0,3.505632538088083e-08,1027.0,BID
594,1712305380.169071,3142311.16817305,1005.0,0.0,1027.0,BID
595,1712305410.1128323,3142311.16817305,1005.0,0.0,1027.0,BID
596,1712305440.211876,3142311.16817305,1005.0,0.0,1027.0,BID
597,1712305453.1616695,3142337.89507879,1005.0,3.47536937325096e-09,1027.0,BID
598,1712305470.1834764,3142337.89507879,1005.0,0.0,1027.0,BID
599,1712305488.541646,3142351.25853166,1005.0,-1.7376786173550575e-09,1027.0,ASK
600,1712305500.1254616,3142351.25853166,1005.0,-0.0,1027.0,ASK
601,1712305530.117854,3142351.25853166,1005.0,-0.0,1027.0,ASK
602,1712305539.3617449,3143966.49666029,1005.0,-2.104971224531069e-07,1027.0,ASK
603,1712305539.461621,3145586.18698706,1005.0,-2.1107733095643375e-07,1027.0,ASK
604,1712305541.4776914,3146168.33506801,1005.0,-7.58652818488387e-08,1027.0,ASK
605,1712305541.480239,3146268.33506801,1005.0,-1.3031956014538076e-08,1027.0,ASK
606,1712305560.1920428,3146268.33506801,1005.0,-0.0,1027.0,ASK
607,1712305561.1488037,3146407.47339777,1005.0,1.8123148322762097e-08,1027.0,BID
608,1712305561.1534207,3146414.48806777,1005.0,9.136799691600138e-10,1027.0,BID
609,1712305590.1826277,3146414.48806777,1005.0,0.0,1027.0,BID
610,1712305620.1569192,3146414.48806777,1005.0,0.0,1027.0,BID
611,1712305650.132259,3146414.48806777,1005.0,0.0,1027.0,BID
612,1712305680.1831489,3146414.48806777,1005.0,0.0,1027.0,BID
613,1712305710.18603,3146414.48806777,1005.0,0.0,1027.0,BID
614,1712305740.138863,3146414.48806777,1005.0,0.0,1027.0,BID
615,1712305751.4224334,3146424.46810769,1002.0,-1.299902648799228e-09,1027.0,ASK
616,1712305751.4323058,3147670.88382198,1002.0,-1.623459526682273e-07,1027.0,ASK
617,1712305764.0724075,3147680.87383197,1001.0,-1.3012012528456186e-09,1027.0,ASK
618,1712305764.0857203,3147790.87383197,1000.0,-1.4327526995018392e-08,1027.0,ASK
619,1712305764.089587,3152071.89426244,1000.0,-5.576039616707503e-07,1027.0,ASK
620,1712305770.126521,3152071.89426244,1000.0,-0.0,1027.0,ASK
621,1712305773.3727422,3152393.82240615,1002.0,4.190033049962605e-08,1027.0,BID
622,1712305786.1448665,3152436.92879337,1002.0,5.610481427136407e-09,1027.0,BID
623,1712305796.732428,3152826.15035025,1002.0,5.0658857231038336e-08,1027.0,BID
624,1712305800.1715932,3152826.15035025,1002.0,0.0,1027.0,BID
625,1712305816.5286713,3153248.91330922,1002.0,5.504509998458434e-08,1027.0,BID
626,1712305816.531458,3153325.15234625,1002.0,9.926568368857096e-09,1027.0,BID
627,1712305821.3425574,3153382.55138317,1002.0,7.473539625984471e-09,1027.0,BID
628,1712305821.34699,3154323.15633826,1002.0,1.22469797082111e-07,1027.0,BID
629,1712305830.1260662,3154323.15633826,1002.0,0.0,1027.0,BID
630,1712305860.2131195,3154323.15633826,1002.0,0.0,1027.0,BID
631,1712305865.7540874,3154371.15073826,1000.0,-6.2478053576699966e-09,1027.0,ASK
632,1712305865.7591689,3154384.50933826,1000.0,-1.738993146155376e-09,1027.0,ASK
633,1712305875.6230133,3154664.69783826,1000.0,3.647432224312287e-08,1027.0,BID
634,1712305878.652998,3154796.90522826,1000.0,1.7210467045547953e-08,1027.0,BID
635,1712305890.183813,3154796.90522826,1000.0,0.0,1027.0,BID
636,1712305899.8544326,3154801.98819532,999.9,-6.616486595028013e-10,1027.0,ASK
637,1712305899.8628726,3154825.21545804,999.9,-3.023487475078482e-09,1027.0,ASK
638,1712305920.114849,3154825.21545804,999.9,-0.0,1027.0,ASK
639,1712305930.6689174,3154835.21845894,999.7,-1.302083541072676e-09,1027.0,ASK
640,1712305930.6716042,3154848.3150179,999.7,-1.7047698023544623e-09,1027.0,ASK
641,1712305930.8518572,3154858.3200204,999.5,-1.3023440879710195e-09,1027.0,ASK
642,1712305930.854516,3155071.28814446,999.5,-2.7721909844111586e-08,1027.0,ASK
643,1712305950.1331944,3155071.28814446,999.5,-0.0,1027.0,ASK
644,1712305954.0834727,3155084.00315797,999.1,-1.65505131378707e-09,1027.0,ASK
645,1712305954.0864787,3155094.01116437,999.2,-1.302693396866201e-09,1027.0,ASK
646,1712305954.089391,3155104.02017247,999.1,-1.3028237832487555e-09,1027.0,ASK
647,1712305954.093704,3155278.55596571,999.0,-2.2718473218765053e-08,1027.0,ASK
648,1712305954.097582,3155291.39819949,999.2,-1.671610956011342e-09,1027.0,ASK
649,1712305980.1512427,3155291.39819949,999.2,-0.0,1027.0,ASK
650,1712305985.0156603,3155988.46364266,999.0,-9.073101305889294e-08,1027.0,ASK
651,1712305985.0213623,3156111.16281182,999.0,-1.5970695475489343e-08,1027.0,ASK
652,1712305985.1130428,3156294.04225311,999.0,2.3803843869287923e-08,1027.0,BID
653,1712305986.020737,3156444.33413438,999.0,1.956220147726212e-08,1027.0,BID
654,1712306002.4905229,3156454.34514649,998.9,-1.3030473384932164e-09,1027.0,ASK
655,1712306002.4939666,3156476.70028817,998.7,-2.909776508927032e-09,1027.0,ASK
656,1712306002.496771,3157723.34925202,998.9,-1.6226557280548205e-07,1027.0,ASK
657,1712306003.883082,3158373.78418695,999.0,-8.466152088488309e-08,1027.0,ASK
658,1712306010.12319,3158373.78418695,999.0,-0.0,1027.0,ASK
659,1712306040.1893964,3158373.78418695,999.0,-0.0,1027.0,ASK
660,1712306070.1840734,3158373.78418695,999.0,-0.0,1027.0,ASK
661,1712306080.933096,3158463.5379407,999.0,1.1677793791429076e-08,1027.0,BID
662,1712306080.9430866,3158503.5379407,999.0,5.204370091947735e-09,1027.0,BID
663,1712306095.6931682,3158513.54795071,999.0,1.3023949179161795e-09,1027.0,BID
664,1712306097.2931232,3158812.56927297,999.0,3.890544066057353e-08,1027.0,BID
665,1712306100.145268,3158812.56927297,999.0,0.0,1027.0,BID
666,1712306109.733421,3158843.55025395,999.0,4.035563445549663e-09,1027.0,BID
667,1712306111.313078,3159587.71544051,999.0,9.69344975309088e-08,1027.0,BID
668,1712306111.5532825,3160331.88062707,999.0,9.693449753096945e-08,1027.0,BID
669,1712306130.1146953,3160331.88062707,999.0,0.0,1027.0,BID
670,1712306139.0127769,3160573.1049744,999.9,3.1415523421021067e-08,1027.0,BID
671,1712306149.032807,3160583.1059745,999.9,-1.302466589139915e-09,1027.0,ASK
672,1712306149.042616,3160608.49793138,999.9,-3.30688682503221e-09,1027.0,ASK
673,1712306160.1726804,3160608.49793138,999.9,-0.0,1027.0,ASK
674,1712306163.7951922,3160618.50994579,998.8,-1.303854056237703e-09,1027.0,ASK
675,1712306163.8016458,3160639.90255913,999.1,-2.785937428262684e-09,1027.0,ASK
676,1712306163.8078873,3160649.91357124,998.9,-1.303723527759435e-09,1027.0,ASK
677,1712306163.831647,3160659.92358125,999.0,-1.3035930253574754e-09,1027.0,ASK
678,1712306163.8342755,3160681.79214811,998.7,-2.847920352175127e-09,1027.0,ASK
679,1712306163.836918,3160693.409327,998.9,-1.5128929301726487e-09,1027.0,ASK
680,1712306163.8395424,3160704.90912679,999.0,-1.497606774014048e-09,1027.0,ASK
681,1712306163.8421557,3160716.6448897,998.8,-1.528336001850344e-09,1027.0,ASK
682,1712306163.8484628,3160825.96942038,998.7,-1.4237218099764444e-08,1027.0,ASK
683,1712306163.8510902,3160825.96942265,998.7,-2.956325645821073e-16,1027.0,ASK
684,1712306164.032903,3160835.98444518,998.5,-1.3042458004954167e-09,1027.0,ASK
685,1712306164.0411768,3160848.2055268,998.5,-1.591538544536282e-09,1027.0,ASK
686,1712306164.1706345,3160889.7812934,998.4,-5.414368148407923e-09,1027.0,ASK
687,1712306164.1734183,3160899.80032956,998.1,-1.3047684913013263e-09,1027.0,ASK
688,1712306164.1761522,3160909.8173585,998.3,-1.3045070931696504e-09,1027.0,ASK
689,1712306164.182758,3160919.83739858,998.0,-1.3048992307551206e-09,1027.0,ASK
690,1712306164.1854868,3161307.36676321,998.3,-5.0467539627178354e-08,1027.0,ASK
691,1712306164.1884,3161808.26838397,998.2,-6.52318887348221e-08,1027.0,ASK
692,1712306164.1910727,3161830.38443965,998.4,-2.880150559664704e-09,1027.0,ASK
693,1712306164.1937752,3161842.36460593,998.3,-1.560164394411957e-09,1027.0,ASK
694,1712306164.1965256,3161942.56500673,998.0,-1.3048992307611847e-08,1027.0,ASK
695,1712306164.199252,3161952.58303918,998.2,-1.304637779197334e-09,1027.0,ASK
696,1712306164.201979,3161962.60307926,998.0,-1.3048992307551206e-09,1027.0,ASK
697,1712306170.185759,3162921.26097434,998.5,1.2484500459739298e-07,1027.0,BID
698,1712306185.8202164,3163098.08736594,999.0,2.3027914113619e-08,1027.0,BID
699,1712306190.185356,3163098.08736594,999.0,0.0,1027.0,BID
700,1712306220.114143,3163098.08736594,999.0,0.0,1027.0,BID
701,1712306250.12281,3163098.08736594,999.0,0.0,1027.0,BID
702,1712306250.9928958,3163378.41590472,998.4,-3.649507552583298e-08,1027.0,ASK
703,1712306250.998976,3163399.15655894,998.4,-2.700159411245231e-09,1027.0,ASK
704,1712306280.1927917,3163399.15655894,998.4,-0.0,1027.0,ASK
705,1712306310.2080984,3163399.15655894,998.4,-0.0,1027.0,ASK
706,1712306322.7427464,3163409.17258458,998.4,-1.303903305765605e-09,1027.0,ASK
707,1712306322.748875,3163409.1725854,998.4,-1.0675284284279299e-16,1027.0,ASK
708,1712306337.832822,3163420.34184391,998.0,-1.4540331283548812e-09,1027.0,ASK
709,1712306337.8426812,3163430.36188399,998.0,-1.304425912458814e-09,1027.0,ASK
710,1712306340.1249578,3163430.36188399,998.0,-0.0,1027.0,ASK
711,1712306353.5826964,3163574.41048275,998.3,1.8752416306449425e-08,1027.0,BID
712,1712306354.9128125,3163718.45908151,998.0,1.8752416306510047e-08,1027.0,BID
713,1712306358.7831268,3163729.74347718,997.8,-1.4690159237464602e-09,1027.0,ASK
714,1712306358.7892606,3163739.74347718,997.8,-1.301811782127638e-09,1027.0,ASK
715,1712306358.793944,3163749.7665302,997.7,-1.304812851403077e-09,1027.0,ASK
716,1712306358.7966104,3163759.79159285,997.5,-1.305074467430708e-09,1027.0,ASK
717,1712306358.7992756,3163769.81364135,997.8,-1.3046820818225542e-09,1027.0,ASK
718,1712306358.802158,3163790.67939916,997.6,-2.716328936062337e-09,1027.0,ASK
719,1712306358.804853,3163990.20414971,997.1,-2.59743671091823e-08,1027.0,ASK
720,1712306358.8075297,3164000.23021748,997.4,-1.3052053151508424e-09,1027.0,ASK
721,1712306358.810223,3164011.29105741,997.7,-1.439913174121067e-09,1027.0,ASK
722,1712306358.8129296,3164021.31913603,997.2,-1.3054670899431302e-09,1027.0,ASK
723,1712306358.8156416,3164031.34620912,997.3,-1.305336188877101e-09,1027.0,ASK
724,1712306358.8183455,3164042.29858004,997.5,-1.42579255061726e-09,1027.0,ASK
725,1712306370.157104,3164042.29858004,997.5,-0.0,1027.0,ASK
726,1712306378.455403,3164394.31259988,998.0,-4.5821957979061e-08,1027.0,ASK
727,1712306378.5328016,3164416.63474304,998.0,-2.905691956065722e-09,1027.0,ASK
728,1712306400.1508603,3164416.63474304,998.0,-0.0,1027.0,ASK
729,1712306421.172797,3164426.66382738,997.1,-1.309821522155098e-09,1027.0,ASK
730,1712306421.1827424,3164437.29499777,997.1,-1.3884553474455171e-09,1027.0,ASK
731,1712306421.1875348,3164894.57079508,997.0,-5.972127270648595e-08,1027.0,ASK
732,1712306421.1922588,3165018.37980371,997.1,-1.6169741786911652e-08,1027.0,ASK
733,1712306421.3327403,3165498.5417996,997.0,-6.271026297146547e-08,1027.0,ASK
734,1712306421.5928297,3165978.70379549,997.0,-6.271026297152627e-08,1027.0,ASK
735,1712306428.003202,3166458.86579138,997.0,-6.271026297152627e-08,1027.0,ASK
736,1712306429.3328855,3166939.02778727,997.0,-6.271026297152627e-08,1027.0,ASK
737,1712306429.4963746,3167039.32868997,997.0,-1.309952898904883e-08,1027.0,ASK
738,1712306429.504899,3168006.63472425,997.0,-1.2633239678037344e-07,1027.0,ASK
739,1712306429.5122442,3168267.88175534,997.0,-3.4119464181678454e-08,1027.0,ASK
740,1712306430.1333785,3168267.88175534,997.0,-0.0,1027.0,ASK
741,1712306431.8229463,3168465.88175534,997.0,2.5846294935855207e-08,1027.0,BID
742,1712306433.3027189,3168589.79558376,997.0,1.6175319979666385e-08,1027.0,BID
743,1712306436.047947,3168800.70453861,997.0,2.7531389149819805e-08,1027.0,BID
744,1712306442.782941,3168810.73664133,996.8,-1.30955901887306e-09,1027.0,ASK
745,1712306442.7893033,3168820.77075732,996.6,-1.3098218246978447e-09,1027.0,ASK
746,1712306442.7954688,3168830.80588025,996.5,-1.309953267516216e-09,1027.0,ASK
747,1712306442.7991903,3168941.24764731,996.0,-1.4416719619570168e-08,1027.0,ASK
748,1712306442.8020685,3168951.2868,996.1,-1.310479299622232e-09,1027.0,ASK
749,1712306442.804774,3168971.73949334,996.9,-2.6698300216956166e-09,1027.0,ASK
750,1712306442.8074968,3168981.77763829,996.2,-1.310347752495163e-09,1027.0,ASK
751,1712306442.8102174,3168991.81779893,996.0,-1.310610874285339e-09,1027.0,ASK
752,1712306442.8129475,3169192.82282405,995.0,-2.6238561428485625e-08,1027.0,ASK
753,1712306442.8159578,3169202.87004599,995.3,-1.311532634078354e-09,1027.0,ASK
754,1712306442.8187048,3169303.3523611,995.2,-1.3116644202826609e-08,1027.0,ASK
755,1712306442.821483,3169313.40160238,995.1,-1.3117962323696263e-09,1027.0,ASK
756,1712306442.8242435,3169413.90411494,995.0,-1.3119280714273205e-08,1027.0,ASK
757,1712306442.8269951,3169423.94528373,995.9,-1.310742474964834e-09,1027.0,ASK
758,1712306442.8297777,3169996.80601524,995.2,-7.477943143321566e-08,1027.0,ASK
759,1712306442.8325603,3170354.62293095,995.0,-4.670829058827511e-08,1027.0,ASK
760,1712306442.8353217,3170364.6671254,995.6,-1.3111374351075868e-09,1027.0,ASK
761,1712306442.8381069,3170384.7676279,995.0,-2.6238561412620487e-09,1027.0,ASK
762,1712306460.1843338,3170384.7676279,995.0,-0.0,1027.0,ASK
763,1712306490.2150507,3170384.7676279,995.0,-0.0,1027.0,ASK
764,1712306495.8528724,3170394.79446402,995.3,-1.3085115104922595e-09,1027.0,ASK
765,1712306495.8592772,3170394.81484985,995.3,-2.660369884939392e-12,1027.0,ASK
766,1712306498.7657945,3170404.94505786,995.1,-1.3220016390481943e-09,1027.0,ASK
767,1712306498.771078,3170409.97017844,995.2,-6.5578294508305e-10,1027.0,ASK
768,1712306498.7757998,3170887.25007785,995.1,-6.228547416420058e-08,1027.0,ASK
769,1712306498.780459,3170897.27691396,995.3,-1.3085115091553367e-09,1027.0,ASK
770,1712306520.1275914,3170897.27691396,995.3,-0.0,1027.0,ASK
771,1712306525.0376654,3171230.07344144,995.3,-4.3427368378720985e-08,1027.0,ASK
772,1712306525.0458362,3171249.95185566,995.1,-2.59397904077253e-09,1027.0,ASK
773,1712306525.0502293,3171259.58340393,995.3,-1.256842425464443e-09,1027.0,ASK
774,1712306525.0531893,3171269.63365518,995.0,-1.3114799203117232e-09,1027.0,ASK
775,1712306525.0561042,3171402.30920427,995.3,-1.7313131206054108e-08,1027.0,ASK
776,1712306525.0590675,3180536.31354153,995.0,-1.191916797122028e-06,1027.0,ASK
777,1712306525.1971588,3182769.89600562,995.0,2.914652061030473e-07,1027.0,BID
778,1712306525.2127042,3185095.86217967,995.0,3.035205644778322e-07,1027.0,BID
779,1712306525.2178435,3185878.43968897,995.0,1.0212030167091204e-07,1027.0,BID
780,1712306525.252806,3186027.6271864,995.0,1.9467812532348308e-08,1027.0,BID
781,1712306535.85283,3186037.35998366,994.9,-1.270054634173115e-09,1027.0,ASK
782,1712306535.858804,3186047.41124509,994.9,-1.311611740973084e-09,1027.0,ASK
783,1712306542.4634414,3186057.4635169,994.8,-1.3117435877027126e-09,1027.0,ASK
784,1712306542.4687102,3186067.39502071,994.8,-1.295984299407248e-09,1027.0,ASK
785,1712306550.1292326,3186067.39502071,994.8,-0.0,1027.0,ASK
786,1712306580.1625862,3186067.39502071,994.8,-0.0,1027.0,ASK
787,1712306588.102881,3186077.73517351,994.7,-1.3466573114613163e-09,1027.0,ASK
788,1712306588.1098258,3186087.7884559,994.7,-1.309296535193589e-09,1027.0,ASK
789,1712306600.8528275,3186218.19425666,994.7,1.698349419453035e-08,1027.0,BID
790,1712306607.1434135,3186482.84569087,995.0,-3.4467071788816075e-08,1027.0,ASK
791,1712306610.1274798,3186482.84569087,995.0,-0.0,1027.0,ASK
792,1712306623.7344773,3189255.10172497,994.9,-3.610273443535246e-07,1027.0,ASK
793,1712306623.7377937,3190203.36978172,994.9,-1.2349173166280668e-07,1027.0,ASK
794,1712306624.0328078,3198322.16789752,994.7,1.0573006558686532e-06,1027.0,BID
795,1712306625.4825056,3198449.82997931,994.7,1.662526902142282e-08,1027.0,BID
796,1712306629.3785658,3198560.31051903,994.7,1.4387738855015092e-08,1027.0,BID
797,1712306629.4792578,3204607.05658104,994.7,7.87459976962903e-07,1027.0,BID
798,1712306629.635563,3204883.51909416,995.6,-3.6003358166515186e-08,1027.0,ASK
799,1712306640.1827598,3204883.51909416,995.6,-0.0,1027.0,ASK
800,1712306658.505083,3204983.96103816,995.6,-1.304931943265678e-08,1027.0,ASK
801,1712306670.183067,3204983.96103816,995.6,-0.0,1027.0,ASK
802,1712306700.152951,3204983.96103816,995.6,-0.0,1027.0,ASK
803,1712306704.407268,3204989.01103816,994.3,-6.610280733471351e-10,1027.0,ASK
804,1712306704.4116046,3204989.01103871,995.6,-7.198608550950898e-17,1027.0,ASK
805,1712306704.4167843,3205089.61466044,994.0,-1.3168676880486133e-08,1027.0,ASK
806,1712306704.419854,3205099.06393128,994.3,-1.236877880792194e-09,1027.0,ASK
807,1712306704.4229395,3211140.49241786,994.0,-7.908027391872863e-07,1027.0,ASK
808,1712306704.426025,3211150.55278003,994.0,-1.3168676876524154e-09,1027.0,ASK
809,1712306704.429281,3211170.14895939,994.6,-2.565074195608303e-09,1027.0,ASK
810,1712306704.432332,3213020.62072102,995.1,-2.422205511720041e-07,1027.0,ASK
811,1712306704.4354105,3213070.84169329,995.6,-6.573756939136744e-09,1027.0,ASK
812,1712306704.4384663,3213080.19736619,994.2,-1.2246262242072787e-09,1027.0,ASK
813,1712306730.119145,3213080.19736619,994.2,-0.0,1027.0,ASK
814,1712306760.1861532,3213080.19736619,994.2,-0.0,1027.0,ASK
815,1712306790.1867244,3213080.19736619,994.2,-0.0,1027.0,ASK
816,1712306790.8586922,3213083.14207062,993.8,-3.850462200718375e-10,1027.0,ASK
817,1712306790.864149,3213885.15505109,993.8,-1.0487031005984429e-07,1027.0,ASK
818,1712306820.1292708,3213885.15505109,993.8,-0.0,1027.0,ASK
819,1712306850.1906562,3213885.15505109,993.8,-0.0,1027.0,ASK
820,1712306880.19023,3213885.15505109,993.8,-0.0,1027.0,ASK
821,1712306893.7659,3213985.52211809,994.1,1.3122511490979785e-08,1027.0,BID
822,1712306893.7905738,3214500.20983509,994.1,6.729294461274353e-08,1027.0,BID
823,1712306893.796416,3215609.58943709,994.1,1.450460495676969e-07,1027.0,BID
824,1712306893.8225555,3215885.15505109,994.1,3.60288792360579e-08,1027.0,BID
825,1712306893.8437395,3215985.52211809,994.2,1.3122511490979785e-08,1027.0,BID
826,1712306893.8624263,3217094.90172009,994.2,1.450460495676969e-07,1027.0,BID
827,1712306893.9623592,3217609.58943709,994.2,6.729294461274353e-08,1027.0,BID
828,1712306894.162546,3217735.58943709,994.2,1.6473894249171118e-08,1027.0,BID
829,1712306900.720929,3220560.37573393,994.2,3.693272280210687e-07,1027.0,BID
830,1712306900.766131,3223117.59260692,994.1,-3.343438122049826e-07,1027.0,ASK
831,1712306900.7693648,3225476.59260692,993.8,-3.084279089983704e-07,1027.0,ASK
832,1712306900.7724416,3226647.61628582,993.5,-1.5310571626569324e-07,1027.0,ASK
833,1712306906.152913,3226656.60946146,993.5,-1.175814479792127e-09,1027.0,ASK
834,1712306906.159356,3226685.58578256,993.5,-3.788514678854485e-09,1027.0,ASK
835,1712306906.1646824,3227685.58578256,993.0,-1.3074519245373904e-07,1027.0,ASK
836,1712306906.1696904,3230167.97875256,993.5,-3.245609466084494e-07,1027.0,ASK
837,1712306906.1727252,3233368.99585275,993.0,-4.185175968120267e-07,1027.0,ASK
838,1712306906.2526343,3235520.92343317,993.0,2.8135418564857334e-07,1027.0,BID
839,1712306908.7026334,3235536.45580574,993.8,-2.030783040884068e-09,1027.0,ASK
840,1712306910.182497,3235536.45580574,993.8,-0.0,1027.0,ASK
841,1712306912.6932168,3235874.89620397,994.2,4.4125336321498655e-08,1027.0,BID
842,1712306940.144321,3235874.89620397,994.2,0.0,1027.0,BID
843,1712306970.130381,3235874.89620397,994.2,0.0,1027.0,BID
844,1712306986.2126222,3235883.35008336,995.0,-1.1021553849718255e-09,1027.0,ASK
845,1712306990.122544,3236141.35008336,994.2,3.3636165860380784e-08,1027.0,BID
846,1712306990.41013,3236486.16804336,994.2,4.495486083024248e-08,1027.0,BID
847,1712306990.6824627,3236982.16804336,994.2,6.466487700290259e-08,1027.0,BID
848,1712306991.7125597,3237623.95034336,994.2,8.36709142986795e-08,1027.0,BID
849,1712306991.858166,3237785.95034335,994.2,2.1120383213322087e-08,1027.0,BID
850,1712307000.1440823,3237785.95034335,994.2,0.0,1027.0,BID
851,1712307000.684636,3238534.95034335,994.2,9.784735116091297e-08,1027.0,BID
852,1712307005.8326266,3238543.49824073,994.0,-1.1166743880015738e-09,1027.0,ASK
853,1712307005.8397434,3239015.11233924,994.0,-6.161040094708783e-08,1027.0,ASK
854,1712307005.9925232,3239495.27433513,994.0,-6.27270753350894e-08,1027.0,ASK
855,1712307006.859555,3239870.09324073,994.0,-4.896533655271114e-08,1027.0,ASK
1055,1712307006.859555,3239870.09324073,994.0,-4.8965336552711143e-08,1027.0,ASK
856,1712307006.8658738,3239970.69686246,994.0,-1.3142587321076424e-08,1027.0,ASK
857,1712307008.8225474,3239998.23661337,994.1,3.5977191964818483e-09,1027.0,BID
858,1712307008.8297358,3240002.97608193,994.0,6.191514613018405e-10,1027.0,BID
859,1712307015.6553571,3240011.18782355,993.9,-1.0727599010810646e-09,1027.0,ASK
860,1712307015.6587214,3240768.90178016,993.8,-9.898571908140557e-08,1027.0,ASK
861,1712307015.774681,3241214.89413079,993.8,-5.8263244522262094e-08,1027.0,ASK
862,1712307015.780226,3241223.53015413,993.8,-1.1281869270557563e-09,1027.0,ASK
863,1712307022.9431832,3241232.25609273,993.5,-1.1399332154939275e-09,1027.0,ASK
864,1712307028.5624669,3241240.63971298,993.3,-1.095213664359529e-09,1027.0,ASK
865,1712307030.116799,3241240.63971298,993.3,-0.0,1027.0,ASK
866,1712307031.7842102,3241248.9419587,993.0,-1.084096798677807e-09,1027.0,ASK
867,1712307031.787521,3241287.98166858,992.7,-5.0977561891692375e-09,1027.0,ASK
868,1712307031.7906954,3241296.802005,992.8,-1.1517484303611395e-09,1027.0,ASK
869,1712307031.793841,3241968.62183196,992.7,-8.77253875968347e-08,1027.0,ASK
870,1712307040.903336,3241977.785981,993.0,1.1966430496063839e-09,1027.0,BID
871,1712307043.6817956,3241986.69815228,992.5,-1.1637401108062648e-09,1027.0,ASK
872,1712307060.1842303,3241986.69815228,992.5,-0.0,1027.0,ASK
873,1712307065.3774848,3241996.77879744,992.0,-1.3161906725121095e-09,1027.0,ASK
874,1712307065.3834722,3242106.86785993,992.0,-1.4373901163116931e-08,1027.0,ASK
875,1712307069.5726752,3242417.42554653,991.7,-4.054831053777837e-08,1027.0,ASK
876,1712307069.8322952,3242962.03736041,991.7,-7.110784857232484e-08,1027.0,ASK
877,1712307069.9123402,3243115.2373265,991.7,-2.00027243485364e-08,1027.0,ASK
878,1712307069.9157443,3243123.3849417,991.7,-1.063802460936498e-09,1027.0,ASK
879,1712307082.9525876,3243131.45429507,991.3,-1.053584117873436e-09,1027.0,ASK
880,1712307082.9660378,3243736.72010763,991.3,-7.902720552257582e-08,1027.0,ASK
881,1712307088.3724854,3243737.05199031,991.0,-4.3332632111782094e-11,1027.0,ASK
882,1712307088.382452,3243747.14280766,991.0,-1.317518815796754e-09,1027.0,ASK
883,1712307088.3880734,3243847.14280766,991.0,-1.3056611472623673e-08,1027.0,ASK
884,1712307090.1745608,3243847.14280766,991.0,-0.0,1027.0,ASK
885,1712307091.005514,3243855.06108864,990.1,-1.033610230093829e-09,1027.0,ASK
886,1712307091.016306,3243963.62841887,991.0,-1.4171801110439874e-08,1027.0,ASK
887,1712307091.0198646,3245294.33868236,990.1,-1.7370383106821974e-07,1027.0,ASK
888,1712307091.212279,3245510.33868236,990.1,2.8195489687084287e-08,1027.0,BID
889,1712307091.2523956,3245648.01247288,990.1,1.7971203429583666e-08,1027.0,BID
890,1712307091.272498,3248141.87203288,990.1,3.2553514585652925e-07,1027.0,BID
891,1712307091.3725042,3248376.66755072,990.1,3.0648956489954275e-08,1027.0,BID
892,1712307091.452378,3249147.24056392,990.1,1.005864974390042e-07,1027.0,BID
893,1712307092.872592,3249248.05717849,991.9,1.3160063964805082e-08,1027.0,BID
894,1712307118.0526652,3249308.66323909,990.0,-7.911192391757027e-09,1027.0,ASK
895,1712307118.060337,3249386.88170561,990.0,-1.0210222065337653e-08,1027.0,ASK
896,1712307118.0711887,3249918.05717849,990.0,-6.93368174426575e-08,1027.0,ASK
897,1712307120.1308467,3249918.05717849,990.0,-0.0,1027.0,ASK
898,1712307121.252235,3250001.93221066,990.0,-1.0940015969015253e-08,1027.0,ASK
899,1712307121.2557256,3250025.25546185,990.0,-3.042106022106501e-09,1027.0,ASK
900,1712307150.1231124,3250025.25546185,990.0,-0.0,1027.0,ASK
901,1712307180.1915417,3250025.25546185,990.0,-0.0,1027.0,ASK
902,1712307184.8880448,3250126.06191346,991.6,1.314823847388149e-08,1027.0,BID
903,1712307190.482501,3250149.61163959,991.0,-3.071603158396826e-09,1027.0,ASK
904,1712307195.1625135,3251368.7373237,991.6,1.59011203830032e-07,1027.0,BID
905,1712307210.1993203,3251368.7373237,991.6,0.0,1027.0,BID
906,1712307240.129005,3251368.7373237,991.6,0.0,1027.0,BID
907,1712307270.1424105,3251368.7373237,991.6,0.0,1027.0,BID
908,1712307283.4726298,3251639.10493678,991.8,-3.525806355220378e-08,1027.0,ASK
909,1712307285.3422306,3251739.10493678,991.8,-1.3040786635112496e-08,1027.0,ASK
910,1712307300.1480906,3251739.10493678,991.8,-0.0,1027.0,ASK
911,1712307304.2301695,3251934.72736002,991.8,-2.5524217475096764e-08,1027.0,ASK
912,1712307307.612456,3253694.38367701,991.8,-2.295945923396648e-07,1027.0,ASK
913,1712307307.619369,3254241.51725633,991.8,-7.138832162075241e-08,1027.0,ASK
914,1712307311.6026204,3257905.70230077,992.1,-4.780916951865008e-07,1027.0,ASK
915,1712307311.6362689,3259003.92713793,992.1,-1.432930290707518e-07,1027.0,ASK
916,1712307329.2726085,3259071.5190412,992.1,-8.819185500572175e-09,1027.0,ASK
917,1712307330.1225998,3259071.5190412,992.1,-0.0,1027.0,ASK
918,1712307360.1948383,3259071.5190412,992.1,-0.0,1027.0,ASK
919,1712307365.862769,3259077.4304612,992.2,-7.70572746016367e-10,1027.0,ASK
920,1712307365.982882,3262025.26081104,992.1,-3.8425923509903e-07,1027.0,ASK
921,1712307365.9902854,3262067.82254704,992.1,-5.548060159108238e-09,1027.0,ASK
922,1712307369.4927993,3262547.98454293,992.1,-6.25906715677678e-08,1027.0,ASK
923,1712307369.7927852,3263028.14653882,992.1,-6.25906715677678e-08,1027.0,ASK
924,1712307369.8126397,3263984.74055077,992.1,-1.2469512818201413e-07,1027.0,ASK
925,1712307374.4328134,3264789.90192532,992.0,1.0495539335653329e-07,1027.0,BID
926,1712307388.583127,3265521.90192532,992.1,-9.541857119007396e-08,1027.0,ASK
927,1712307390.1953473,3265521.90192532,992.1,-0.0,1027.0,ASK
928,1712307408.4629452,3266025.88337881,992.1,-6.564085903899024e-08,1027.0,ASK
929,1712307420.115625,3266025.88337881,992.1,-0.0,1027.0,ASK
930,1712307425.2429829,3266881.54736356,992.1,-1.1143834989227421e-07,1027.0,ASK
931,1712307425.2527971,3266926.04811878,991.9,-5.795605306552941e-09,1027.0,ASK
932,1712307429.3829808,3267083.18059271,991.9,-2.0464322352407883e-08,1027.0,ASK
933,1712307440.4828413,3267183.99720728,991.9,1.3129963828782978e-08,1027.0,BID
934,1712307450.1308138,3267183.99720728,991.9,0.0,1027.0,BID
935,1712307480.1851768,3267183.99720728,991.9,0.0,1027.0,BID
936,1712307486.0231042,3267327.88333878,991.9,1.8736366725886408e-08,1027.0,BID
937,1712307492.683077,3271077.88333878,992.9,4.883123515062216e-07,1027.0,BID
938,1712307492.6931112,3272140.37716171,992.9,1.383543619028645e-07,1027.0,BID
939,1712307492.6988182,3275890.37716171,993.3,4.883123515062216e-07,1027.0,BID
940,1712307492.702264,3276477.56001518,993.6,7.646097065123017e-08,1027.0,BID
941,1712307510.1830487,3276477.56001518,993.6,0.0,1027.0,BID
942,1712307514.1561017,3277393.12263407,993.6,1.190783660232048e-07,1027.0,BID
943,1712307514.273075,3277592.87583345,993.6,-2.5979964777184384e-08,1027.0,ASK
944,1712307514.2790816,3278991.14822912,993.6,-1.818597534416837e-07,1027.0,ASK
945,1712307528.533296,3282484.57764162,993.6,-4.543565428242475e-07,1027.0,ASK
946,1712307540.1251552,3282484.57764162,993.6,-0.0,1027.0,ASK
947,1712307570.138943,3282484.57764162,993.6,-0.0,1027.0,ASK
948,1712307589.033362,3285528.28382701,993.0,-3.9555833473301577e-07,1027.0,ASK
949,1712307600.1775272,3285528.28382701,993.0,-0.0,1027.0,ASK
950,1712307630.1277385,3285528.28382701,993.0,-0.0,1027.0,ASK
951,1712307660.1834898,3285528.28382701,993.0,-0.0,1027.0,ASK
952,1712307690.219184,3285528.28382701,993.0,-0.0,1027.0,ASK
953,1712307706.8039615,3285638.51439487,993.2,1.4341097412145105e-08,1027.0,BID
954,1712307720.1235702,3285638.51439487,993.2,0.0,1027.0,BID
955,1712307750.1223185,3285638.51439487,993.2,0.0,1027.0,BID
956,1712307750.525249,3285668.95764797,993.2,3.96063857978981e-09,1027.0,BID
957,1712307751.4334114,3285839.88370618,993.2,-2.2237319323788328e-08,1027.0,ASK
958,1712307780.1773353,3285839.88370618,993.2,-0.0,1027.0,ASK
959,1712307790.4736128,3286320.04570207,993.0,-6.24669984311058e-08,1027.0,ASK
960,1712307790.7944112,3286339.88370618,993.0,-2.580838513287973e-09,1027.0,ASK
961,1712307790.8247182,3286360.02469308,993.0,-2.6202552635811968e-09,1027.0,ASK
962,1712307810.1880589,3286360.02469308,993.0,-0.0,1027.0,ASK
963,1712307814.817025,3287468.44871508,992.4,-1.441914812342759e-07,1027.0,ASK
964,1712307815.0362413,3287468.44871565,992.4,-7.414557305844587e-17,1027.0,ASK
965,1712307815.0891073,3288715.95168936,992.1,-1.6228383547561317e-07,1027.0,ASK
966,1712307815.0927303,3288811.18828795,992.2,-1.2389036998331532e-08,1027.0,ASK
967,1712307815.0962715,3288821.26588545,992.3,-1.3109637484767992e-09,1027.0,ASK
968,1712307815.0997891,3289067.29768347,992.2,-3.2005521969139164e-08,1027.0,ASK
969,1712307815.1033404,3289077.37629665,992.2,-1.3110958752216483e-09,1027.0,ASK
970,1712307815.194845,3294962.77788189,992.1,-7.656138403633757e-07,1027.0,ASK
971,1712307815.200799,3296238.66952565,992.1,-1.6597683048788176e-07,1027.0,ASK
972,1712307815.2547262,3296339.47597726,992.0,-1.3113602093749456e-08,1027.0,ASK
973,1712307815.2595873,3296349.55662242,992.0,-1.311360209217447e-09,1027.0,ASK
974,1712307815.265746,3297333.72398216,992.1,-1.28027313164241e-07,1027.0,ASK
975,1712307816.1669383,3297343.80666011,991.8,-1.311624648676842e-09,1027.0,ASK
976,1712307816.170638,3297353.89035477,991.7,-1.311756909295643e-09,1027.0,ASK
977,1712307816.1742296,3297454.71713436,991.8,-1.3116246498338529e-08,1027.0,ASK
978,1712307816.7721603,3297555.56425013,991.6,-1.3118891969557704e-08,1027.0,ASK
979,1712307816.7759376,3297773.55085324,991.6,-2.8357208584217405e-08,1027.0,ASK
980,1712307840.1556976,3297773.55085324,991.6,-0.0,1027.0,ASK
981,1712307843.4359033,3297779.59314931,993.0,7.848676195973731e-10,1027.0,BID
1181,1712307843.4359033,3297779.59314931,993.0,7.848676195973732e-10,1027.0,BID
982,1712307870.1254528,3297779.59314931,993.0,0.0,1027.0,BID
983,1712307900.183612,3297779.59314931,993.0,0.0,1027.0,BID
984,1712307907.5339837,3297789.678878,991.5,-1.314702509703331e-09,1027.0,ASK
985,1712307907.5403318,3297890.53616493,991.5,-1.3147025100918126e-08,1027.0,ASK
986,1712307907.5464258,3298001.49037031,991.4,-1.4463186226614852e-08,1027.0,ASK
987,1712307911.70482,3298102.38836036,991.1,-1.3152330864724834e-08,1027.0,ASK
988,1712307911.708676,3298203.26599578,991.3,-1.3149677582594504e-08,1027.0,ASK
989,1712307911.7123387,3298203.26599656,991.4,-1.016728872251214e-16,1027.0,ASK
990,1712307911.7159815,3298213.35579577,991.1,-1.315233113186655e-09,1027.0,ASK
991,1712307911.719649,3298223.44355931,991.3,-1.314967757998439e-09,1027.0,ASK
992,1712307911.7638094,3299292.23368775,991.0,-1.3931973656952076e-07,1027.0,ASK
993,1712307911.7715545,3299369.59213518,991.0,-1.0083886658895157e-08,1027.0,ASK
994,1712307911.7765045,3299369.59213726,991.0,-2.7114793267738347e-16,1027.0,ASK
995,1712307911.7800975,3302792.92729187,991.0,-4.462411648819713e-07,1027.0,ASK
996,1712307930.187888,3302792.92729187,991.0,-0.0,1027.0,ASK
997,1712307930.6262937,3302843.37628793,991.1,-6.571909341182024e-09,1027.0,ASK
998,1712307930.6315038,3303273.08928776,991.0,-5.5978019349445775e-08,1027.0,ASK
999,1712307931.1637838,3303516.75292427,991.0,-3.1741668892253615e-08,1027.0,ASK
1000,1712307931.3836155,3306930.88311995,991.0,-4.447532335091195e-07,1027.0,ASK
1201,1712307932.7740777,3307973.25875331,991.0,-1.3578859237838166e-07,1027.0,ASK
1202,1712307951.8939998,3308139.4142282,991.8,2.164480570075658e-08,1027.0,BID
1203,1712307958.2200494,3308487.24698563,991.8,4.531161224700678e-08,1027.0,BID
1204,1712307958.2224607,3308668.58459677,991.9,2.36225581008222e-08,1027.0,BID
1205,1712307958.2236712,3309147.5671519,992.0,6.239628484528465e-08,1027.0,BID
1206,1712307960.123775,3309147.5671519,992.0,0.0,1027.0,BID
1207,1712307990.126987,3309147.5671519,992.0,0.0,1027.0,BID
1208,1712308001.0636754,3309173.46262158,991.1,-3.370595504042937e-09,1027.0,ASK
1209,1712308001.0649047,3309347.79176195,991.1,-2.26909580717234e-08,1027.0,ASK
1210,1712308001.0660975,3309416.8662049,991.1,-8.990839313949651e-09,1027.0,ASK
1211,1712308001.1340785,3313342.41666525,991.0,-5.109558890444345e-07,1027.0,ASK
1212,1712308001.1367092,3313352.5074826,991.0,-1.3134368293856791e-09,1027.0,ASK
1213,1712308001.139335,3313352.50748276,991.0,-2.0850257443353164e-17,1027.0,ASK
1214,1712308001.141979,3313453.41565632,991.0,-1.3134368301675638e-08,1027.0,ASK
1215,1712308002.40427,3313554.33401336,990.9,-1.3135693799696836e-08,1027.0,ASK
1216,1712308002.4063694,3313564.42584906,990.9,-1.313569379442366e-09,1027.0,ASK
1217,1712308002.407766,3313675.44724432,990.8,-1.4450721316921684e-08,1027.0,ASK
1218,1712308002.537096,3313775.44724432,990.7,-1.3016158987264886e-08,1027.0,ASK
1219,1712308002.5438364,3313886.47984752,990.7,-1.4452180160218693e-08,1027.0,ASK
1220,1712308002.5451877,3313896.57677805,990.4,-1.3142325306083668e-09,1027.0,ASK
1221,1712308002.546605,3313997.54608338,990.4,-1.3142325310084009e-08,1027.0,ASK
1222,1712308002.548721,3313997.54608496,990.8,-2.0565384739912002e-16,1027.0,ASK
1223,1712308002.6136253,3314007.62774641,990.4,1.3122450829172531e-09,1027.0,BID
1224,1712308020.1981936,3314007.62774641,990.4,0.0,1027.0,BID
1225,1712308046.406649,3315017.62673641,990.1,-1.3138071418954096e-07,1027.0,ASK
1226,1712308046.4100862,3315118.60623757,990.3,-1.3135418066991693e-08,1027.0,ASK
1227,1712308046.4113634,3315219.59593662,990.2,-1.3136744609042432e-08,1027.0,ASK
1228,1712308046.4126165,3315330.69582552,990.1,-1.4451878560830729e-08,1027.0,ASK
1229,1712308046.4138985,3315340.79377563,990.3,-1.313541805948061e-09,1027.0,ASK
1230,1712308046.415164,3315350.89274553,990.2,-1.313674460256109e-09,1027.0,ASK
1231,1712308046.4163983,3315381.1407794,990.1,-3.9346656105183925e-09,1027.0,ASK
1232,1712308046.554046,3315542.75694101,990.0,-2.1023037594224818e-08,1027.0,ASK
1233,1712308046.555545,3316125.49429588,990.0,-7.580250141420235e-08,1027.0,ASK
1234,1712308046.5567646,3318691.94744865,990.0,-3.3384434190866254e-07,1027.0,ASK
1235,1712308047.6743715,3319503.94809165,990.0,-1.05625080278281e-07,1027.0,ASK
1236,1712308050.2042265,3319503.94809165,990.0,-0.0,1027.0,ASK
1237,1712308053.4805002,3321227.31533765,990.0,-2.240171221398335e-07,1027.0,ASK
1238,1712308053.5829978,3321570.7976023,990.0,-4.4648584688822345e-08,1027.0,ASK
1239,1712308053.584333,3321939.42113622,990.0,-4.791664888224933e-08,1027.0,ASK
1240,1712308054.484052,3322040.43123723,990.0,-1.3130104560043e-08,1027.0,ASK
1241,1712308054.4894292,3324823.75742372,990.0,-3.6179910214786754e-07,1027.0,ASK
1242,1712308061.2638562,3324929.2722049,990.0,-1.3715659084322964e-08,1027.0,ASK
1243,1712308061.26628,3325434.32270962,990.0,-6.565052275723845e-08,1027.0,ASK
1244,1712308061.2691538,3325444.42371972,990.0,-1.3130104558711331e-09,1027.0,ASK
1245,1712308061.2836456,3325444.42372005,990.0,-4.291605060799346e-17,1027.0,ASK
1246,1712308063.7708657,3325444.42372079,989.9,-9.618279889436052e-17,1027.0,ASK
1247,1712308063.7759633,3325646.46433095,989.9,-2.6262861934048894e-08,1027.0,ASK
1248,1712308063.7773194,3325757.58666579,989.9,-1.444457396654534e-08,1027.0,ASK
1249,1712308064.253404,3325858.617177,989.8,-1.3132757641792362e-08,1027.0,ASK
1250,1712308064.254808,3325868.72022812,989.8,-1.3132757641065995e-09,1027.0,ASK
1251,1712308064.958825,3325969.77115778,989.6,-1.3135411796019276e-08,1027.0,ASK
1252,1712308064.963945,3326070.81187718,989.7,-1.3134084584346753e-08,1027.0,ASK
1253,1712308065.6212456,3326171.89345,989.3,-1.3139395040176898e-08,1027.0,ASK
1254,1712308065.6226568,3326272.99546018,989.1,-1.3142051652482654e-08,1027.0,ASK
1255,1712308065.7380576,3326283.10668363,989.0,-1.3143380691628359e-09,1027.0,ASK
1256,1712308065.739474,3326283.10668538,989.1,-2.274732273410993e-16,1027.0,ASK
1257,1712308065.7408228,3326384.21891996,989.0,-1.3143380702100117e-08,1027.0,ASK
1258,1712308065.7421849,3326586.46383855,988.9,-2.6289419585453853e-08,1027.0,ASK
1259,1712308065.743552,3327684.2391166,989.0,-1.426976514238567e-07,1027.0,ASK
1260,1712308065.7449057,3328389.75104818,988.9,-9.17081097570446e-08,1027.0,ASK
1261,1712308073.7142308,3328389.75104904,988.9,-1.1179964100559083e-16,1027.0,ASK
1262,1712308073.7156878,3328589.75104904,988.5,-2.5997607028887562e-08,1027.0,ASK
1263,1712308073.7170644,3328690.92466296,988.4,-1.3151359281967221e-08,1027.0,ASK
1264,1712308073.718443,3331725.82602866,988.5,-3.945008653844765e-07,1027.0,ASK
1265,1712308073.7198288,3331826.95871474,988.8,-1.3146039152411341e-08,1027.0,ASK
1266,1712308073.7212112,3331928.12209359,988.5,-1.3150028845295738e-08,1027.0,ASK
1267,1712308073.7226229,3332029.30594218,988.3,-1.3152689666582564e-08,1027.0,ASK
1268,1712308073.8181033,3333148.76847272,988.2,-1.455167347626936e-07,1027.0,ASK
1269,1712308073.8237095,3333148.76847518,988.3,-3.197820809055422e-16,1027.0,ASK
1270,1712308080.1290631,3333148.76847518,988.3,-0.0,1027.0,ASK
1271,1712308080.8285544,3333158.88993266,988.0,-1.3133639015339381e-09,1027.0,ASK
1272,1712308080.8307114,3333260.10450755,988.0,-1.3133639027182556e-08,1027.0,ASK
1273,1712308080.832101,3333260.10450844,988.2,-1.1547097737377121e-16,1027.0,ASK
1274,1712308080.8334856,3333381.55693918,988.0,-1.575971035834784e-08,1027.0,ASK
1275,1712308080.8636386,3333381.5569401,988.0,-1.193985616381852e-16,1027.0,ASK
1276,1712308081.4478838,3333584.0065801,987.9,-2.6269936872473425e-08,1027.0,ASK
1277,1712308083.454106,3333584.00658075,987.9,-8.435242512495271e-17,1027.0,ASK
1278,1712308083.457218,3333589.06934649,987.8,-6.569462725957113e-10,1027.0,ASK
1279,1712308083.4603083,3334611.64705227,987.7,-1.3269004468504134e-07,1027.0,ASK
1280,1712308083.4625528,3334621.77055905,987.8,-1.3136298194725015e-09,1027.0,ASK
1281,1712308110.197233,3334621.77055905,987.8,-0.0,1027.0,ASK
1282,1712308119.5942123,3334631.9022713,987.0,-1.3144463955962991e-09,1027.0,ASK
1283,1712308119.5973914,3334637.07499949,987.1,-6.710883369620068e-10,1027.0,ASK
1284,1712308119.6005552,3334667.45493849,987.0,-3.9413674936691525e-09,1027.0,ASK
1285,1712308119.603073,3334702.94267195,987.1,-4.604031597390642e-09,1027.0,ASK
1286,1712308119.6044924,3334718.14631936,987.0,-1.972458262238902e-09,1027.0,ASK
1287,1712308119.6059165,3334728.2811121,986.7,-1.314846045619588e-09,1027.0,ASK
1288,1712308119.6106155,3334930.91535728,987.0,-2.6288927935426627e-08,1027.0,ASK
1289,1712308119.6120825,3335133.57013486,986.9,-2.629159172397012e-08,1027.0,ASK
1290,1712308119.6135328,3335143.70595484,986.6,-1.314979315477566e-09,1027.0,ASK
1291,1712308119.614977,3335153.83664068,987.1,-1.3143132334546411e-09,1027.0,ASK
1292,1712308119.6164165,3335265.28547552,987.0,-1.4458910363279405e-08,1027.0,ASK
1293,1712308119.617862,3335275.41821439,986.9,-1.314579585044618e-09,1027.0,ASK
1294,1712308119.6193182,3335376.71481082,986.7,-1.3141800988673377e-08,1027.0,ASK
1295,1712308119.620768,3335386.84652307,987.0,-1.3144463955962991e-09,1027.0,ASK
1296,1712308119.622225,3335396.98439817,986.4,-1.3152459382613535e-09,1027.0,ASK
1297,1712308119.654184,3338565.23096379,986.4,4.110351908742527e-07,1027.0,BID
1298,1712308119.6739728,3339576.16519006,986.4,1.3115442060773396e-07,1027.0,BID
1299,1712308121.48763,3339738.16519006,986.4,2.101720921730072e-08,1027.0,BID
1300,1712308122.7387874,3342245.87195006,986.4,3.253394915466588e-07,1027.0,BID
1301,1712308124.2140434,3345995.87195006,986.4,4.865094726227017e-07,1027.0,BID
1302,1712308124.3939085,3346707.68000972,986.4,9.23470303236457e-08,1027.0,BID
1303,1712308124.493959,3348843.10418869,986.4,2.770410909697289e-07,1027.0,BID
1304,1712308124.5384445,3349484.49838369,986.4,8.321182708074603e-08,1027.0,BID
1305,1712308124.5410285,3351121.48768669,986.4,2.123762139977172e-07,1027.0,BID
1306,1712308124.5738983,3351690.33642731,986.4,7.380008021364259e-08,1027.0,BID
1307,1712308125.4139986,3352171.13426631,987.0,6.237672082399228e-08,1027.0,BID
1308,1712308125.4344614,3352171.13426729,987.0,1.2716929612939395e-16,1027.0,BID
1309,1712308125.5538402,3352303.22048429,987.1,1.7136318872865005e-08,1027.0,BID
1310,1712308125.5572047,3352303.22048444,987.1,1.951338843220629e-17,1027.0,BID
1311,1712308140.1866202,3352303.22048444,987.1,0.0,1027.0,BID
1312,1712308150.754142,3352404.52734291,987.1,-1.3113458909095882e-08,1027.0,ASK
1313,1712308150.758015,3352515.96488722,987.1,-1.4424804799137485e-08,1027.0,ASK
1314,1712308150.8739753,3353357.18338422,987.1,1.088898062837372e-07,1027.0,BID
1315,1712308150.893859,3353357.18338495,987.1,9.445338844808488e-17,1027.0,BID
1316,1712308170.1740274,3353357.18338495,987.1,0.0,1027.0,BID
1317,1712308171.5744195,3353407.84194624,987.0,-6.556510809782228e-09,1027.0,ASK
1318,1712308171.5779424,3353519.29078108,987.0,-1.4424323781677598e-08,1027.0,ASK
1319,1712308171.5942388,3353569.95960961,986.8,-6.5578396526925135e-09,1027.0,ASK
1320,1712308171.5969272,3353580.09337531,986.8,-1.3115679297309055e-09,1027.0,ASK
1321,1712308176.054471,3353680.09337531,986.1,-1.2942552340200768e-08,1027.0,ASK
1322,1712308176.056386,3353984.32215535,986.1,-3.937496909063797e-08,1027.0,ASK
1323,1712308176.0579236,3353989.42215535,986.3,-6.600701693622929e-10,1027.0,ASK
1324,1712308176.0594602,3354040.1166702,986.3,-6.5611641180920995e-09,1027.0,ASK
1325,1712308176.06097,3354141.53654849,986.0,-1.3126320831055671e-08,1027.0,ASK
1326,1712308176.0625286,3354192.24134516,986.1,-6.562494848007738e-09,1027.0,ASK
1327,1712308176.0640652,3354202.38333298,986.0,-1.3126320819001983e-09,1027.0,ASK
1328,1712308176.0656133,3354212.52223595,986.3,-1.3122328236304735e-09,1027.0,ASK
1329,1712308176.0671449,3355708.56224838,986.0,-1.936257616390903e-07,1027.0,ASK
1330,1712308176.068672,3355738.98512638,986.1,-3.9374969085394614e-09,1027.0,ASK
1331,1712308176.0702026,3355840.40500467,986.0,-1.3126320831055671e-08,1027.0,ASK
1332,1712308176.071745,3355850.545964,986.1,-1.312498969071185e-09,1027.0,ASK
1333,1712308176.0732749,3355865.79101304,986.0,-1.973098451329961e-09,1027.0,ASK
1334,1712308180.810671,3359378.97101304,986.0,4.546951603054268e-07,1027.0,BID
1335,1712308182.2339597,3362048.76978761,986.0,3.455401037767903e-07,1027.0,BID
1336,1712308190.924106,3362481.31671842,986.4,-5.598261291601249e-08,1027.0,ASK
1337,1712308190.9277525,3363470.691059,986.4,-1.2805029187006264e-07,1027.0,ASK
1338,1712308197.6339474,3364435.07393038,986.4,1.2481575788829736e-07,1027.0,BID
1339,1712308198.4595048,3365682.91404038,986.4,1.615023593587977e-07,1027.0,BID
1340,1712308198.4625876,3365845.97459738,986.4,2.110419793593152e-08,1027.0,BID
1341,1712308198.4740431,3366995.36087766,986.4,1.4875992091633508e-07,1027.0,BID
1342,1712308200.1973698,3366995.36087766,986.4,0.0,1027.0,BID
1343,1712308230.1431906,3366995.36087766,986.4,0.0,1027.0,BID
1344,1712308240.8343236,3367005.49258991,987.0,-1.3186279463979295e-09,1027.0,ASK
1345,1712308243.6845925,3368048.47078463,986.7,-1.3574212937689304e-07,1027.0,ASK
1346,1712308243.761258,3368878.11253041,986.7,-1.0797669381987021e-07,1027.0,ASK
1347,1712308245.2444448,3368888.24732315,986.7,-1.3190288677981882e-09,1027.0,ASK
1348,1712308245.2544656,3370039.61097452,986.7,-1.4984834248244424e-07,1027.0,ASK
1349,1712308255.2680836,3370047.43343974,987.0,1.018082728205565e-09,1027.0,BID
1350,1712308260.2275202,3370047.43343974,987.0,0.0,1027.0,BID
1351,1712308264.291366,3370057.57542756,986.0,-1.3194481520300202e-09,1027.0,ASK
1352,1712308264.2942357,3370076.86075291,985.9,-2.508974310093984e-09,1027.0,ASK
1353,1712308283.1552918,3370415.62333309,986.5,4.407219455610133e-08,1027.0,BID
1354,1712308283.1744945,3371288.98196503,986.5,1.13621851397087e-07,1027.0,BID
1355,1712308290.186022,3371288.98196503,986.5,0.0,1027.0,BID
1356,1712308305.534563,3371390.34016491,986.6,-1.3184356527365221e-08,1027.0,ASK
1357,1712308307.4847157,3372732.92764117,986.6,-1.7463956519695222e-07,1027.0,ASK
1358,1712308310.5280366,3373794.23471503,986.6,-1.3805149325216582e-07,1027.0,ASK
1359,1712308310.529811,3373911.69614071,986.6,-1.5279013599371755e-08,1027.0,ASK
1360,1712308310.671423,3375565.84190971,986.6,2.15166090089908e-07,1027.0,BID
1361,1712308310.6732004,3375565.84191004,986.6,4.294537697048121e-17,1027.0,BID
1362,1712308310.7545364,3377840.84191004,987.4,2.9592485990545415e-07,1027.0,BID
1363,1712308320.1284266,3377840.84191004,987.4,0.0,1027.0,BID
1364,1712308322.1048348,3378029.84191004,987.6,-2.4563867086987294e-08,1027.0,ASK
1365,1712308323.9646823,3379198.98565316,987.5,1.5195074873854914e-07,1027.0,BID
1366,1712308323.9684744,3380130.12201014,987.5,1.2101751170751376e-07,1027.0,BID
1367,1712308327.154536,3380140.24756704,987.6,1.315993829978654e-09,1027.0,BID
1368,1712308330.034609,3380640.24756704,987.4,6.498377536240025e-08,1027.0,BID
1369,1712308350.134738,3380640.24756704,987.4,0.0,1027.0,BID
1370,1712308356.045609,3383703.71390504,988.7,3.98008220249521e-07,1027.0,BID
1371,1712308356.0511458,3387098.02035904,988.7,4.409912568583045e-07,1027.0,BID
1372,1712308356.0646276,3387282.85494504,988.7,2.4013870726082923e-08,1027.0,BID
1373,1712308356.145748,3389883.74291764,988.7,3.379096353050704e-07,1027.0,BID
1374,1712308366.664425,3390363.90491353,988.0,-6.238306556370398e-08,1027.0,ASK
1375,1712308366.7461257,3392209.70909153,988.0,2.398084897170601e-07,1027.0,BID
1376,1712308366.7844272,3392209.70909169,988.0,2.075119845131145e-17,1027.0,BID
1377,1712308370.074535,3392310.85200663,988.7,1.3140575780718553e-08,1027.0,BID
1378,1712308370.9046311,3392687.48818907,988.0,-4.8932901528914163e-08,1027.0,ASK
1379,1712308370.9071517,3393586.34527413,988.7,-1.167802969615388e-07,1027.0,ASK
1380,1712308376.0847106,3393687.64187056,987.8,-1.316054221403728e-08,1027.0,ASK
1381,1712308380.1852026,3393687.64187056,987.8,-0.0,1027.0,ASK
1382,1712308392.748383,3393788.75410514,989.0,1.3114613390538584e-08,1027.0,BID
1383,1712308410.17888,3393788.75410514,989.0,0.0,1027.0,BID
1384,1712308414.6846669,3394788.75410514,989.0,1.2970184415443562e-07,1027.0,BID
1385,1712308440.1485257,3394788.75410514,989.0,0.0,1027.0,BID
1386,1712308451.0955584,3394793.80357011,990.6,6.548409187887324e-10,1027.0,BID
1387,1712308457.0845642,3394803.91479356,989.1,-1.311276124006334e-09,1027.0,ASK
1388,1712308463.62493,3395309.47596646,989.0,-6.55638062526743e-08,1027.0,ASK
1389,1712308463.6288624,3395319.59435156,988.3,-1.3122048840655428e-09,1027.0,ASK
1390,1712308463.632206,3395329.70557501,989.0,-1.311276124006334e-09,1027.0,ASK
1391,1712308463.6352189,3395339.8229364,988.4,-1.312072124049781e-09,1027.0,ASK
1392,1712308463.6412644,3395544.46098444,988.0,-2.6538527982015693e-08,1027.0,ASK
1393,1712308463.643472,3395554.57732232,988.5,-1.3119393899410643e-09,1027.0,ASK
1394,1712308463.6451883,3395564.69775547,988.1,-1.312470485864287e-09,1027.0,ASK
1395,1712308463.6469593,3395815.03713936,988.0,-3.2465315262671214e-08,1027.0,ASK
1396,1712308463.7246876,3395973.97385155,988.0,-2.061174070129976e-08,1027.0,ASK
1397,1712308463.7282145,3396178.61189959,988.0,-2.6538527982015693e-08,1027.0,ASK
1398,1712308463.7313623,3396206.95104132,987.8,-3.6751675115351667e-09,1027.0,ASK
1399,1712308463.734702,3396421.71054684,988.0,-2.7851131308334387e-08,1027.0,ASK
1400,1712308464.9959106,3396565.7591456,989.0,1.8680972602934772e-08,1027.0,BID
1401,1712308470.1394043,3396565.7591456,989.0,0.0,1027.0,BID
1402,1712308490.4747782,3396781.2869166,989.0,2.7944398927352115e-08,1027.0,BID
1403,1712308493.1212118,3396781.28691713,989.0,6.870746599441413e-17,1027.0,BID
1404,1712308493.1321924,3396940.02359064,989.0,2.0581110770004283e-08,1027.0,BID
1405,1712308493.134051,3396960.4703626,989.1,2.651040048197652e-09,1027.0,BID
1406,1712308500.1433587,3396960.4703626,989.1,0.0,1027.0,BID
1407,1712308500.2646656,3398567.8453626,989.9,2.0882818279548442e-07,1027.0,BID
1408,1712308500.2669902,3398567.84536273,989.1,1.687898151896355e-17,1027.0,BID
1409,1712308500.3295512,3398759.51226373,989.9,2.4901128011781123e-08,1027.0,BID
1410,1712308530.1342547,3398759.51226373,989.9,0.0,1027.0,BID
1411,1712308560.13747,3398759.51226373,989.9,0.0,1027.0,BID
1412,1712308561.7741416,3398769.62553233,988.8,-1.3135994905991361e-09,1027.0,ASK
1413,1712308561.777388,3399184.79181373,988.8,-5.3925415940107176e-08,1027.0,ASK
1414,1712308561.7939892,3399184.79181469,988.8,-1.247183121651877e-16,1027.0,ASK
1415,1712308561.834159,3399189.84997186,988.7,-6.569975489660511e-10,1027.0,ASK
1416,1712308561.8381371,3399199.96528644,988.6,-1.313865240342407e-09,1027.0,ASK
1417,1712308561.8413289,3399210.07957793,988.7,-1.313732352436437e-09,1027.0,ASK
1418,1712308578.554151,3399215.1377351,988.6,6.569975489660511e-10,1027.0,BID
1419,1712308578.8851926,3399225.25611922,988.3,-1.3142639389596683e-09,1027.0,ASK
1420,1712308578.8892689,3399235.3724571,988.5,-1.3139981554662424e-09,1027.0,ASK
1421,1712308579.064451,3399235.37245808,988.3,-1.2725864636059888e-16,1027.0,ASK
1422,1712308579.0684826,3399245.49391556,988.0,-1.3146631337888755e-09,1027.0,ASK
1423,1712308579.0725338,3400264.46407955,987.9,-1.323527280164583e-07,1027.0,ASK
1424,1712308579.0753913,3400274.5845127,988.1,-1.314530084813621e-09,1027.0,ASK
1425,1712308579.0772138,3400279.64574132,988.1,-6.573964956892853e-10,1027.0,ASK
1426,1712308579.0790582,3400289.76822335,987.9,-1.3147962111916791e-09,1027.0,ASK
1427,1712308583.954821,3401712.19195283,987.9,-1.8475679430584122e-07,1027.0,ASK
1428,1712308585.1441722,3402494.52500404,987.9,-1.0161623686765016e-07,1027.0,ASK
1429,1712308585.4041774,3405199.31583904,987.9,-3.513218133144061e-07,1027.0,ASK
1430,1712308585.4242225,3406250.5758766,987.9,-1.3654681829049478e-07,1027.0,ASK
1431,1712308585.444288,3407867.47160034,987.9,-2.1001651227669133e-07,1027.0,ASK
1432,1712308585.4644265,3409393.28009195,987.9,-1.9818530849278005e-07,1027.0,ASK
1433,1712308585.5244253,3410377.23009989,987.8,-1.2780400485203866e-07,1027.0,ASK
1434,1712308585.5268466,3410387.35360667,987.8,-1.3149293147236343e-09,1027.0,ASK
1435,1712308585.6444802,3410397.47916357,987.6,-1.315195602110492e-09,1027.0,ASK
1436,1712308585.6488848,3410407.60369531,987.7,-1.3150624454734559e-09,1027.0,ASK
1437,1712308585.6532078,3410417.73027758,987.5,-1.315328786146848e-09,1027.0,ASK
1438,1712308585.656006,3410427.8578839,987.4,-1.315461798650161e-09,1027.0,ASK
1439,1712308585.6578755,3410731.68611967,987.4,-3.9463859957536296e-08,1027.0,ASK
1440,1712308590.1241598,3410731.68611967,987.4,-0.0,1027.0,ASK
1441,1712308602.084658,3410741.81577931,987.2,-1.3137103087888632e-09,1027.0,ASK
1442,1712308602.088997,3410751.94441295,987.3,-1.3135772473336795e-09,1027.0,ASK
1443,1712308602.0931666,3410762.07509879,987.1,-1.3138433961519454e-09,1027.0,ASK
1444,1712308602.0973473,3410964.72987289,986.9,-2.628219262224927e-08,1027.0,ASK
1445,1712308602.0996711,3410964.72987442,987.4,-1.9844604514130163e-16,1027.0,ASK
1446,1712308602.1015558,3410974.86158667,987.0,-1.313976510691145e-09,1027.0,ASK
1447,1712308602.2126217,3410974.86159015,986.9,-4.513047155632828e-16,1027.0,ASK
1448,1712308602.2842596,3412914.19859015,986.9,2.51511610421845e-07,1027.0,BID
1449,1712308620.1841257,3412914.19859015,986.9,0.0,1027.0,BID
1450,1712308650.180339,3412914.19859015,986.9,0.0,1027.0,BID
1451,1712308673.224186,3412924.33235585,986.8,-1.313875800472291e-09,1027.0,ASK
1452,1712308674.8141332,3412930.41384784,986.6,7.88485287023994e-10,1027.0,BID
1453,1712308680.1157384,3412930.41384784,986.6,0.0,1027.0,BID
1454,1712308694.144047,3413031.77204771,986.6,1.3141394193954952e-08,1027.0,BID
1455,1712308695.8421812,3413041.91197875,986.2,-1.3146724297123515e-09,1027.0,ASK
1456,1712308695.845757,3413131.11725204,986.1,-1.1565730863280994e-08,1027.0,ASK
1457,1712308695.8478143,3413148.81737371,986.2,-2.294873788649285e-09,1027.0,ASK
1458,1712308695.849793,3413525.3554633,986.1,-4.881929109507466e-08,1027.0,ASK
1459,1712308696.054217,3414423.99726343,986.6,1.1651160093409827e-07,1027.0,BID
1460,1712308696.0586746,3415423.9972633,986.6,1.2965299511114828e-07,1027.0,BID
1461,1712308696.074213,3415423.99726343,986.6,1.6844452191474838e-17,1027.0,BID
1462,1712308706.2842038,3415525.35546243,986.6,1.3141394081115237e-08,1027.0,BID
1463,1712308710.1345654,3415525.35546243,986.6,0.0,1027.0,BID
1464,1712308714.4969554,3415606.84618345,986.3,-1.0562010503024992e-08,1027.0,ASK
1465,1712308740.191089,3415606.84618345,986.3,-0.0,1027.0,ASK
1466,1712308770.184932,3415606.84618345,986.3,-0.0,1027.0,ASK
1467,1712308784.9541707,3415722.35671369,986.3,-1.4971161245150562e-08,1027.0,ASK
1468,1712308784.957794,3415822.35671369,986.3,-1.2960862714470394e-08,1027.0,ASK
1469,1712308785.4741488,3416416.88443891,986.1,-7.70559222652529e-08,1027.0,ASK
1470,1712308785.4844,3416427.02539824,986.1,-1.3143558166790206e-09,1027.0,ASK
1471,1712308785.4878683,3416710.71469939,986.1,-3.676858085768156e-08,1027.0,ASK
1472,1712308791.6241667,3416971.24054185,986.3,3.3766396777001825e-08,1027.0,BID
1473,1712308792.5044198,3417153.60863157,986.3,2.3636477743569332e-08,1027.0,BID
1474,1712308798.3843007,3417579.13417427,986.3,5.5151781404377694e-08,1027.0,BID
1475,1712308800.1676435,3417579.13417427,986.3,0.0,1027.0,BID
1476,1712308817.3313696,3417589.27616209,986.0,-1.320179500693576e-09,1027.0,ASK
1477,1712308817.3334925,3417605.01368837,986.0,-2.048549057275989e-09,1027.0,ASK
1478,1712308818.2058113,3417615.15773381,985.8,-1.3204473405116187e-09,1027.0,ASK
1479,1712308818.2149937,3417825.65698322,985.9,-2.7400623913468743e-08,1027.0,ASK
1480,1712308818.2169352,3418521.03176767,985.9,-9.051672631156868e-08,1027.0,ASK
1481,1712308818.218911,3418607.26490147,985.7,-1.1224941061566092e-08,1027.0,ASK
1482,1712308818.2208498,3418617.407918,985.9,-1.3203134076309895e-09,1027.0,ASK
1483,1712308818.404276,3418737.40791799,985.6,1.5620363866158028e-08,1027.0,BID
1484,1712308822.4442575,3418747.55505142,985.5,-1.320849303238282e-09,1027.0,ASK
1485,1712308822.448887,3419432.55505142,985.5,-8.916624374359765e-08,1027.0,ASK
1486,1712308824.4303532,3419483.29586733,985.4,-6.604916728735905e-09,1027.0,ASK
1487,1712308824.4325118,3419498.51912691,985.4,-1.981607115721888e-09,1027.0,ASK
1488,1712308829.09422,3419504.43111322,985.3,-7.69561477853127e-10,1027.0,ASK
1489,1712308829.0978658,3419555.17707891,985.3,-6.6055870740878415e-09,1027.0,ASK
1490,1712308829.1013727,3419580.20480015,985.3,-3.257850937821384e-09,1027.0,ASK
1491,1712308830.1248634,3419580.20480015,985.3,-0.0,1027.0,ASK
1492,1712308842.364068,3419800.4910342,986.6,2.86672323760009e-08,1027.0,BID
1493,1712308842.3676224,3420476.76809968,986.6,8.80081856693474e-08,1027.0,BID
1494,1712308842.4584591,3420595.12411406,986.6,-1.5402412147783324e-08,1027.0,ASK
1495,1712308847.5867524,3420601.12411406,985.7,7.808177165392884e-10,1027.0,BID
1496,1712308848.8341568,3421284.36618753,985.3,-8.891458594176964e-08,1027.0,ASK
1497,1712308860.1881917,3421284.36618753,985.3,-0.0,1027.0,ASK
1498,1712308882.1342442,3421478.4831469,985.3,-2.5256137016548263e-08,1027.0,ASK
1499,1712308885.5941875,3422322.7321469,985.7,1.0984340826953624e-07,1027.0,BID
