,time,acc_trade_volume,trade_price,dev,high,ask_bid
0,1712300395.5212958,2552092.91370181,1062.0,0.0,1113.0,ASK
1,1712300400.3521757,2552092.91370181,1062.0,-0.0,1113.0,ASK
2,1712300408.0722663,2552230.50662641,1062.0,-1.8515564330366323e-08,1113.0,ASK
3,1712300430.2845297,2552230.50662641,1062.0,-0.0,1113.0,ASK
4,1712300460.3924704,2552230.50662641,1062.0,-0.0,1113.0,ASK
5,1712300463.6725404,2552637.15019041,1062.0,-5.4720015889194976e-08,1113.0,ASK
6,1712300490.3761127,2552637.15019041,1062.0,-0.0,1113.0,ASK
7,1712300520.2726502,2552637.15019041,1062.0,-0.0,1113.0,ASK
8,1712300550.2627456,2552637.15019041,1062.0,-0.0,1113.0,ASK
9,1712300563.092847,2552637.15019098,1062.0,-7.669351217505926e-17,1113.0,ASK
10,1712300563.102703,2553579.65725841,1061.0,-1.268211508624805e-07,1113.0,ASK
11,1712300580.3628862,2553579.65725841,1061.0,-0.0,1113.0,ASK
12,1712300591.0428069,2553579.65725978,1061.0,-1.843153238906604e-16,1113.0,ASK
13,1712300610.3850017,2553579.65725978,1061.0,-0.0,1113.0,ASK
14,1712300640.2831354,2553579.65725978,1061.0,-0.0,1113.0,ASK
15,1712300643.8944776,2554239.41220794,1061.0,8.876286204696137e-08,1113.0,BID
16,1712300670.2857945,2554239.41220794,1061.0,0.0,1113.0,BID
17,1712300700.383224,2554239.41220794,1061.0,0.0,1113.0,BID
18,1712300702.9332705,2554305.44994378,1060.0,-8.891561448833665e-09,1113.0,ASK
19,1712300709.7937636,2554310.69763027,1059.0,-7.065676358555991e-10,1113.0,ASK
20,1712300709.794777,2554315.9431449,1059.0,-7.06275208698872e-10,1113.0,ASK
21,1712300712.1532035,2554547.9431449,1058.0,-3.123732559717643e-08,1113.0,ASK
22,1712300713.7431395,2554801.58446111,1058.0,-3.415119129034566e-08,1113.0,ASK
23,1712300715.613389,2554987.65892416,1058.0,-2.5053743912107383e-08,1113.0,ASK
24,1712300715.6150005,2555663.51872711,1058.0,-9.100022725337729e-08,1113.0,ASK
25,1712300716.9732938,2555937.11872711,1058.0,-3.6838501221510266e-08,1113.0,ASK
26,1712300718.1233127,2556136.43872711,1058.0,-2.6837171284648776e-08,1113.0,ASK
27,1712300718.223014,2556417.30366728,1058.0,-3.78166792453165e-08,1113.0,ASK
28,1712300722.333262,2556598.64554937,1058.0,-2.4416531962296293e-08,1113.0,ASK
29,1712300724.003497,2556617.54914105,1058.0,-2.5452484838807103e-09,1113.0,ASK
30,1712300724.0049267,2557667.53165018,1058.0,-1.4137347202171834e-07,1113.0,ASK
31,1712300724.006321,2557684.54174602,1058.0,-2.290301302537525e-09,1113.0,ASK
32,1712300724.007744,2561836.26066046,1057.0,-5.590025668893518e-07,1113.0,ASK
33,1712300730.2932038,2561998.23066045,1057.0,-2.1808231149401097e-08,1113.0,ASK
34,1712300730.36317,2561998.23066045,1057.0,-0.0,1113.0,ASK
35,1712300733.1434047,2562110.67389602,1057.0,-1.5123060548825315e-08,1113.0,ASK
36,1712300735.2533631,2562428.72575735,1057.0,-4.277640653258841e-08,1113.0,ASK
37,1712300735.254848,2562488.67389602,1057.0,-8.062728952052286e-09,1113.0,ASK
38,1712300745.673253,2562493.67389602,1057.0,-6.724753370984214e-10,1113.0,ASK
39,1712300745.6743946,2562607.95789491,1057.0,-1.537063413574395e-08,1113.0,ASK
40,1712300745.973312,2562828.64296404,1057.0,-2.9681053251130466e-08,1113.0,ASK
41,1712300748.4833918,2562950.2022309,1057.0,-1.6349121791840752e-08,1113.0,ASK
42,1712300752.9525588,2563073.4122309,1057.0,-1.6571137256774303e-08,1113.0,ASK
43,1712300760.2623978,2563073.4122309,1057.0,-0.0,1113.0,ASK
44,1712300760.5950105,2563488.40125403,1057.0,-5.5805446826662505e-08,1113.0,ASK
45,1712300768.4434729,2563607.34064796,1056.0,-1.5994317086998538e-08,1113.0,ASK
46,1712300768.444966,2563636.3052977,1056.0,-3.895007170877123e-09,1113.0,ASK
47,1712300770.6533558,2563799.33465376,1056.0,-2.192329327689651e-08,1113.0,ASK
48,1712300770.654762,2564242.62440712,1056.0,-5.961117374471532e-08,1113.0,ASK
49,1712300770.9385574,2564359.91991426,1056.0,1.5773256211304535e-08,1113.0,BID
50,1712300790.2636476,2564359.91991426,1056.0,0.0,1113.0,BID
51,1712300790.793394,2564833.40476274,1056.0,6.366001081856832e-08,1113.0,BID
52,1712300805.0342565,2564928.44918365,1055.0,-1.2778716959595328e-08,1113.0,ASK
53,1712300805.0356605,2565096.80688288,1055.0,-2.2635683039918032e-08,1113.0,ASK
54,1712300805.0363538,2565111.47720072,1055.0,-1.972423395160543e-09,1113.0,ASK
55,1712300816.5757248,2565146.80688288,1055.0,-4.750073747352798e-09,1113.0,ASK
56,1712300820.353685,2565146.80688288,1055.0,-0.0,1113.0,ASK
57,1712300833.7671645,2565151.80688288,1054.0,-6.721746461915575e-10,1113.0,ASK
58,1712300833.7748787,2565662.92045484,1054.0,-6.871151687918505e-08,1113.0,ASK
59,1712300838.603566,2565672.0389177,1054.0,-1.225839909299614e-09,1113.0,ASK
60,1712300844.8536825,2565985.42360434,1054.0,-4.2129848172818576e-08,1113.0,ASK
61,1712300850.3836305,2565985.42360434,1054.0,-0.0,1113.0,ASK
62,1712300880.2337518,2565985.42360434,1054.0,-0.0,1113.0,ASK
63,1712300906.6238544,2566035.42360434,1054.0,-6.720947829790481e-09,1113.0,ASK
64,1712300910.2738814,2566035.42360434,1054.0,-0.0,1113.0,ASK
65,1712300916.723914,2566062.54976711,1054.0,-3.646244666462883e-09,1113.0,ASK
66,1712300916.7256055,2566317.11374518,1054.0,-3.421798192299422e-08,1113.0,ASK
67,1712300932.2839768,2566342.11374518,1056.0,3.3604501098732327e-09,1113.0,BID
68,1712300932.2858064,2566412.11374518,1056.0,9.409260307645052e-09,1113.0,BID
69,1712300932.287501,2566601.02576031,1057.0,2.5393176079974053e-08,1113.0,BID
70,1712300940.3537092,2566601.02576031,1057.0,0.0,1113.0,BID
71,1712300961.5540452,2566785.2677148,1056.0,2.4763448970479296e-08,1113.0,BID
72,1712300961.714041,2567965.17239555,1056.0,-1.5858770838953641e-07,1113.0,ASK
73,1712300961.7339368,2570071.99833426,1056.0,-2.8317261813317066e-07,1113.0,ASK
74,1712300961.7958868,2570218.21833426,1056.0,-1.9653023756063374e-08,1113.0,ASK
75,1712300963.2069235,2570465.5187749,1056.0,-3.3238964811894665e-08,1113.0,ASK
76,1712300964.7201593,2570533.37317549,1056.0,-9.120121370211394e-09,1113.0,ASK
77,1712300964.7261417,2570752.34033912,1056.0,-2.9430767806199817e-08,1113.0,ASK
78,1712300965.79772,2570914.7508216,1056.0,-2.1829141502001056e-08,1113.0,ASK
79,1712300968.0461717,2571089.67424615,1056.0,-2.3510971263689068e-08,1113.0,ASK
80,1712300970.3738327,2571089.67424615,1056.0,-0.0,1113.0,ASK
81,1712300973.7639146,2571106.09445389,1057.0,2.205589316299296e-09,1113.0,BID
82,1712300973.8240578,2571347.81493682,1056.0,-3.2468292918657415e-08,1113.0,ASK
83,1712301000.2939105,2571347.81493682,1056.0,-0.0,1113.0,ASK
84,1712301030.264079,2571347.81493682,1056.0,-0.0,1113.0,ASK
85,1712301059.7441149,2571366.79026888,1054.0,-2.56382675249549e-09,1113.0,ASK
86,1712301059.7541745,2571622.75811038,1054.0,-3.458475444564339e-08,1113.0,ASK
87,1712301059.7559388,2572879.44203585,1053.0,-1.6979517709527273e-07,1113.0,ASK
88,1712301060.3866744,2572879.44203585,1053.0,-0.0,1113.0,ASK
89,1712301062.19439,2572996.62657278,1057.0,1.5829782757877432e-08,1113.0,BID
90,1712301078.1159215,2573006.08731071,1056.0,1.277996483898222e-09,1113.0,BID
91,1712301090.3769772,2573006.08731071,1056.0,0.0,1113.0,BID
92,1712301120.244483,2573006.08731071,1056.0,0.0,1113.0,BID
93,1712301150.2860506,2573006.08731071,1056.0,0.0,1113.0,BID
94,1712301180.3537557,2573006.08731071,1056.0,0.0,1113.0,BID
95,1712301209.7530198,2573036.08731071,1054.0,-4.052453578591453e-09,1113.0,ASK
96,1712301209.7548876,2573306.08731071,1054.0,-3.647208220732308e-08,1113.0,ASK
97,1712301210.3729513,2573306.08731071,1054.0,-0.0,1113.0,ASK
98,1712301240.2621822,2573306.08731071,1054.0,-0.0,1113.0,ASK
99,1712301249.0121112,2574253.95460928,1054.0,-1.2803413883298728e-07,1113.0,ASK
100,1712301249.0220394,2578018.62265472,1054.0,-5.085163629098554e-07,1113.0,ASK
101,1712301269.297629,2578024.3044729,1056.0,7.674773660321791e-10,1113.0,BID
102,1712301270.2427185,2578024.3044729,1056.0,0.0,1113.0,BID
103,1712301276.1413116,2578191.9793782,1056.0,2.2633654459175444e-08,1113.0,BID
104,1712301279.6411068,2578342.87843123,1056.0,2.0369160300867777e-08,1113.0,BID
105,1712301283.4911792,2578478.68004107,1056.0,1.8331226766592786e-08,1113.0,BID
106,1712301289.210929,2578600.8947191,1056.0,1.64971901276391e-08,1113.0,BID
107,1712301297.0808282,2578710.88174561,1056.0,1.4846636403697744e-08,1113.0,BID
108,1712301300.1905122,2578809.86460545,1056.0,1.3361235200894991e-08,1113.0,BID
109,1712301300.3017874,2578809.86460545,1056.0,0.0,1113.0,BID
110,1712301330.2500496,2578809.86460545,1056.0,0.0,1113.0,BID
111,1712301360.279307,2578809.86460545,1056.0,0.0,1113.0,BID
112,1712301390.2497852,2578809.86460545,1056.0,0.0,1113.0,BID
113,1712301420.378178,2578809.86460545,1056.0,0.0,1113.0,BID
114,1712301432.452341,2579088.10908545,1057.0,3.774079703168368e-08,1113.0,BID
115,1712301434.042558,2579261.46212478,1057.0,2.351342916911429e-08,1113.0,BID
116,1712301436.353694,2583042.93316778,1057.0,5.129148693807508e-07,1113.0,BID
117,1712301436.4291775,2583042.93316798,1057.0,2.7159583168782774e-17,1113.0,BID
118,1712301450.3575375,2583042.93316798,1057.0,0.0,1113.0,BID
119,1712301477.4471014,2583047.91430005,1060.0,6.75225873223557e-10,1113.0,BID
120,1712301478.9471395,2583052.89543212,1060.0,6.75225873223557e-10,1113.0,BID
121,1712301480.2772603,2583052.89543212,1060.0,0.0,1113.0,BID
122,1712301491.9870207,2583385.29543212,1057.0,-4.505898575149517e-08,1113.0,ASK
123,1712301504.646519,2583514.75579711,1057.0,-1.7549195973124373e-08,1113.0,ASK
124,1712301510.267523,2583514.75579711,1057.0,-0.0,1113.0,ASK
125,1712301513.1665034,2583630.28136081,1057.0,-1.5659206589186054e-08,1113.0,ASK
126,1712301513.9723723,2583906.3310032,1057.0,-3.7417851431316105e-08,1113.0,ASK
127,1712301519.1264117,2584042.53100319,1057.0,-1.846157568062684e-08,1113.0,ASK
128,1712301519.4263396,2585029.72669244,1057.0,-1.3381195249601372e-07,1113.0,ASK
129,1712301523.88619,2585176.53988903,1057.0,-1.990016842845132e-08,1113.0,ASK
130,1712301524.0335505,2585297.51478693,1057.0,-1.6397850463935887e-08,1113.0,ASK
131,1712301524.0363383,2585417.12812674,1057.0,-1.6213294607000385e-08,1113.0,ASK
132,1712301524.0491233,2585537.59781633,1057.0,-1.6329370717640733e-08,1113.0,ASK
133,1712301524.054843,2585658.09769368,1057.0,-1.6333462594411422e-08,1113.0,ASK
134,1712301524.1519103,2587662.79471168,1057.0,-2.717317600377831e-07,1113.0,ASK
135,1712301540.3759518,2587662.79471168,1057.0,-0.0,1113.0,ASK
136,1712301549.3659794,2587783.26440089,1057.0,-1.631967180173872e-08,1113.0,ASK
137,1712301549.3683052,2588108.92533298,1056.0,-4.411632141838829e-08,1113.0,ASK
138,1712301570.3754334,2588108.92533298,1056.0,-0.0,1113.0,ASK
139,1712301584.715466,2588988.72060702,1055.0,-1.1917565083690689e-07,1113.0,ASK
140,1712301584.7176943,2589388.72060702,1055.0,-5.4183355766252984e-08,1113.0,ASK
141,1712301600.275024,2589388.72060702,1055.0,-0.0,1113.0,ASK
142,1712301630.2646809,2589388.72060702,1055.0,-0.0,1113.0,ASK
143,1712301660.3542626,2589388.72060702,1055.0,-0.0,1113.0,ASK
144,1712301690.3840425,2589388.72060702,1055.0,-0.0,1113.0,ASK
145,1712301715.35358,2589426.22628346,1057.0,-5.0901550908585436e-09,1113.0,ASK
146,1712301716.333682,2589459.60720202,1056.0,-4.530355633450138e-09,1113.0,ASK
147,1712301716.335969,2589603.32628346,1056.0,-1.9505111851972573e-08,1113.0,ASK
148,1712301717.7235663,2589721.52992434,1056.0,-1.6042234709372373e-08,1113.0,ASK
149,1712301718.865169,2589954.02992434,1056.0,-3.155418515165354e-08,1113.0,ASK
150,1712301720.273594,2589954.02992434,1056.0,-0.0,1113.0,ASK
151,1712301721.2537303,2590406.57689898,1056.0,-6.141330806442984e-08,1113.0,ASK
152,1712301723.5634568,2590527.94159967,1055.0,-1.6469909576896672e-08,1113.0,ASK
153,1712301723.9037063,2590752.73260632,1055.0,-3.050547261422883e-08,1113.0,ASK
154,1712301723.983467,2590981.57337345,1055.0,-3.1055049126393954e-08,1113.0,ASK
155,1712301725.8533435,2591101.71766822,1055.0,-1.6304293256547264e-08,1113.0,ASK
156,1712301725.9936392,2591329.51766822,1056.0,3.091381085516513e-08,1113.0,BID
157,1712301727.5134938,2591536.46206159,1055.0,-2.8083581361563293e-08,1113.0,ASK
158,1712301728.803524,2591650.31622209,1055.0,-1.5450684735552442e-08,1113.0,ASK
159,1712301728.804809,2591710.09581154,1055.0,-8.112444781624454e-09,1113.0,ASK
160,1712301728.8434796,2591840.31880701,1055.0,-1.7672032708324236e-08,1113.0,ASK
161,1712301728.9649885,2591973.58345515,1055.0,-1.8084803012613088e-08,1113.0,ASK
162,1712301729.1633856,2592142.97596588,1055.0,-2.2987568204466373e-08,1113.0,ASK
163,1712301729.1653092,2592271.61545127,1055.0,-1.74571410001978e-08,1113.0,ASK
164,1712301729.3837185,2592649.22050548,1055.0,-5.1243245056192026e-08,1113.0,ASK
165,1712301732.8534756,2592759.04288558,1055.0,-1.4903548226815383e-08,1113.0,ASK
166,1712301732.9335356,2592884.6777016,1055.0,-1.7049389548966967e-08,1113.0,ASK
167,1712301735.5034366,2593090.05133481,1055.0,-2.787041989326925e-08,1113.0,ASK
168,1712301735.6634033,2593219.81565683,1055.0,-1.7609788001201085e-08,1113.0,ASK
169,1712301741.283342,2593338.12049872,1055.0,-1.6054668592770786e-08,1113.0,ASK
170,1712301741.4732492,2593501.52689506,1055.0,-2.2175216984092223e-08,1113.0,ASK
171,1712301741.6933646,2593623.66496812,1055.0,-1.6574860793583007e-08,1113.0,ASK
172,1712301742.9734066,2593985.16496812,1055.0,-4.90576936967888e-08,1113.0,ASK
173,1712301750.243151,2593985.16496812,1055.0,-0.0,1113.0,ASK
174,1712301755.8630562,2594137.5054747,1055.0,-2.0661583658683104e-08,1113.0,ASK
175,1712301756.0632596,2594288.85928474,1055.0,-2.0527760333735564e-08,1113.0,ASK
176,1712301756.9931912,2594401.91276745,1055.0,-1.5333177257664242e-08,1113.0,ASK
177,1712301757.0030332,2594515.85256621,1055.0,-1.5453386213460687e-08,1113.0,ASK
178,1712301760.2309816,2594870.95170303,1055.0,-4.816125853350575e-08,1113.0,ASK
179,1712301760.2830198,2595224.08292861,1055.0,-4.789435537272088e-08,1113.0,ASK
180,1712301760.3230484,2595604.0798755,1055.0,-5.153808979936011e-08,1113.0,ASK
181,1712301760.4240525,2595851.60221686,1055.0,-3.357087145241955e-08,1113.0,ASK
182,1712301761.1102235,2595971.05615013,1055.0,-1.6201255273635336e-08,1113.0,ASK
183,1712301764.7830148,2596143.717453,1055.0,-2.3417645339066052e-08,1113.0,ASK
184,1712301764.7929308,2596307.40458015,1055.0,-2.2200499048964123e-08,1113.0,ASK
185,1712301780.3928206,2596307.40458015,1055.0,-0.0,1113.0,ASK
186,1712301801.662624,2596424.18660123,1055.0,-1.5833608890263526e-08,1113.0,ASK
187,1712301801.672966,2596475.45235266,1055.0,-6.950743360130688e-09,1113.0,ASK
188,1712301804.362754,2596595.75235266,1055.0,-1.6310585584025253e-08,1113.0,ASK
189,1712301807.7530224,2596660.91645904,1055.0,-8.835118321784068e-09,1113.0,ASK
190,1712301807.755572,2596820.75235266,1055.0,-2.1670964441284586e-08,1113.0,ASK
191,1712301809.2326195,2596978.25235266,1055.0,-2.1354257934148056e-08,1113.0,ASK
192,1712301810.162546,2597102.96851066,1055.0,-1.6909339723708826e-08,1113.0,ASK
193,1712301810.3725038,2597102.96851066,1055.0,-0.0,1113.0,ASK
194,1712301840.2725315,2597102.96851066,1055.0,-0.0,1113.0,ASK
195,1712301862.3321748,2597266.04997359,1055.0,-2.2108491250717497e-08,1113.0,ASK
196,1712301870.3219538,2597266.04997359,1055.0,-0.0,1113.0,ASK
197,1712301900.3817697,2597266.04997359,1055.0,-0.0,1113.0,ASK
198,1712301930.3613286,2597266.04997359,1055.0,-0.0,1113.0,ASK
199,1712301960.261077,2597266.04997359,1055.0,-0.0,1113.0,ASK
200,1712301990.2608624,2597266.04997359,1055.0,-0.0,1113.0,ASK
201,1712302020.3905418,2597266.04997359,1055.0,-0.0,1113.0,ASK
202,1712302030.8705077,2597275.51071152,1057.0,1.2845816396390783e-09,1113.0,BID
203,1712302050.3705983,2597275.51071152,1057.0,0.0,1113.0,BID
204,1712302080.250229,2597275.51071152,1057.0,0.0,1113.0,BID
205,1712302084.1900811,2597285.19689754,1055.0,-1.3151912584754918e-09,1113.0,ASK
206,1712302110.2652595,2597285.19689754,1055.0,-0.0,1113.0,ASK
207,1712302110.579914,2597420.63048317,1057.0,1.8389159614884425e-08,1113.0,BID
208,1712302140.36974,2597420.63048317,1057.0,0.0,1113.0,BID
209,1712302158.31015,2597603.83290511,1057.0,-2.4874724251533264e-08,1113.0,ASK
210,1712302159.0295403,2597784.13290511,1057.0,-2.4480641331353804e-08,1113.0,ASK
211,1712302170.3394036,2597784.13290511,1057.0,-0.0,1113.0,ASK
212,1712302200.469389,2597784.13290511,1057.0,-0.0,1113.0,ASK
213,1712302230.379002,2597784.13290511,1057.0,-0.0,1113.0,ASK
214,1712302244.620931,2597906.17290511,1056.0,-1.6591214650748803e-08,1113.0,ASK
215,1712302260.2587683,2597906.17290511,1056.0,-0.0,1113.0,ASK
216,1712302290.248821,2597906.17290511,1056.0,-0.0,1113.0,ASK
217,1712302320.3485355,2597906.17290511,1056.0,-0.0,1113.0,ASK
218,1712302338.3174758,2598026.64259432,1056.0,-1.6377445547862526e-08,1113.0,ASK
219,1712302338.318998,2598363.73895795,1056.0,-4.58271070170521e-08,1113.0,ASK
220,1712302350.3581636,2598363.73895795,1056.0,-0.0,1113.0,ASK
221,1712302354.6784537,2598488.68895794,1055.0,-1.6985412860767932e-08,1113.0,ASK
222,1712302360.6583693,2598531.1229051,1056.0,5.768372244009522e-09,1113.0,BID
223,1712302360.9382691,2598555.71809831,1059.0,3.343413454092912e-09,1113.0,BID
224,1712302380.2581792,2598555.71809831,1059.0,0.0,1113.0,BID
225,1712302399.3281298,2600371.28211346,1056.0,-2.4679675675537525e-07,1113.0,ASK
226,1712302410.228885,2600371.28211346,1056.0,-0.0,1113.0,ASK
227,1712302410.253145,2600524.64211346,1056.0,-2.0841396297994325e-08,1113.0,ASK
228,1712302410.330042,2600607.38808483,1056.0,-1.12450546516149e-08,1113.0,ASK
229,1712302413.9100542,2600729.21808483,1056.0,-1.6556516112289062e-08,1113.0,ASK
230,1712302420.3079834,2602281.51808483,1056.0,-2.109552652146041e-07,1113.0,ASK
231,1712302425.6679983,2602494.92957003,1056.0,-2.9002303974851352e-08,1113.0,ASK
232,1712302440.35793,2602494.92957003,1056.0,-0.0,1113.0,ASK
233,1712302462.9779592,2602619.93957003,1055.0,-1.698349746331248e-08,1113.0,ASK
234,1712302470.3750556,2602619.93957003,1055.0,-0.0,1113.0,ASK
235,1712302500.2677624,2602619.93957003,1055.0,-0.0,1113.0,ASK
236,1712302500.7029054,2602629.41824301,1055.0,-1.287958633837294e-09,1113.0,ASK
237,1712302500.7042415,2604416.73957003,1055.0,-2.4286057124945824e-07,1113.0,ASK
238,1712302500.8374453,2604540.61140103,1055.0,-1.6831659301296106e-08,1113.0,ASK
239,1712302503.0882237,2604652.43604557,1055.0,-1.519469199084974e-08,1113.0,ASK
240,1712302504.4575589,2604731.82347135,1055.0,-1.0787134514403712e-08,1113.0,ASK
241,1712302504.4592154,2604863.53604557,1055.0,-1.7897056635636227e-08,1113.0,ASK
242,1712302504.6976511,2605028.87531757,1055.0,-2.246624008835319e-08,1113.0,ASK
243,1712302504.7592237,2605028.87531794,1055.0,-5.0302739527052864e-17,1113.0,ASK
244,1712302517.527649,2605239.9914228,1054.0,-2.8686379472522e-08,1113.0,ASK
245,1712302530.2793622,2605239.9914228,1054.0,-0.0,1113.0,ASK
246,1712302560.3473015,2605239.9914228,1054.0,-0.0,1113.0,ASK
247,1712302565.1471567,2605403.8514228,1054.0,-2.225687827316401e-08,1113.0,ASK
248,1712302570.227451,2605626.88459815,1054.0,-3.029428923852914e-08,1113.0,ASK
249,1712302570.229936,2608193.08496387,1054.0,-3.485634637145051e-07,1113.0,ASK
250,1712302570.2321212,2608730.30244825,1053.0,-7.29695115100648e-08,1113.0,ASK
251,1712302590.3470974,2608730.30244825,1053.0,-0.0,1113.0,ASK
252,1712302620.277021,2608730.30244825,1053.0,-0.0,1113.0,ASK
253,1712302624.3768933,2609173.29894629,1054.0,-6.01415571888326e-08,1113.0,ASK
254,1712302650.2468383,2609173.29894629,1054.0,-0.0,1113.0,ASK
255,1712302680.3467827,2609173.29894629,1054.0,-0.0,1113.0,ASK
256,1712302710.3665848,2609173.29894629,1054.0,-0.0,1113.0,ASK
257,1712302721.056482,2609903.29894629,1056.0,-9.909909925031141e-08,1113.0,ASK
258,1712302721.0579555,2611943.83004727,1055.0,-2.770065672594038e-07,1113.0,ASK
259,1712302740.043027,2611949.98744595,1059.0,8.358803601854179e-10,1113.0,BID
260,1712302740.2429662,2611949.98744595,1059.0,0.0,1113.0,BID
261,1712302750.761933,2611954.97328164,1059.0,6.765689949072071e-10,1113.0,BID
262,1712302752.606483,2611959.95911733,1059.0,6.765689949072071e-10,1113.0,BID
263,1712302770.25628,2611959.95911733,1059.0,0.0,1113.0,BID
264,1712302800.272877,2611959.95911733,1059.0,0.0,1113.0,BID
265,1712302823.1067855,2612003.85076176,1057.0,-5.95884706361751e-09,1113.0,ASK
266,1712302823.1088152,2612103.85076176,1057.0,-1.3576267512913616e-08,1113.0,ASK
267,1712302829.866115,2612108.84130996,1058.0,6.775301739893651e-10,1113.0,BID
268,1712302830.2660167,2612108.84130996,1058.0,0.0,1113.0,BID
269,1712302831.536163,2612113.83185816,1058.0,6.775156985663043e-10,1113.0,BID
270,1712302832.9760828,2612118.82240636,1058.0,6.775156985663043e-10,1113.0,BID
271,1712302860.356054,2612118.82240636,1058.0,0.0,1113.0,BID
272,1712302890.3834124,2612118.82240636,1058.0,0.0,1113.0,BID
273,1712302894.005838,2612218.82240636,1057.0,-1.3575957993332092e-08,1113.0,ASK
274,1712302915.7059495,2613166.68970493,1055.0,-1.2868206628639432e-07,1113.0,ASK
275,1712302915.7159095,2617675.08089818,1054.0,-6.120572945707299e-07,1113.0,ASK
276,1712302915.71902,2618004.22615062,1057.0,-4.4684621208255e-08,1113.0,ASK
277,1712302915.7221105,2618952.99275403,1054.0,-1.288041555337384e-07,1113.0,ASK
278,1712302915.925839,2618962.20703974,1058.0,1.2509275573609731e-09,1113.0,BID
279,1712302918.735994,2619692.20703974,1059.0,9.910449335132429e-08,1113.0,BID
280,1712302918.7487285,2620094.97119068,1060.0,5.467909194379903e-08,1113.0,BID
281,1712302919.1858969,2620104.22784055,1059.0,1.2566788979355724e-09,1113.0,BID
282,1712302920.27554,2620104.22784055,1059.0,0.0,1113.0,BID
283,1712302950.2556224,2620104.22784055,1059.0,0.0,1113.0,BID
284,1712302955.1656544,2620253.1964718,1057.0,-2.0200813620614347e-08,1113.0,ASK
285,1712302955.1923225,2620431.49095747,1057.0,-2.4177530828969466e-08,1113.0,ASK
286,1712302955.1947646,2620566.27027666,1057.0,-1.8276679352007863e-08,1113.0,ASK
287,1712302955.2316172,2620698.54279281,1057.0,-1.793674563194794e-08,1113.0,ASK
288,1712302962.955736,2620699.12559817,1056.0,7.903101713635841e-11,1113.0,BID
289,1712302980.355481,2620699.12559817,1056.0,0.0,1113.0,BID
290,1712302983.2815645,2620704.80204093,1057.0,7.696854324918003e-10,1113.0,BID
291,1712303010.345344,2620704.80204093,1057.0,0.0,1113.0,BID
292,1712303040.266673,2620704.80204093,1057.0,0.0,1113.0,BID
293,1712303070.2553189,2620704.80204093,1057.0,0.0,1113.0,BID
294,1712303100.2764032,2620704.80204093,1057.0,0.0,1113.0,BID
295,1712303108.5654852,2624069.78371145,1059.0,4.585278025251302e-07,1113.0,BID
296,1712303108.568731,2624799.78371145,1058.0,9.947314090171325e-08,1113.0,BID
297,1712303108.5718722,2626021.42599619,1058.0,1.664665686594648e-07,1113.0,BID
298,1712303108.575016,2631576.42599619,1059.0,7.569497228890645e-07,1113.0,BID
299,1712303108.5772753,2631988.74713856,1058.0,5.6184765879061054e-08,1113.0,BID
300,1712303108.6859071,2632443.85980194,1059.0,-6.201573437066596e-08,1113.0,ASK
301,1712303108.767974,2632631.85980194,1056.0,-2.56177403966056e-08,1113.0,ASK
302,1712303130.2560766,2632631.85980194,1056.0,-0.0,1113.0,ASK
303,1712303160.28472,2632631.85980194,1056.0,-0.0,1113.0,ASK
304,1712303190.2748618,2632631.85980194,1056.0,-0.0,1113.0,ASK
305,1712303220.3649416,2632631.85980194,1056.0,-0.0,1113.0,ASK
306,1712303250.3690658,2632631.85980194,1056.0,-0.0,1113.0,ASK
307,1712303280.235452,2632631.85980194,1056.0,-0.0,1113.0,ASK
308,1712303307.315449,2632750.36569331,1056.0,-1.6120416299807436e-08,1113.0,ASK
309,1712303307.355623,2632870.29823352,1056.0,-1.631448406263002e-08,1113.0,ASK
310,1712303307.3755815,2632989.7340606,1056.0,-1.6246915924527617e-08,1113.0,ASK
311,1712303310.2657468,2632989.7340606,1056.0,-0.0,1113.0,ASK
312,1712303340.3557973,2632989.7340606,1056.0,-0.0,1113.0,ASK
313,1712303370.3559675,2632989.7340606,1056.0,-0.0,1113.0,ASK
314,1712303377.526297,2633035.52509725,1056.0,-6.228657656991982e-09,1113.0,ASK
315,1712303400.3085425,2633035.52509725,1056.0,-0.0,1113.0,ASK
316,1712303413.0464842,2633150.54668453,1058.0,1.5652455165985985e-08,1113.0,BID
317,1712303413.0491562,2633732.12078675,1058.0,7.914220952743463e-08,1113.0,BID
318,1712303430.2665462,2633732.12078675,1058.0,0.0,1113.0,BID
319,1712303452.996703,2633737.32342576,1061.0,7.079184815879367e-10,1113.0,BID
320,1712303460.3668225,2633737.32342576,1061.0,0.0,1113.0,BID
321,1712303488.3768191,2634237.32342576,1058.0,-6.803450600125621e-08,1113.0,ASK
322,1712303488.3977938,2635367.64016538,1058.0,-1.5380108201001833e-07,1113.0,ASK
323,1712303490.3669894,2635367.64016538,1058.0,-0.0,1113.0,ASK
324,1712303497.0885174,2635502.65858677,1058.0,-1.8367512307794696e-08,1113.0,ASK
325,1712303504.2771587,2635658.86394559,1058.0,-2.1249721490899442e-08,1113.0,ASK
326,1712303520.277103,2635658.86394559,1058.0,-0.0,1113.0,ASK
327,1712303521.6272247,2635973.71084521,1058.0,-4.282905889260534e-08,1113.0,ASK
328,1712303524.0238552,2636142.87936016,1058.0,-2.3012226889626423e-08,1113.0,ASK
329,1712303540.0547955,2636353.31026016,1058.0,-2.862520615510488e-08,1113.0,ASK
330,1712303540.1771529,2636570.13856016,1058.0,-2.9495453318712666e-08,1113.0,ASK
331,1712303540.3171496,2636772.11256016,1058.0,-2.7474802360148363e-08,1113.0,ASK
332,1712303540.397123,2636967.99356016,1058.0,-2.664596314927436e-08,1113.0,ASK
333,1712303540.4770813,2637158.84676016,1058.0,-2.5962024566516707e-08,1113.0,ASK
334,1712303544.997138,2637369.27766016,1058.0,-2.862520615510488e-08,1113.0,ASK
335,1712303545.1202676,2637440.72773626,1058.0,-9.719452600158421e-09,1113.0,ASK
336,1712303545.1228063,2637586.10596016,1058.0,-1.9776000718554243e-08,1113.0,ASK
337,1712303545.2576358,2637788.07996016,1058.0,-2.7474802360148363e-08,1113.0,ASK
338,1712303545.3971682,2637983.96096016,1058.0,-2.664596314927436e-08,1113.0,ASK
339,1712303545.5170722,2638174.81416016,1058.0,-2.5962024566516707e-08,1113.0,ASK
340,1712303550.2605114,2638174.81416016,1058.0,-0.0,1113.0,ASK
341,1712303580.3575373,2638174.81416016,1058.0,-0.0,1113.0,ASK
342,1712303601.3677976,2645438.39158803,1061.0,9.877168253524585e-07,1113.0,BID
343,1712303601.3775582,2646277.07080553,1061.0,1.1404539738502253e-07,1113.0,BID
344,1712303601.3803627,2646283.81156553,1060.0,9.166229910448671e-10,1113.0,BID
345,1712303601.383113,2647699.81156553,1061.0,1.9255071465648162e-07,1113.0,BID
346,1712303601.4774103,2647884.01109732,1061.0,-2.5047847094299842e-08,1113.0,ASK
347,1712303601.48088,2649495.44585032,1061.0,-2.191263512093877e-07,1113.0,ASK
348,1712303601.507502,2649632.9164032,1061.0,-1.8693540396353812e-08,1113.0,ASK
349,1712303601.5199957,2652230.85844799,1061.0,-3.532737269494469e-07,1113.0,ASK
350,1712303601.537455,2652368.36583227,1061.0,-1.8698548809108466e-08,1113.0,ASK
351,1712303601.540292,2652505.83264672,1061.0,-1.8693032036649145e-08,1113.0,ASK
352,1712303601.6175077,2652690.31706913,1061.0,-2.5086587131367093e-08,1113.0,ASK
353,1712303601.6374495,2653149.67213058,1061.0,-6.246408570852935e-08,1113.0,ASK
354,1712303601.6576262,2653607.02220451,1061.0,-6.219144320861038e-08,1113.0,ASK
355,1712303601.6604102,2653958.18516452,1061.0,-4.7751891886181584e-08,1113.0,ASK
356,1712303601.6775107,2654092.96756318,1061.0,-1.8327999424468185e-08,1113.0,ASK
357,1712303601.6805425,2654401.74073991,1061.0,-4.198763830942193e-08,1113.0,ASK
358,1712303601.7176597,2654516.12232907,1061.0,-1.5553853627372863e-08,1113.0,ASK
359,1712303601.737322,2654691.27138198,1061.0,-2.3817143579904405e-08,1113.0,ASK
360,1712303602.077438,2654827.39102252,1061.0,-1.8509840441260044e-08,1113.0,ASK
361,1712303602.0973785,2654962.54462151,1061.0,-1.8378476040880265e-08,1113.0,ASK
362,1712303602.4796865,2655255.54518935,1061.0,-3.9842845149955234e-08,1113.0,ASK
363,1712303602.657589,2657896.11764564,1061.0,-3.5907070166727614e-07,1113.0,ASK
364,1712303603.277742,2658226.91764564,1061.0,-4.498289294379794e-08,1113.0,ASK
365,1712303603.619181,2658361.92522642,1061.0,-1.8358620171768128e-08,1113.0,ASK
366,1712303603.7574058,2658495.06586765,1061.0,-1.810474973064941e-08,1113.0,ASK
367,1712303604.747526,2661543.36586765,1061.0,-4.145143668696373e-07,1113.0,ASK
368,1712303604.767585,2662121.39081953,1061.0,-7.860107173287192e-08,1113.0,ASK
369,1712303604.78797,2662373.69373033,1061.0,-3.430869052575438e-08,1113.0,ASK
370,1712303604.791628,2663623.78123992,1061.0,-1.6998957864028584e-07,1113.0,ASK
371,1712303604.8122902,2663887.13312997,1061.0,-3.5811154403480364e-08,1113.0,ASK
372,1712303604.827368,2664140.21376437,1061.0,-3.4414447047594576e-08,1113.0,ASK
373,1712303604.8874056,2664413.86036171,1061.0,-3.7211050763543184e-08,1113.0,ASK
374,1712303605.6927776,2664584.12827,1061.0,-2.3153395073664727e-08,1113.0,ASK
375,1712303606.3674445,2664874.52827,1061.0,-3.948921436174032e-08,1113.0,ASK
376,1712303607.3976412,2664994.22826999,1061.0,-1.6277062529974652e-08,1113.0,ASK
377,1712303607.4180226,2665407.22826999,1061.0,-5.6160625108140463e-08,1113.0,ASK
378,1712303610.3576467,2665407.22826999,1061.0,-0.0,1113.0,ASK
379,1712303613.3374372,2665523.57443108,1061.0,-1.5759082710512622e-08,1113.0,ASK
380,1712303618.7179832,2665936.57443108,1061.0,-5.5940832928867583e-08,1113.0,ASK
381,1712303620.210147,2666116.7790837,1061.0,-2.440871274871865e-08,1113.0,ASK
382,1712303620.2184217,2666472.12420392,1061.0,-4.813148184579715e-08,1113.0,ASK
383,1712303620.40769,2666620.81120121,1061.0,-2.013964763706542e-08,1113.0,ASK
384,1712303620.4106233,2666914.47848179,1061.0,-3.9777221015970985e-08,1113.0,ASK
385,1712303621.807632,2667032.94922208,1061.0,-1.6046856875341796e-08,1113.0,ASK
386,1712303622.0525942,2667140.2944059,1061.0,-1.4539900711363408e-08,1113.0,ASK
387,1712303622.9640477,2667367.2144059,1061.0,-3.0736304620373994e-08,1113.0,ASK
388,1712303623.118889,2667534.35134296,1061.0,-2.263869121625198e-08,1113.0,ASK
389,1712303623.120755,2667702.94676551,1061.0,-2.2836243015610723e-08,1113.0,ASK
390,1712303623.1253157,2667751.6374356,1061.0,-6.595149251123357e-09,1113.0,ASK
391,1712303623.1270764,2667869.68146391,1061.0,-1.5989058755254377e-08,1113.0,ASK
392,1712303623.1983132,2667998.24775359,1061.0,-1.7414298622948345e-08,1113.0,ASK
393,1712303640.2602968,2667998.24775359,1061.0,-0.0,1113.0,ASK
394,1712303666.357703,2668003.4454937,1062.0,7.03771625507946e-10,1113.0,BID
395,1712303670.2496536,2668003.4454937,1062.0,0.0,1113.0,BID
396,1712303691.1579804,2668265.92120257,1060.0,-3.5539063960902255e-08,1113.0,ASK
397,1712303691.1618862,2668302.06300522,1061.0,-4.8935798347488425e-09,1113.0,ASK
398,1712303700.3078609,2668302.06300522,1061.0,-0.0,1113.0,ASK
399,1712303730.2678375,2668302.06300522,1061.0,-0.0,1113.0,ASK
400,1712303760.3578622,2668302.06300522,1061.0,-0.0,1113.0,ASK
401,1712303790.3879964,2668302.06300522,1061.0,-0.0,1113.0,ASK
402,1712303820.2504127,2668302.06300522,1061.0,-0.0,1113.0,ASK
403,1712303850.2381406,2668302.06300522,1061.0,-0.0,1113.0,ASK
404,1712303865.1683187,2668307.26074533,1062.0,7.043437020739351e-10,1113.0,BID
405,1712303880.3828652,2668307.26074533,1062.0,0.0,1113.0,BID
406,1712303910.3688216,2668307.26074533,1062.0,0.0,1113.0,BID
407,1712303912.6984491,2668406.71927501,1061.0,-1.3477575854027466e-08,1113.0,ASK
408,1712303912.7985322,2668610.13954533,1060.0,2.756537958388164e-08,1113.0,BID
409,1712303913.2784786,2668860.89064872,1060.0,-3.3979157215495e-08,1113.0,ASK
410,1712303926.0283537,2669153.89064872,1060.0,-3.970428416681797e-08,1113.0,ASK
411,1712303940.2582705,2669153.89064872,1060.0,-0.0,1113.0,ASK
412,1712303942.3085072,2669250.60113152,1060.0,-1.3103595684449385e-08,1113.0,ASK
413,1712303942.3128586,2669271.35040487,1060.0,-2.811381774332546e-09,1113.0,ASK
414,1712303946.5284758,2669390.91494189,1060.0,-1.6200160581857832e-08,1113.0,ASK
415,1712303961.3083222,2672731.87539386,1062.0,4.526768318479286e-07,1113.0,BID
416,1712303961.4786673,2672845.0181166,1060.0,-1.5330049550966753e-08,1113.0,ASK
417,1712303961.540265,2672960.13605635,1060.0,-1.5597677675069448e-08,1113.0,ASK
418,1712303970.2308016,2672960.13605635,1060.0,-0.0,1113.0,ASK
419,1712304000.3659909,2672960.13605635,1060.0,-0.0,1113.0,ASK
420,1712304030.238345,2672960.13605635,1060.0,-0.0,1113.0,ASK
421,1712304043.9884474,2672970.9677773,1060.0,-1.4675631746935015e-09,1113.0,ASK
422,1712304043.991673,2673094.84069099,1060.0,-1.6783235767515642e-08,1113.0,ASK
423,1712304049.2085254,2673129.27170499,1060.0,-4.664973225084215e-09,1113.0,ASK
424,1712304051.082279,2673152.22854612,1060.0,-3.1103658232467913e-09,1113.0,ASK
425,1712304059.588468,2673304.16832428,1060.0,-2.0585946058441577e-08,1113.0,ASK
426,1712304059.671379,2673485.87171434,1060.0,-2.4618544476720212e-08,1113.0,ASK
427,1712304060.38069,2673715.23246432,1060.0,-3.1075522711664714e-08,1113.0,ASK
428,1712304060.4159455,2673715.23246432,1060.0,-0.0,1113.0,ASK
429,1712304060.6426942,2673885.09946349,1060.0,-2.301236548310648e-08,1113.0,ASK
430,1712304082.2485914,2674803.37310903,1060.0,-1.244011423522686e-07,1113.0,ASK
431,1712304089.501371,2674972.53828202,1060.0,-2.29172870945106e-08,1113.0,ASK
432,1712304090.3684723,2674972.53828202,1060.0,-0.0,1113.0,ASK
433,1712304090.602834,2675105.86708855,1060.0,-1.8059172015602084e-08,1113.0,ASK
434,1712304120.2784646,2675105.86708855,1060.0,-0.0,1113.0,ASK
435,1712304134.408955,2675302.30852653,1060.0,-2.6607166920392043e-08,1113.0,ASK
436,1712304140.8584793,2675468.84185137,1060.0,-2.2556238731431026e-08,1113.0,ASK
437,1712304142.378415,2675593.05274801,1060.0,-1.6823843758301533e-08,1113.0,ASK
438,1712304150.2386606,2675593.05274801,1060.0,-0.0,1113.0,ASK
439,1712304180.3585415,2675593.05274801,1060.0,-0.0,1113.0,ASK
440,1712304200.329003,2676560.86468807,1060.0,-1.3107689016204577e-07,1113.0,ASK
441,1712304210.368651,2676560.86468807,1060.0,-0.0,1113.0,ASK
442,1712304216.0784452,2676683.19253985,1060.0,-1.6565332788401753e-08,1113.0,ASK
443,1712304234.628525,2676800.42744505,1060.0,-1.5875658656644385e-08,1113.0,ASK
444,1712304234.6551874,2676917.47854078,1060.0,-1.5850767636369126e-08,1113.0,ASK
445,1712304240.2487438,2676917.47854078,1060.0,-0.0,1113.0,ASK
446,1712304270.248597,2676917.47854078,1060.0,-0.0,1113.0,ASK
447,1712304291.1686845,2680479.14496642,1060.0,-4.822873020486998e-07,1113.0,ASK
448,1712304292.1287198,2680595.30029296,1060.0,-1.572865966681755e-08,1113.0,ASK
449,1712304292.528664,2680814.25286813,1060.0,-2.9648494310179995e-08,1113.0,ASK
450,1712304296.038703,2683201.34623419,1060.0,-3.2323768755200094e-07,1113.0,ASK
451,1712304296.0484943,2690924.45682157,1060.0,-1.04579085278666e-06,1113.0,ASK
452,1712304298.4988294,2690944.45682157,1059.0,-2.7082115190620023e-09,1113.0,ASK
453,1712304300.37843,2690944.45682157,1059.0,-0.0,1113.0,ASK
454,1712304318.2885818,2691113.64705978,1059.0,-2.28708113087128e-08,1113.0,ASK
455,1712304318.6759932,2691284.34001043,1059.0,-2.3073945088976706e-08,1113.0,ASK
456,1712304318.7886658,2691454.97557707,1059.0,-2.3066188028711413e-08,1113.0,ASK
457,1712304330.3684988,2691454.97557707,1059.0,-0.0,1113.0,ASK
458,1712304338.7084737,2691605.91897329,1060.0,2.04027471835062e-08,1113.0,BID
459,1712304347.204847,2696100.96754829,1060.0,6.075876252290198e-07,1113.0,BID
460,1712304360.2384114,2696100.96754829,1060.0,0.0,1113.0,BID
461,1712304370.408672,2696100.96754928,1060.0,1.3372694548720532e-16,1113.0,BID
462,1712304390.2785137,2696100.96754928,1060.0,0.0,1113.0,BID
463,1712304408.8959768,2696393.89497623,1061.0,3.956813374826028e-08,1113.0,BID
464,1712304420.3685534,2696393.89497623,1061.0,0.0,1113.0,BID
465,1712304435.4585156,2698720.50258901,1061.0,3.142609672964089e-07,1113.0,BID
466,1712304445.808612,2700820.91163707,1061.0,2.837077363349033e-07,1113.0,BID
467,1712304450.3584893,2700820.91163707,1061.0,0.0,1113.0,BID
468,1712304480.268595,2700820.91163707,1061.0,0.0,1113.0,BID
469,1712304494.7386138,2700909.05736869,1060.0,-1.1898525246854392e-08,1113.0,ASK
470,1712304510.2384503,2700909.05736869,1060.0,-0.0,1113.0,ASK
471,1712304519.9486172,2700918.48243937,1061.0,1.2722456887979162e-09,1113.0,BID
472,1712304540.391044,2700918.48243937,1061.0,0.0,1113.0,BID
473,1712304570.3583226,2700918.48243937,1061.0,0.0,1113.0,BID
474,1712304588.058379,2701979.74764526,1060.0,-1.4325497454474037e-07,1113.0,ASK
475,1712304593.502124,2701979.74764529,1061.0,4.0857263639837575e-18,1113.0,BID
476,1712304593.5084648,2707085.89066729,1061.0,6.89253152349416e-07,1113.0,BID
477,1712304600.310149,2707085.89066729,1061.0,0.0,1113.0,BID
478,1712304623.3986444,2711488.87714829,1062.0,5.94750445508805e-07,1113.0,BID
479,1712304623.40318,2711959.53795029,1062.0,6.357633003889794e-08,1113.0,BID
480,1712304623.4982932,2713564.35594129,1062.0,2.1677700334229842e-07,1113.0,BID
481,1712304624.7984004,2714291.57144129,1061.0,-9.823144914758337e-08,1113.0,ASK
482,1712304630.2584183,2714291.57144129,1061.0,-0.0,1113.0,ASK
483,1712304660.3583703,2714291.57144129,1061.0,-0.0,1113.0,ASK
484,1712304668.1283731,2714449.7396663,1060.0,-2.1343125448491963e-08,1113.0,ASK
485,1712304671.1586454,2714456.0663953,1060.0,-8.537250178969491e-10,1113.0,ASK
486,1712304681.6389432,2714613.00546461,1062.0,2.1177263915347355e-08,1113.0,BID
487,1712304690.3483243,2714613.00546461,1062.0,0.0,1113.0,BID
488,1712304703.3985505,2714617.77429461,1062.0,6.434734489534202e-10,1113.0,BID
489,1712304703.4023411,2714786.86392291,1062.0,2.2815803101648497e-08,1113.0,BID
490,1712304720.258126,2714786.86392291,1062.0,0.0,1113.0,BID
491,1712304750.268402,2714786.86392291,1062.0,0.0,1113.0,BID
492,1712304757.6287303,2717611.72267997,1062.0,3.811577099815743e-07,1113.0,BID
493,1712304780.368496,2717611.72267997,1062.0,0.0,1113.0,BID
494,1712304787.0283885,2717621.13887582,1062.0,1.2700116117097178e-09,1113.0,BID
495,1712304788.4283464,2717809.51318098,1062.0,2.5407028348044653e-08,1113.0,BID
496,1712304788.8483293,2718040.87647837,1062.0,3.1205178702552523e-08,1113.0,BID
497,1712304788.9538543,2718424.35122262,1062.0,5.172124557888266e-08,1113.0,BID
498,1712304810.3599348,2718424.35122262,1062.0,0.0,1113.0,BID
499,1712304812.3183124,2718445.98172883,1062.0,2.917080025698889e-09,1113.0,BID
500,1712304840.2382622,2718445.98172883,1062.0,0.0,1113.0,BID
501,1712304870.25821,2718445.98172883,1062.0,0.0,1113.0,BID
502,1712304877.7482736,2719445.98172883,1063.0,1.348591179728575e-07,1113.0,BID
503,1712304900.2881558,2719445.98172883,1063.0,0.0,1113.0,BID
504,1712304930.258382,2719445.98172883,1063.0,0.0,1113.0,BID
505,1712304952.4984205,2719680.28172883,1063.0,3.166020550779444e-08,1113.0,BID
506,1712304952.50319,2719683.5701578,1063.0,4.4435483131783766e-10,1113.0,BID
507,1712304960.3482544,2719683.5701578,1063.0,0.0,1113.0,BID
508,1712304990.358117,2719683.5701578,1063.0,0.0,1113.0,BID
509,1712304991.0289598,2721860.91182652,1063.0,2.942071370668324e-07,1113.0,BID
510,1712305005.61802,2722234.9951824,1063.0,5.0546955830985225e-08,1113.0,BID
511,1712305006.6289344,2722362.79697199,1063.0,1.7268855488949938e-08,1113.0,BID
512,1712305013.068321,2722510.72424923,1063.0,1.9988255107696648e-08,1113.0,BID
513,1712305014.6982512,2722596.91721357,1063.0,1.1646580616155312e-08,1113.0,BID
514,1712305014.703254,2722627.70047546,1063.0,4.159501230495907e-09,1113.0,BID
515,1712305020.268191,2722627.70047546,1063.0,0.0,1113.0,BID
516,1712305027.187995,2722775.0221006,1063.0,1.98980036166886e-08,1113.0,BID
517,1712305030.262246,2722987.98659167,1063.0,2.8764061009469688e-08,1113.0,BID
518,1712305040.7643015,2723107.82455498,1063.0,1.618592127995191e-08,1113.0,BID
519,1712305046.352109,2723225.2721561,1063.0,1.586306687586164e-08,1113.0,BID
520,1712305046.7881577,2723418.45755673,1063.0,2.6092597042561428e-08,1113.0,BID
521,1712305050.248124,2723418.45755673,1063.0,0.0,1113.0,BID
522,1712305080.3895376,2723418.45755673,1063.0,0.0,1113.0,BID
523,1712305085.7781794,2723423.65040715,1063.0,7.012930157196964e-10,1113.0,BID
524,1712305086.123342,2723499.50029901,1063.0,1.0243506957539682e-08,1113.0,BID
525,1712305086.1279404,2723560.75362939,1063.0,8.272245359027726e-09,1113.0,BID
526,1712305096.828513,2723565.45729825,1063.0,6.352291810791462e-10,1113.0,BID
527,1712305101.3842182,2723764.68845816,1063.0,2.690611314863284e-08,1113.0,BID
528,1712305110.3613136,2723764.68845816,1063.0,0.0,1113.0,BID
529,1712305111.2178316,2723869.22349156,1063.0,1.4116725743997517e-08,1113.0,BID
530,1712305111.2215185,2723887.08845816,1063.0,2.412538894484561e-09,1113.0,BID
531,1712305111.3013132,2724026.5502701,1063.0,1.883334310885052e-08,1113.0,BID
532,1712305124.0284753,2724031.74312052,1063.0,7.012581602676308e-10,1113.0,BID
533,1712305125.4578764,2724036.93597094,1063.0,7.01258160330515e-10,1113.0,BID
534,1712305140.269158,2724036.93597094,1063.0,0.0,1113.0,BID
535,1712305170.2378385,2724036.93597094,1063.0,0.0,1113.0,BID
536,1712305175.2578998,2724225.0827254,1063.0,2.540691143790044e-08,1113.0,BID
537,1712305180.757908,2724229.56116464,1063.0,6.04758288134393e-10,1113.0,BID
538,1712305200.360439,2724229.56116464,1063.0,0.0,1113.0,BID
539,1712305230.237874,2724229.56116464,1063.0,0.0,1113.0,BID
540,1712305257.2356043,2724234.32651464,1064.0,6.448333563687092e-10,1113.0,BID
541,1712305259.6195698,2724334.32651464,1064.0,-1.3531710291342872e-08,1113.0,ASK
542,1712305260.3577406,2724334.32651464,1064.0,-0.0,1113.0,ASK
543,1712305261.8225896,2724915.38381685,1066.0,7.86258047825006e-08,1113.0,BID
544,1712305261.9655218,2724940.24199442,1066.0,3.363685835194531e-09,1113.0,BID
545,1712305262.0897274,2725270.56142322,1066.0,4.4697193935822585e-08,1113.0,BID
546,1712305262.0923305,2725597.71045564,1066.0,4.426819155358099e-08,1113.0,BID
547,1712305264.068297,2726081.78280234,1066.0,6.550227952986996e-08,1113.0,BID
548,1712305264.1291044,2726676.42962218,1066.0,8.046467120097197e-08,1113.0,BID
549,1712305266.144092,2727171.05144392,1066.0,6.692978239735076e-08,1113.0,BID
550,1712305270.1380088,2727521.96855268,1066.0,4.748437027342929e-08,1113.0,BID
551,1712305284.717957,2727544.25267524,1067.0,3.015377422269475e-09,1113.0,BID
552,1712305284.7205591,2727955.63865577,1067.0,5.5666719396519057e-08,1113.0,BID
553,1712305285.1379538,2728860.22591934,1067.0,1.224042815117417e-07,1113.0,BID
554,1712305285.1432142,2729829.63865577,1067.0,1.3117614438083337e-07,1113.0,BID
555,1712305285.1778865,2730032.06836978,1067.0,2.739178927000672e-08,1113.0,BID
556,1712305285.1979122,2730790.49042602,1067.0,1.026259274427264e-07,1113.0,BID
557,1712305285.2378376,2731038.49042602,1067.0,3.3558135336904286e-08,1113.0,BID
558,1712305287.3078196,2731070.97072892,1067.0,4.395074195519215e-09,1113.0,BID
559,1712305290.3680675,2731070.97072892,1067.0,0.0,1113.0,BID
560,1712305312.198302,2731087.79315883,1068.0,2.274117216774241e-09,1113.0,BID
561,1712305312.2007532,2732943.62990495,1068.0,2.508787564208512e-07,1113.0,BID
562,1712305320.2661147,2732943.62990495,1068.0,0.0,1113.0,BID
563,1712305330.0782354,2732948.49672092,1069.0,6.577360410542566e-10,1113.0,BID
564,1712305330.0816274,2734175.87335821,1069.0,1.658763872110579e-07,1113.0,BID
565,1712305330.0879562,2736596.51561968,1069.0,3.271427700868463e-07,1113.0,BID
566,1712305338.438716,2737634.23644225,1070.0,1.4024495476929813e-07,1113.0,BID
567,1712305338.4428265,2738476.41118591,1070.0,1.1381747023236844e-07,1113.0,BID
568,1712305347.6095982,2738504.7880953,1069.0,-3.835056874013915e-09,1113.0,ASK
569,1712305350.201344,2738616.01271005,1069.0,-1.5031683595041688e-08,1113.0,ASK
570,1712305350.2682087,2738616.01271005,1069.0,-0.0,1113.0,ASK
571,1712305380.3484628,2738616.01271005,1069.0,-0.0,1113.0,ASK
572,1712305399.178547,2738626.01271005,1070.0,-1.3503639828192191e-09,1113.0,ASK
573,1712305407.215538,2738719.47065397,1070.0,1.2620224137733988e-08,1113.0,BID
574,1712305410.2364962,2738719.47065397,1070.0,0.0,1113.0,BID
575,1712305440.3715425,2738719.47065397,1070.0,0.0,1113.0,BID
576,1712305442.408878,2738737.98199249,1070.0,2.499667114815612e-09,1113.0,BID
577,1712305445.423531,2738831.3526741,1071.0,1.2608252074911444e-08,1113.0,BID
578,1712305445.4281433,2738899.05629905,1071.0,9.142316999656345e-09,1113.0,BID
579,1712305445.4303916,2738918.07211854,1071.0,2.5677893896279204e-09,1113.0,BID
580,1712305445.5427587,2739413.07211854,1071.0,6.684201795968815e-08,1113.0,BID
581,1712305445.8186822,2739809.07211854,1071.0,5.3473614367750527e-08,1113.0,BID
582,1712305448.0487163,2740066.32001769,1071.0,3.4737310495105106e-08,1113.0,BID
583,1712305448.2541492,2740331.32001769,1071.0,3.5784110624883555e-08,1113.0,BID
584,1712305448.3088338,2740657.8300253,1071.0,4.409007634887032e-08,1113.0,BID
585,1712305450.3053536,2740660.98793395,1071.0,4.2642623576979845e-10,1113.0,BID
586,1712305450.3091514,2740871.83562754,1071.0,2.8471687518586626e-08,1113.0,BID
587,1712305460.5993133,2741030.90409063,1071.0,2.1479711245805e-08,1113.0,BID
588,1712305463.2289324,2741142.25201479,1071.0,1.5035797871711373e-08,1113.0,BID
589,1712305467.8491156,2741395.07435785,1071.0,3.41397082735649e-08,1113.0,BID
590,1712305467.854467,2741402.06383785,1071.0,9.438200963397254e-10,1113.0,BID
591,1712305470.3690126,2741402.06383785,1071.0,0.0,1113.0,BID
592,1712305492.868982,2741514.30629337,1071.0,-1.5150712503597336e-08,1113.0,ASK
593,1712305500.2288494,2741514.30629337,1071.0,-0.0,1113.0,ASK
594,1712305513.099142,2741514.30629411,1071.0,-1.0002304547093514e-16,1113.0,ASK
595,1712305513.101838,2743833.08316011,1071.0,-3.134476375380129e-07,1113.0,ASK
596,1712305523.625198,2743837.93316011,1071.0,-6.556133383852573e-10,1113.0,ASK
597,1712305530.2589717,2743837.93316011,1071.0,-0.0,1113.0,ASK
598,1712305560.3693187,2743837.93316011,1071.0,-0.0,1113.0,ASK
599,1712305590.3710997,2743837.93316011,1071.0,-0.0,1113.0,ASK
600,1712305596.5501149,2746706.64816508,1072.0,3.876567701252021e-07,1113.0,BID
601,1712305596.5568202,2746804.76697444,1072.0,1.3259044784503388e-08,1113.0,BID
602,1712305596.6092885,2747594.35532216,1072.0,-1.0669908585387349e-07,1113.0,ASK
603,1712305620.282056,2747594.35532216,1072.0,-0.0,1113.0,ASK
604,1712305650.305654,2747594.35532216,1072.0,-0.0,1113.0,ASK
605,1712305680.3694868,2747594.35532216,1072.0,-0.0,1113.0,ASK
606,1712305681.9524193,2748618.35514816,1070.0,-1.3830044834829748e-07,1113.0,ASK
607,1712305701.5102518,2748623.50440189,1072.0,6.95453340384913e-10,1113.0,BID
608,1712305710.359413,2748623.50440189,1072.0,0.0,1113.0,BID
609,1712305712.5894015,2748628.65365562,1072.0,6.95349923010049e-10,1113.0,BID
610,1712305740.2395954,2748628.65365562,1072.0,0.0,1113.0,BID
611,1712305748.6134696,2748990.65382962,1070.0,-4.8884094414316696e-08,1113.0,ASK
612,1712305770.2658937,2748990.65382962,1070.0,-0.0,1113.0,ASK
613,1712305791.8301678,2748995.80308335,1072.0,6.95313035655642e-10,1113.0,BID
614,1712305800.339918,2748995.80308335,1072.0,0.0,1113.0,BID
615,1712305830.2597468,2748995.80308335,1072.0,0.0,1113.0,BID
616,1712305860.4010804,2748995.80308335,1072.0,0.0,1113.0,BID
617,1712305890.370147,2748995.80308335,1072.0,0.0,1113.0,BID
618,1712305919.800189,2749033.16757867,1070.0,5.047090788059906e-09,1113.0,BID
619,1712305920.229934,2749033.16757867,1070.0,0.0,1113.0,BID
620,1712305923.2940042,2749153.10757867,1069.0,-1.6201069888272976e-08,1113.0,ASK
621,1712305931.0017226,2749353.70204008,1069.0,-2.70955885317894e-08,1113.0,ASK
622,1712305931.0413575,2749697.5225178,1069.0,-4.644205093014711e-08,1113.0,ASK
623,1712305931.3401654,2750119.04821778,1069.0,-5.693819680743561e-08,1113.0,ASK
624,1712305950.2648733,2750119.04821778,1069.0,-0.0,1113.0,ASK
625,1712305980.293465,2750119.04821778,1069.0,-0.0,1113.0,ASK
626,1712306010.2424033,2750119.04821778,1069.0,-0.0,1113.0,ASK
627,1712306021.840371,2750209.46413098,1069.0,-1.2211146258270352e-08,1113.0,ASK
628,1712306040.3701549,2750209.46413098,1069.0,-0.0,1113.0,ASK
629,1712306051.080586,2750218.46413098,1070.0,1.2154816320066383e-09,1113.0,BID
630,1712306051.086075,2750228.04110772,1070.0,1.2934043686610561e-09,1113.0,BID
631,1712306058.0304956,2750233.62194492,1071.0,7.53711678637155e-10,1113.0,BID
632,1712306070.3734312,2750233.62194492,1071.0,0.0,1113.0,BID
633,1712306070.4807637,2750252.3135337,1070.0,-2.5243559450673182e-09,1113.0,ASK
634,1712306070.4851391,2751233.62194492,1069.0,-1.3252868715313872e-07,1113.0,ASK
635,1712306073.190508,2751337.94332038,1071.0,1.4088919216049774e-08,1113.0,BID
636,1712306080.7404714,2751414.57245203,1071.0,1.0348997419317236e-08,1113.0,BID
637,1712306087.9803245,2751483.53482364,1071.0,9.313578145151129e-09,1113.0,BID
638,1712306091.8209274,2751488.68407737,1072.0,6.954223859478264e-10,1113.0,BID
639,1712306100.2802207,2751488.68407737,1072.0,0.0,1113.0,BID
640,1712306130.23399,2751488.68407737,1072.0,0.0,1113.0,BID
641,1712306160.349959,2751488.68407737,1072.0,0.0,1113.0,BID
642,1712306190.3699586,2751488.68407737,1072.0,0.0,1113.0,BID
643,1712306220.2522132,2751488.68407737,1072.0,0.0,1113.0,BID
644,1712306230.9400244,2751498.21942163,1071.0,1.2880451147019527e-09,1113.0,BID
645,1712306250.250949,2751498.21942163,1071.0,0.0,1113.0,BID
646,1712306264.9101725,2751794.98972975,1071.0,4.008801442619696e-08,1113.0,BID
647,1712306280.370161,2751794.98972975,1071.0,0.0,1113.0,BID
648,1712306310.380006,2751794.98972975,1071.0,0.0,1113.0,BID
649,1712306340.2399075,2751794.98972975,1071.0,0.0,1113.0,BID
650,1712306370.2299087,2751794.98972975,1071.0,0.0,1113.0,BID
651,1712306389.6900885,2751799.83972975,1068.0,-6.551144687829887e-10,1113.0,ASK
652,1712306389.694617,2753297.96707057,1068.0,-2.023597725838803e-07,1113.0,ASK
653,1712306400.2802908,2753297.96707057,1068.0,-0.0,1113.0,ASK
654,1712306403.640052,2753303.13077496,1069.0,6.975560428512913e-10,1113.0,BID
655,1712306430.24007,2753303.13077496,1069.0,0.0,1113.0,BID
656,1712306442.2310178,2753562.49407084,1067.0,3.503692035231438e-08,1113.0,BID
657,1712306442.510036,2753656.30270123,1066.0,-1.2672438866817208e-08,1113.0,ASK
658,1712306452.6248271,2753936.93880974,1066.0,3.7910626283769214e-08,1113.0,BID
659,1712306453.2701254,2753941.78880974,1065.0,-6.551777618931604e-10,1113.0,ASK
660,1712306453.274854,2754246.02866605,1065.0,-4.1099214047871865e-08,1113.0,ASK
661,1712306460.3702507,2754246.02866605,1065.0,-0.0,1113.0,ASK
662,1712306465.200067,2754411.27237705,1065.0,-2.2319444795125483e-08,1113.0,ASK
663,1712306490.4008558,2754411.27237705,1065.0,-0.0,1113.0,ASK
664,1712306493.0500717,2754458.17669224,1066.0,6.335208664081114e-09,1113.0,BID
665,1712306520.2690997,2754458.17669224,1066.0,0.0,1113.0,BID
666,1712306550.2301297,2754458.17669224,1066.0,0.0,1113.0,BID
667,1712306580.295323,2754458.17669224,1066.0,0.0,1113.0,BID
668,1712306610.2422383,2754458.17669224,1066.0,0.0,1113.0,BID
669,1712306640.3598115,2754458.17669224,1066.0,0.0,1113.0,BID
670,1712306654.8499038,2754463.35007555,1067.0,6.987468274483436e-10,1113.0,BID
671,1712306670.370041,2754463.35007555,1067.0,0.0,1113.0,BID
672,1712306700.3102431,2754463.35007555,1067.0,0.0,1113.0,BID
673,1712306730.241995,2754463.35007555,1067.0,0.0,1113.0,BID
674,1712306737.370169,2758310.63582155,1065.0,-5.197255228398842e-07,1113.0,ASK
675,1712306737.377463,2758310.63582234,1065.0,-1.066880024244628e-16,1113.0,ASK
676,1712306753.400008,2758341.62173783,1065.0,4.185852622315503e-09,1113.0,BID
677,1712306760.377624,2758341.62173783,1065.0,0.0,1113.0,BID
678,1712306761.5903566,2758505.38233783,1065.0,2.2109899494346373e-08,1113.0,BID
679,1712306761.7701354,2758991.58453783,1066.0,6.564388366874465e-08,1113.0,BID
680,1712306761.7820258,2759011.82393783,1065.0,2.7325931867741237e-09,1113.0,BID
681,1712306761.9599092,2759185.60003783,1066.0,2.3462127676093492e-08,1113.0,BID
682,1712306790.372598,2759185.60003783,1066.0,0.0,1113.0,BID
683,1712306794.189998,2759269.39100345,1063.0,-1.131154176813766e-08,1113.0,ASK
684,1712306794.1997845,2759274.09561305,1063.0,-6.351088998468824e-10,1113.0,ASK
685,1712306820.2499075,2759274.09561305,1063.0,-0.0,1113.0,ASK
686,1712306844.5898716,2759321.31213966,1066.0,6.374015700237271e-09,1113.0,BID
687,1712306846.579861,2759331.59455127,1063.0,-1.388078661057283e-09,1113.0,ASK
688,1712306850.2720094,2759331.59455127,1063.0,-0.0,1113.0,ASK
689,1712306880.3801258,2759331.59455127,1063.0,-0.0,1113.0,ASK
690,1712306910.3598423,2759331.59455127,1063.0,-0.0,1113.0,ASK
691,1712306940.2797406,2759331.59455127,1063.0,-0.0,1113.0,ASK
692,1712306970.2759142,2759331.59455127,1063.0,-0.0,1113.0,ASK
693,1712307000.27203,2759331.59455127,1063.0,-0.0,1113.0,ASK
694,1712307005.317538,2759749.27735369,1064.0,-5.658924601452935e-08,1113.0,ASK
695,1712307006.359795,2759787.27876179,1064.0,-5.148574514958642e-09,1113.0,ASK
696,1712307030.2297764,2759787.27876179,1064.0,-0.0,1113.0,ASK
697,1712307043.4764328,2759975.60267892,1062.0,-2.551316071883264e-08,1113.0,ASK
698,1712307043.479181,2759985.45267892,1062.0,-1.334427601659912e-09,1113.0,ASK
699,1712307043.481882,2760173.77659605,1062.0,-2.551316071883264e-08,1113.0,ASK
700,1712307060.3698192,2760173.77659605,1062.0,-0.0,1113.0,ASK
701,1712307074.7356627,2760310.57659605,1062.0,1.8531933544849882e-08,1113.0,BID
702,1712307090.359695,2760310.57659605,1062.0,0.0,1113.0,BID
703,1712307120.2598054,2760310.57659605,1062.0,0.0,1113.0,BID
704,1712307132.9498105,2761412.57659605,1060.0,-1.4928208221436104e-07,1113.0,ASK
705,1712307133.7912638,2761457.08311813,1060.0,-6.029061967523902e-09,1113.0,ASK
706,1712307133.7960944,2765821.83653313,1060.0,-5.912699438688446e-07,1113.0,ASK
707,1712307148.6498072,2766665.71838964,1060.0,1.1431618936726503e-07,1113.0,BID
708,1712307150.2596486,2766665.71838964,1060.0,0.0,1113.0,BID
709,1712307155.605769,2766729.33121982,1060.0,8.609435414531768e-09,1113.0,BID
710,1712307163.06976,2768367.57139182,1060.0,2.2172135580941174e-07,1113.0,BID
711,1712307165.6997705,2768367.57139197,1060.0,2.029345348899297e-17,1113.0,BID
712,1712307175.5197055,2768372.76913208,1062.0,7.034682728784352e-10,1113.0,BID
713,1712307177.2798731,2768377.96687219,1062.0,7.034682728784352e-10,1113.0,BID
714,1712307180.3696218,2768377.96687219,1062.0,0.0,1113.0,BID
715,1712307190.375114,2768388.7366462,1062.0,1.457235945984838e-09,1113.0,BID
716,1712307191.439879,2768442.29366787,1061.0,-7.246690326598251e-09,1113.0,ASK
717,1712307204.079796,2768458.46096287,1061.0,-2.1875633974929563e-09,1113.0,ASK
718,1712307204.086167,2768479.65816319,1060.0,-2.868149529567114e-09,1113.0,ASK
719,1712307210.3828244,2768479.65816319,1060.0,-0.0,1113.0,ASK
720,1712307240.2442884,2768479.65816319,1060.0,-0.0,1113.0,ASK
721,1712307270.2697656,2768479.65816319,1060.0,-0.0,1113.0,ASK
722,1712307282.7897048,2768735.00016776,1061.0,-3.4549296545606223e-08,1113.0,ASK
723,1712307282.7952354,2768751.15137585,1061.0,-2.1853548099734548e-09,1113.0,ASK
724,1712307300.2700253,2768751.15137585,1061.0,-0.0,1113.0,ASK
725,1712307330.2497358,2768751.15137585,1061.0,-0.0,1113.0,ASK
726,1712307344.0100434,2768756.34422627,1063.0,7.03822951892228e-10,1113.0,BID
727,1712307360.372154,2768756.34422627,1063.0,0.0,1113.0,BID
728,1712307370.4222856,2768877.42313399,1062.0,-1.6410649950841465e-08,1113.0,ASK
729,1712307381.650014,2768975.48612834,1062.0,-1.3291146275755161e-08,1113.0,ASK
730,1712307386.8898902,2769416.74507372,1062.0,5.98068336316977e-08,1113.0,BID
731,1712307390.3698022,2769416.74507372,1062.0,0.0,1113.0,BID
732,1712307409.6932642,2769421.94281383,1062.0,7.044181976860593e-10,1113.0,BID
733,1712307420.2399445,2769421.94281383,1062.0,0.0,1113.0,BID
734,1712307423.000018,2769427.14055394,1062.0,7.044176707167464e-10,1113.0,BID
735,1712307424.7702794,2769432.33829405,1062.0,7.044176707167464e-10,1113.0,BID
736,1712307450.2501235,2769432.33829405,1062.0,0.0,1113.0,BID
737,1712307480.3700778,2769432.33829405,1062.0,0.0,1113.0,BID
738,1712307499.1702693,2769526.50025261,1062.0,1.2761170599747716e-08,1113.0,BID
739,1712307499.2700186,2769528.86183454,1062.0,3.2005015989899565e-10,1113.0,BID
740,1712307510.370373,2769528.86183454,1062.0,0.0,1113.0,BID
741,1712307540.2619452,2769528.86183454,1062.0,0.0,1113.0,BID
742,1712307570.2802975,2769528.86183454,1062.0,0.0,1113.0,BID
743,1712307580.6804595,2769534.05957466,1062.0,-7.044068323053991e-10,1113.0,ASK
744,1712307582.3903182,2769539.25731478,1062.0,-7.044068323053991e-10,1113.0,ASK
745,1712307584.8604262,2769926.97082803,1062.0,-5.254361345727149e-08,1113.0,ASK
746,1712307588.870477,2769932.16856815,1062.0,-7.044068323685069e-10,1113.0,ASK
747,1712307591.320394,2769937.36630827,1062.0,-7.044068323053991e-10,1113.0,ASK
748,1712307600.3302958,2769937.36630827,1062.0,-0.0,1113.0,ASK
749,1712307606.7003748,2769942.55915869,1063.0,-7.05164084452281e-10,1113.0,ASK
750,1712307630.2406552,2769942.55915869,1063.0,-0.0,1113.0,ASK
751,1712307641.0905075,2769947.75200911,1063.0,7.05163555932374e-10,1113.0,BID
752,1712307660.360375,2769947.75200911,1063.0,0.0,1113.0,BID
753,1712307676.180824,2769952.94974922,1062.0,-7.05827022693521e-10,1113.0,ASK
754,1712307690.371049,2769952.94974922,1062.0,-0.0,1113.0,ASK
755,1712307693.9706411,2770745.64775522,1062.0,1.0764433046245965e-07,1113.0,BID
756,1712307720.2349885,2770745.64775522,1062.0,0.0,1113.0,BID
757,1712307727.7029698,2770832.19043269,1063.0,1.175070916594667e-08,1113.0,BID
758,1712307727.707954,2770994.18980601,1063.0,2.199617086735887e-08,1113.0,BID
759,1712307728.610655,2771122.97556764,1063.0,1.7486448003065253e-08,1113.0,BID
760,1712307740.1132455,2772541.07748164,1063.0,-1.9254896712506026e-07,1113.0,ASK
761,1712307740.1341906,2772541.07748239,1063.0,-1.0185900393676484e-16,1113.0,ASK
762,1712307740.3755226,2772764.54270795,1064.0,3.034196480879581e-08,1113.0,BID
763,1712307747.8008366,2772769.73067787,1064.0,7.044192238606103e-10,1113.0,BID
764,1712307749.1262522,2772774.91864779,1064.0,7.044192237973832e-10,1113.0,BID
765,1712307750.231324,2772774.91864779,1064.0,0.0,1113.0,BID
766,1712307774.940688,2772780.10661771,1064.0,7.042129433865933e-10,1113.0,BID
767,1712307776.9110668,2772785.29458763,1064.0,7.04212943323385e-10,1113.0,BID
768,1712307778.740586,2772790.48255755,1064.0,7.042129433865933e-10,1113.0,BID
769,1712307780.350542,2772790.48255755,1064.0,0.0,1113.0,BID
770,1712307783.8408191,2772795.67052747,1064.0,7.042113603634872e-10,1113.0,BID
771,1712307791.0007024,2772846.85437763,1062.0,-6.9476595484421925e-09,1113.0,ASK
772,1712307791.006334,2773123.16382311,1062.0,-3.7506048317967176e-08,1113.0,ASK
773,1712307797.830766,2773200.84351665,1061.0,-1.054418655207244e-08,1113.0,ASK
774,1712307797.8374271,2773425.16382311,1061.0,-3.0449079430398926e-08,1113.0,ASK
775,1712307805.5240817,2773476.34767362,1061.0,-6.9476595959118e-09,1113.0,ASK
776,1712307805.6806784,2774092.35422761,1061.0,-8.361629309487059e-08,1113.0,ASK
777,1712307805.8808036,2774630.97917261,1061.0,-7.311256832844529e-08,1113.0,ASK
778,1712307805.9206884,2775423.67717761,1061.0,-1.0760026543948885e-07,1113.0,ASK
779,1712307805.9270172,2777324.22259299,1061.0,-2.5797868782927293e-07,1113.0,ASK
780,1712307810.3633623,2777324.22259299,1061.0,-0.0,1113.0,ASK
781,1712307814.0708718,2777522.58860052,1062.0,2.69084902300106e-08,1113.0,BID
782,1712307840.2606184,2777522.58860052,1062.0,0.0,1113.0,BID
783,1712307857.1759994,2777701.10809204,1062.0,2.4215604190407934e-08,1113.0,BID
784,1712307865.8707893,2779094.54048375,1062.0,1.8901469512648185e-07,1113.0,BID
785,1712307870.252867,2779094.54048375,1062.0,0.0,1113.0,BID
786,1712307873.9293578,2779547.28046881,1062.0,6.139884270426184e-08,1113.0,BID
787,1712307873.9324498,2780347.38027678,1062.0,1.0850643609658065e-07,1113.0,BID
788,1712307879.6010182,2781476.05315813,1062.0,1.5306624330385566e-07,1113.0,BID
789,1712307886.000847,2782491.80231067,1062.0,1.3775196470777462e-07,1113.0,BID
790,1712307894.8508282,2782496.99028059,1064.0,7.035723806108853e-10,1113.0,BID
791,1712307896.2807567,2782502.17825051,1064.0,7.035723805477341e-10,1113.0,BID
792,1712307898.3307471,2782507.36622043,1064.0,7.035723806108853e-10,1113.0,BID
793,1712307900.360631,2782507.36622043,1064.0,0.0,1113.0,BID
794,1712307904.4908838,2782507.36622075,1062.0,-4.3396997453948955e-17,1113.0,ASK
795,1712307904.494733,2783421.48966675,1062.0,-1.2400456102863305e-07,1113.0,ASK
796,1712307910.512141,2783845.40588959,1061.0,-5.750595869316215e-08,1113.0,ASK
797,1712307910.6311755,2784548.36361159,1061.0,-9.53590722563202e-08,1113.0,ASK
798,1712307912.3074937,2784553.55646201,1063.0,7.044312664885972e-10,1113.0,BID
799,1712307913.6807656,2784558.74931243,1063.0,7.044312665517662e-10,1113.0,BID
800,1712307915.250812,2784563.94216285,1063.0,7.044312664885972e-10,1113.0,BID
801,1712307916.7410133,2784569.13501327,1063.0,7.044312665517662e-10,1113.0,BID
802,1712307930.3686771,2784569.13501327,1063.0,0.0,1113.0,BID
803,1712307960.253061,2784569.13501327,1063.0,0.0,1113.0,BID
804,1712307990.2493412,2784569.13501327,1063.0,0.0,1113.0,BID
805,1712307993.6008978,2785391.80045583,1062.0,1.1156478999976417e-07,1113.0,BID
806,1712308001.1507535,2785620.49359685,1061.0,-3.10139467787541e-08,1113.0,ASK
807,1712308001.2308946,2785677.98058715,1061.0,-7.796029429146763e-09,1113.0,ASK
808,1712308008.7811267,2786967.44077937,1060.0,-1.748686016400776e-07,1113.0,ASK
809,1712308009.4208724,2789152.24486359,1060.0,-2.96289592629803e-07,1113.0,ASK
810,1712308009.5222814,2789520.47608624,1060.0,-4.99372368169775e-08,1113.0,ASK
811,1712308020.3707955,2789520.47608624,1060.0,-0.0,1113.0,ASK
812,1712308047.9216163,2789715.17818979,1060.0,-2.6385505871990723e-08,1113.0,ASK
813,1712308050.0209515,2789755.17818979,1060.0,-5.420692512488234e-09,1113.0,ASK
814,1712308050.2309308,2789841.59822865,1060.0,-1.1711411439473076e-08,1113.0,ASK
1015,1712308050.234254,2789847.09223808,1060.0,-7.445333945259143e-10,1113.0,ASK
815,1712308050.234254,2789847.09223808,1060.0,-7.445333945259142e-10,1113.0,ASK
816,1712308050.2392669,2789872.81738646,1059.0,-3.486202980126133e-09,1113.0,ASK
817,1712308050.3942935,2789872.81738646,1059.0,-0.0,1113.0,ASK
818,1712308065.8681326,2789900.98962265,1059.0,-3.8176325349343405e-09,1113.0,ASK
819,1712308065.8746283,2790064.12188692,1059.0,-2.2106127301024323e-08,1113.0,ASK
820,1712308067.639748,2790068.86959692,1059.0,-6.4336434066812e-10,1113.0,ASK
821,1712308067.642953,2790134.94806761,1059.0,-8.954323606497182e-09,1113.0,ASK
822,1712308067.6460524,2790877.18277015,1059.0,-1.0058056200595665e-07,1113.0,ASK
823,1712308073.233554,2791673.19497198,1058.0,-1.0786797538533794e-07,1113.0,ASK
824,1712308073.2368054,2793690.29847015,1058.0,-2.733386121343506e-07,1113.0,ASK
825,1712308075.2009368,2793913.93044536,1058.0,-3.0304470637309617e-08,1113.0,ASK
826,1712308080.2218473,2793913.93044536,1058.0,-0.0,1113.0,ASK
827,1712308083.3313577,2794103.14520411,1057.0,-2.5625727602643024e-08,1113.0,ASK
828,1712308083.3383136,2794147.72044536,1057.0,-6.036912752684142e-09,1113.0,ASK
829,1712308086.8830466,2794322.50633746,1058.0,2.3671597761875023e-08,1113.0,BID
830,1712308107.4508803,2794497.29222955,1058.0,-2.3671597760487583e-08,1113.0,ASK
831,1712308108.3310597,2794690.59222955,1058.0,-2.6178999874579185e-08,1113.0,ASK
832,1712308108.6108286,2794753.23459832,1058.0,-8.483779431868115e-09,1113.0,ASK
833,1712308110.331063,2794753.23459832,1058.0,-0.0,1113.0,ASK
834,1712308126.6609912,2794853.38596123,1057.0,-1.356206585166718e-08,1113.0,ASK
835,1712308126.6660628,2794879.68486567,1057.0,-3.5612842748967154e-09,1113.0,ASK
836,1712308140.3608673,2794879.68486567,1057.0,-0.0,1113.0,ASK
837,1712308146.9311843,2794909.74046567,1059.0,-4.0699261308579014e-09,1113.0,ASK
1037,1712308146.9311843,2794909.74046567,1059.0,-4.069926130857901e-09,1113.0,ASK
838,1712308153.7211056,2794909.85580475,1059.0,-1.5618438393284454e-11,1113.0,ASK
839,1712308154.604241,2794939.97020475,1058.0,-4.077888429249603e-09,1113.0,ASK
840,1712308170.3510132,2794939.97020475,1058.0,-0.0,1113.0,ASK
841,1712308200.3211622,2794939.97020475,1058.0,-0.0,1113.0,ASK
842,1712308230.3025205,2794939.97020475,1058.0,-0.0,1113.0,ASK
843,1712308241.931559,2795009.78975792,1056.0,-9.46379428169217e-09,1113.0,ASK
844,1712308241.9370213,2795014.18052936,1056.0,-5.951535889546549e-10,1113.0,ASK
845,1712308260.3713272,2795014.18052936,1056.0,-0.0,1113.0,ASK
846,1712308262.7114084,2795079.70472936,1057.0,-8.881479961574128e-09,1113.0,ASK
847,1712308267.291696,2795079.9567829,1057.0,-3.416460578532502e-11,1113.0,ASK
848,1712308281.081396,2795316.05706672,1057.0,3.200222115913064e-08,1113.0,BID
849,1712308290.371298,2795316.05706672,1057.0,0.0,1113.0,BID
850,1712308320.2613454,2795316.05706672,1057.0,0.0,1113.0,BID
851,1712308338.781401,2795415.28065162,1060.0,1.3448682598688088e-08,1113.0,BID
852,1712308350.2613933,2795415.28065162,1060.0,0.0,1113.0,BID
853,1712308380.3648295,2795415.28065162,1060.0,0.0,1113.0,BID
854,1712308390.0121117,2795475.75704444,1059.0,8.196803393617093e-09,1113.0,BID
855,1712308395.291484,2796419.15327085,1059.0,1.2786532115392268e-07,1113.0,BID
856,1712308410.3631358,2796419.15327085,1059.0,0.0,1113.0,BID
857,1712308440.2551477,2796419.15327085,1059.0,0.0,1113.0,BID
858,1712308470.2646463,2796419.15327085,1059.0,0.0,1113.0,BID
859,1712308500.2543542,2796419.15327085,1059.0,0.0,1113.0,BID
860,1712308519.0815585,2796513.58197717,1059.0,-1.2841231434955706e-08,1113.0,ASK
861,1712308530.263196,2796513.58197717,1059.0,-0.0,1113.0,ASK
862,1712308548.751456,2796676.07682239,1059.0,2.2097152659484763e-08,1113.0,BID
863,1712308548.7584732,2796838.57166761,1059.0,2.2097152659548082e-08,1113.0,BID
1063,1712308548.7584732,2796838.57166761,1059.0,2.209715265954808e-08,1113.0,BID
864,1712308548.7640226,2797001.06651283,1059.0,2.2097152659484763e-08,1113.0,BID
865,1712308548.8311603,2797163.56135805,1059.0,-2.2097152659484763e-08,1113.0,ASK
866,1712308548.871087,2797351.56135805,1059.0,-2.5565516828312854e-08,1113.0,ASK
1067,1712308549.4112818,2797358.05635805,1059.0,-8.832342117167504e-10,1113.0,ASK
867,1712308549.4112818,2797358.05635805,1059.0,-8.832342117167503e-10,1113.0,ASK
1068,1712308549.7809994,2797364.55126924,1056.0,-8.832221347312273e-10,1113.0,ASK
868,1712308549.7809994,2797364.55126924,1056.0,-8.832221347312272e-10,1113.0,ASK
869,1712308549.7865827,2797464.00435805,1059.0,-1.3524306465920214e-08,1113.0,ASK
870,1712308560.2512648,2797464.00435805,1059.0,-0.0,1113.0,ASK
871,1712308590.2669284,2797464.00435805,1059.0,-0.0,1113.0,ASK
872,1712308594.1082294,2797642.51261481,1056.0,-2.427144314169468e-08,1113.0,ASK
873,1712308594.1116588,2797653.44272844,1056.0,-1.486147679192245e-09,1113.0,ASK
874,1712308594.1148765,2797712.80435805,1056.0,-8.071292858038334e-09,1113.0,ASK
875,1712308620.3612149,2797712.80435805,1056.0,-0.0,1113.0,ASK
876,1712308627.0613916,2797717.5401535,1056.0,-6.438944955623942e-10,1113.0,ASK
1076,1712308627.0613916,2797717.5401535,1056.0,-6.438944955623943e-10,1113.0,ASK
877,1712308627.068696,2797822.15342125,1056.0,-1.4223567715114828e-08,1113.0,ASK
878,1712308634.372817,2798115.11578941,1056.0,-3.983213765448896e-08,1113.0,ASK
879,1712308634.6173544,2798414.41578941,1056.0,-4.0693823151611334e-08,1113.0,ASK
1079,1712308634.6173544,2798414.41578941,1056.0,-4.069382315161133e-08,1113.0,ASK
880,1712308637.3181777,2798694.72408736,1056.0,-3.8111648194811865e-08,1113.0,ASK
881,1712308637.3216124,2798934.15252337,1055.0,-3.255348624279913e-08,1113.0,ASK
882,1712308637.3248742,2799778.03437988,1054.0,-1.1473698305944113e-07,1113.0,ASK
883,1712308637.3281736,2799967.60783959,1055.0,-2.5775037900709762e-08,1113.0,ASK
884,1712308637.3314266,2800162.59835192,1054.0,-2.6511558386259628e-08,1113.0,ASK
885,1712308637.3346653,2801896.56865299,1055.0,-2.357563674638289e-07,1113.0,ASK
886,1712308637.337899,2823572.06012926,1054.0,-2.947071890611941e-06,1113.0,ASK
887,1712308637.4011664,2824415.94198576,1054.0,1.1473698305804825e-07,1113.0,BID
888,1712308637.4411905,2824591.13508648,1054.0,2.381983647876313e-08,1113.0,BID
889,1712308637.501233,2824987.60188908,1054.0,5.390494470595632e-08,1113.0,BID
890,1712308641.5327544,2826820.63814908,1054.0,2.49225704627384e-07,1113.0,BID
891,1712308650.3741193,2826820.63814908,1054.0,0.0,1113.0,BID
892,1712308669.7611814,2826914.71152631,1053.0,-1.2737390428271153e-08,1113.0,ASK
893,1712308678.7066896,2828967.42213674,1053.0,-2.7793385600813444e-07,1113.0,ASK
894,1712308678.7101295,2829014.90551755,1053.0,-6.429176649582561e-09,1113.0,ASK
895,1712308678.7134354,2832848.75580204,1053.0,-5.190974253808961e-07,1113.0,ASK
896,1712308680.2379775,2832848.75580204,1053.0,-0.0,1113.0,ASK
897,1712308684.3833065,2833107.54398776,1053.0,3.5009432800732166e-08,1113.0,BID
898,1712308684.501201,2834736.97162043,1053.0,2.204325404227076e-07,1113.0,BID
899,1712308689.4021811,2835280.04446727,1057.0,7.34680846595251e-08,1113.0,BID
900,1712308689.4058468,2835280.04446811,1054.0,1.1364420539909843e-16,1113.0,BID
901,1712308701.2612128,2835334.62486583,1056.0,7.383755795882502e-09,1113.0,BID
902,1712308708.731253,2835606.02552808,1057.0,3.6715676261190966e-08,1113.0,BID
903,1712308710.249612,2835606.02552808,1057.0,0.0,1113.0,BID
904,1712308711.2212706,2835771.76747808,1056.0,-2.24131203793157e-08,1113.0,ASK
905,1712308711.2251058,2835771.76747883,1056.0,-1.0144614642714184e-16,1113.0,ASK
906,1712308719.3112605,2835854.51398436,1056.0,1.118972830596702e-08,1113.0,BID
907,1712308740.371112,2835854.51398436,1056.0,0.0,1113.0,BID
1108,1712308744.6313589,2835922.36057526,1056.0,9.174501997131921e-09,1113.0,BID
908,1712308744.6313589,2835922.36057526,1056.0,9.17450199713192e-09,1113.0,BID
909,1712308770.3612876,2835922.36057526,1056.0,0.0,1113.0,BID
910,1712308773.901314,2835931.83027222,1056.0,1.2805199319768334e-09,1113.0,BID
911,1712308800.3001893,2835931.83027222,1056.0,0.0,1113.0,BID
912,1712308818.4352252,2836044.14936053,1053.0,-1.5200884234945765e-08,1113.0,ASK
913,1712308830.2311475,2836044.14936053,1053.0,-0.0,1113.0,ASK
914,1712308834.1954434,2836158.95311705,1053.0,-1.5536902106390012e-08,1113.0,ASK
915,1712308860.3730557,2836158.95311705,1053.0,-0.0,1113.0,ASK
1116,1712308864.901787,2836377.54627253,1053.0,-2.958269831611044e-08,1113.0,ASK
916,1712308864.901787,2836377.54627253,1053.0,-2.9582698316110443e-08,1113.0,ASK
917,1712308865.0334456,2836472.46557451,1053.0,-1.2845640425820966e-08,1113.0,ASK
918,1712308865.046116,2836550.65694168,1053.0,-1.0581811771875918e-08,1113.0,ASK
919,1712308866.376653,2836678.34126336,1053.0,-1.727980347630578e-08,1113.0,ASK
920,1712308869.911215,2836800.1102123,1053.0,-1.6479262915871228e-08,1113.0,ASK
921,1712308870.1111784,2837017.00462398,1053.0,-2.9352803536256243e-08,1113.0,ASK
922,1712308870.151152,2837209.67696774,1053.0,-2.6074777166751428e-08,1113.0,ASK
923,1712308870.3511994,2837346.8838056,1053.0,-1.8568506787896767e-08,1113.0,ASK
924,1712308870.7069912,2837489.73577387,1053.0,-1.9332474852236505e-08,1113.0,ASK
925,1712308871.4974954,2837674.49586669,1053.0,-2.50039946344622e-08,1113.0,ASK
926,1712308871.8113008,2837783.66114402,1053.0,-1.477357998132562e-08,1113.0,ASK
927,1712308871.8151572,2837948.78935159,1053.0,-2.234716790329156e-08,1113.0,ASK
928,1712308872.667791,2838122.30488093,1053.0,-2.3482242828500845e-08,1113.0,ASK
929,1712308875.7368069,2838261.88113416,1053.0,-1.8889165044176167e-08,1113.0,ASK
930,1712308876.3312595,2838467.79192037,1053.0,-2.7866365052056345e-08,1113.0,ASK
931,1712308878.4014466,2838732.8556329,1053.0,-3.587166224441192e-08,1113.0,ASK
932,1712308878.4279516,2838997.04732423,1053.0,-3.575364967435483e-08,1113.0,ASK
933,1712308878.5652623,2839259.47109824,1053.0,-3.5514393488064566e-08,1113.0,ASK
934,1712308884.0213215,2839546.64854337,1053.0,-3.88643629020148e-08,1113.0,ASK
935,1712308885.2313392,2839676.20169867,1053.0,-1.7532716890108984e-08,1113.0,ASK
1136,1712308887.4107516,2840055.62900565,1053.0,-5.134874205294106e-08,1113.0,ASK
936,1712308887.4107516,2840055.62900565,1053.0,-5.1348742052941064e-08,1113.0,ASK
937,1712308887.5041945,2841399.62900565,1054.0,1.8188651172333699e-07,1113.0,BID
938,1712308887.5076668,2841879.32900565,1055.0,6.491886880478715e-08,1113.0,BID
939,1712308888.9215791,2842076.82900565,1053.0,-2.6728114631963585e-08,1113.0,ASK
940,1712308889.3434503,2842830.82900565,1053.0,-1.020404983924078e-07,1113.0,ASK
941,1712308890.8065977,2842830.82900565,1053.0,-0.0,1113.0,ASK
942,1712308891.4768264,2843072.67717218,1053.0,-3.26987513926595e-08,1113.0,ASK
943,1712308891.555952,2843259.10184813,1053.0,-2.5205293965293623e-08,1113.0,ASK
944,1712308891.7274263,2845153.14782657,1053.0,-2.5608190239303485e-07,1113.0,ASK
945,1712308892.2136545,2846616.83350957,1053.0,-1.978956258056555e-07,1113.0,ASK
946,1712308892.2336812,2847642.31127401,1053.0,-1.386483220412142e-07,1113.0,ASK
947,1712308892.2416563,2848847.20001189,1053.0,-1.629053379275996e-07,1113.0,ASK
948,1712308892.247263,2849496.83350957,1052.0,-8.783281073312467e-08,1113.0,ASK
949,1712308902.157159,2849574.2121281,1052.0,-1.0461870547634529e-08,1113.0,ASK
950,1712308910.8672678,2849744.94212809,1052.0,-2.3083316714974625e-08,1113.0,ASK
951,1712308912.331292,2849763.95353493,1052.0,-2.570411323763275e-09,1113.0,ASK
952,1712308912.335081,2849866.62212809,1052.0,-1.3881167063353329e-08,1113.0,ASK
953,1712308913.324241,2850056.73619653,1052.0,-2.5704113243299063e-08,1113.0,ASK
954,1712308913.3316994,2850271.93140245,1052.0,-2.9095174217059293e-08,1113.0,ASK
1154,1712308913.3316994,2850271.93140245,1052.0,-2.909517421705929e-08,1113.0,ASK
955,1712308913.3352592,2851277.17855009,1052.0,-1.3591306909819898e-07,1113.0,ASK
956,1712308914.5388272,2851277.17855073,1052.0,-8.650580206764075e-17,1113.0,ASK
957,1712308920.3159585,2851277.17855073,1052.0,-0.0,1113.0,ASK
958,1712308920.669674,2851354.20506732,1051.0,-1.0401760365422184e-08,1113.0,ASK
959,1712308920.6750424,2851903.90795647,1051.0,-7.423258870148186e-08,1113.0,ASK
960,1712308932.5717094,2852333.80795647,1051.0,-5.8054251692473954e-08,1113.0,ASK
961,1712308940.5512066,2854457.45541304,1051.0,-2.867800975800575e-07,1113.0,ASK
962,1712308941.9212046,2854507.32110249,1051.0,-6.73392716020073e-09,1113.0,ASK
963,1712308950.2583475,2854507.32110249,1051.0,-0.0,1113.0,ASK
964,1712308954.3312843,2854524.09649858,1051.0,-2.264333090865202e-09,1113.0,ASK
965,1712308959.5116,2854919.89098,1051.0,-5.342410615241679e-08,1113.0,ASK
966,1712308959.517809,2857997.56008248,1051.0,-4.1542196405318025e-07,1113.0,ASK
967,1712308967.7563794,2858121.36960628,1050.0,-1.671173665291455e-08,1113.0,ASK
968,1712308967.7629983,2858488.00832468,1050.0,-4.9488678419981584e-08,1113.0,ASK
969,1712308967.7742145,2859037.71121383,1050.0,-7.419857244315632e-08,1113.0,ASK
970,1712308980.3510623,2859037.71121383,1050.0,-0.0,1113.0,ASK
971,1712308984.4910932,2859071.16950326,1050.0,-4.513280179853021e-09,1113.0,ASK
972,1712309010.361093,2859071.16950326,1050.0,-0.0,1113.0,ASK
973,1712309010.6949892,2859078.27460616,1050.0,-9.584222228909647e-10,1113.0,ASK
1174,1712309010.6986022,2859154.15403465,1050.0,-1.0235535156803421e-08,1113.0,ASK
974,1712309010.6986022,2859154.15403465,1050.0,-1.023553515680342e-08,1113.0,ASK
975,1712309011.591166,2859158.89786766,1054.0,6.39905578085453e-10,1113.0,BID
976,1712309040.2497697,2859158.89786766,1054.0,0.0,1113.0,BID
977,1712309063.2996068,2859163.89786766,1054.0,6.744520981275595e-10,1113.0,BID
978,1712309067.571363,2859168.89786766,1051.0,-6.744520981275595e-10,1113.0,ASK
979,1712309067.5792167,2859188.89786766,1051.0,-2.697808392510238e-09,1113.0,ASK
980,1712309069.5821526,2859232.30085194,1050.0,-5.8546467625474755e-09,1113.0,ASK
981,1712309070.2611794,2859232.30085194,1050.0,-0.0,1113.0,ASK
982,1712309073.2813246,2859284.90532836,1050.0,-7.095766084751339e-09,1113.0,ASK
983,1712309075.201718,2859311.20756657,1050.0,-3.547883042407076e-09,1113.0,ASK
984,1712309076.811296,2859324.35868567,1050.0,-1.773941520512599e-09,1113.0,ASK
1185,1712309078.4712803,2859330.93424522,1050.0,-8.869707602562993e-10,1113.0,ASK
985,1712309078.4712803,2859330.93424522,1050.0,-8.869707602562992e-10,1113.0,ASK
986,1712309100.3612394,2859330.93424522,1050.0,-0.0,1113.0,ASK
987,1712309102.467947,2859436.37714522,1050.0,-1.4226998058419566e-08,1113.0,ASK
988,1712309113.5124366,2859636.37714522,1051.0,-2.6985217702473414e-08,1113.0,ASK
989,1712309115.2814617,2860953.37714522,1051.0,-1.776976585707874e-07,1113.0,ASK
990,1712309118.7171617,2861157.08250398,1051.0,-2.7485167266490625e-08,1113.0,ASK
991,1712309121.0642862,2861296.23464588,1051.0,-1.8775254214658123e-08,1113.0,ASK
992,1712309127.6478815,2861575.99484567,1051.0,-3.77469494791509e-08,1113.0,ASK
993,1712309130.3665357,2861575.99484567,1051.0,-0.0,1113.0,ASK
994,1712309138.743597,2861736.28072816,1051.0,-2.1619864445381187e-08,1113.0,ASK
995,1712309141.661117,2862050.78072816,1051.0,-4.242075011507612e-08,1113.0,ASK
996,1712309142.304069,2862069.77408048,1053.0,2.5618831561724644e-09,1113.0,BID
997,1712309143.9617786,2862183.4377668,1051.0,-1.533131584911603e-08,1113.0,ASK
998,1712309143.9697237,2862188.72320923,1051.0,-7.12917114700194e-10,1113.0,ASK
999,1712309143.9734352,2864491.77408049,1050.0,-3.106427520255286e-07,1113.0,ASK
1000,1712309143.9804842,2864891.77408048,1050.0,-5.395325928647335e-08,1113.0,ASK
1201,1712309145.431466,2864901.27075664,1053.0,1.2809415780862322e-09,1113.0,BID
1202,1712309160.2353325,2864901.27075664,1053.0,0.0,1113.0,BID
1203,1712309177.2719872,2864911.27075664,1053.0,1.3481964257552166e-09,1113.0,BID
1204,1712309190.24671,2864911.27075664,1053.0,0.0,1113.0,BID
1205,1712309205.5124848,2864920.7674328,1052.0,1.280336667918705e-09,1113.0,BID
1206,1712309220.0319233,2865152.04258369,1051.0,-3.1180388914323974e-08,1113.0,ASK
1207,1712309220.384222,2865152.04258369,1051.0,-0.0,1113.0,ASK
1208,1712309221.8820565,2865165.304621,1052.0,1.787919592272833e-09,1113.0,BID
1209,1712309222.322153,2865642.78615805,1052.0,-6.437160257484914e-08,1113.0,ASK
1210,1712309222.348519,2866077.30984503,1052.0,-5.858024639116699e-08,1113.0,ASK
1211,1712309225.952041,2866459.1162356,1053.0,5.147317189718159e-08,1113.0,BID
1212,1712309225.954739,2870147.39058517,1053.0,4.972341592186747e-07,1113.0,BID
1213,1712309232.5419133,2870432.41787639,1053.0,-3.8425911977103146e-08,1113.0,ASK
1214,1712309233.3053014,2870645.85023811,1053.0,-2.877385217895456e-08,1113.0,ASK
1215,1712309243.9818387,2870830.16155511,1053.0,-2.484790285562554e-08,1113.0,ASK
1216,1712309244.3136008,2870830.16155605,1053.0,-1.2674889780896966e-16,1113.0,ASK
1217,1712309250.3718724,2870830.16155605,1053.0,-0.0,1113.0,ASK
1218,1712309254.0619018,2870839.65823221,1053.0,1.279261977522122e-09,1113.0,BID
1219,1712309254.4822102,2871077.82675221,1052.0,-3.2082796838023e-08,1113.0,ASK
1220,1712309266.4320848,2871239.60121263,1052.0,-2.1792036778159083e-08,1113.0,ASK
1221,1712309266.4719238,2871401.22273839,1052.0,-2.177143551803952e-08,1113.0,ASK
1222,1712309280.2118113,2871401.22273839,1052.0,-0.0,1113.0,ASK
1223,1712309290.221991,2871618.8447735,1052.0,-2.931268397669321e-08,1113.0,ASK
1224,1712309290.946179,2871781.42592768,1052.0,-2.189893128524577e-08,1113.0,ASK
1225,1712309307.1163752,2871815.53165528,1052.0,-4.593884136893663e-09,1113.0,ASK
1226,1712309307.1177368,2871902.88711925,1051.0,-1.1766377920742213e-08,1113.0,ASK
1227,1712309310.231967,2871902.88711925,1051.0,-0.0,1113.0,ASK
1228,1712309325.1521297,2871948.69850087,1051.0,-6.170143185272493e-09,1113.0,ASK
1229,1712309325.1549685,2872091.38853301,1051.0,-1.9218323008072443e-08,1113.0,ASK
1230,1712309340.3718553,2872091.38853301,1051.0,-0.0,1113.0,ASK
1231,1712309370.381995,2872091.38853301,1051.0,-0.0,1113.0,ASK
1232,1712309400.3621054,2872091.38853301,1051.0,-0.0,1113.0,ASK
1233,1712309430.263734,2872091.38853301,1051.0,-0.0,1113.0,ASK
1234,1712309460.3519762,2872091.38853301,1051.0,-0.0,1113.0,ASK
1235,1712309490.351857,2872091.38853301,1051.0,-0.0,1113.0,ASK
1236,1712309520.298075,2872091.38853301,1051.0,-0.0,1113.0,ASK
1237,1712309550.266691,2872091.38853301,1051.0,-0.0,1113.0,ASK
1238,1712309573.9820838,2872198.3742003,1055.0,1.4409830117607554e-08,1113.0,BID
1239,1712309580.309948,2872198.3742003,1055.0,0.0,1113.0,BID
1240,1712309610.272062,2872198.3742003,1055.0,0.0,1113.0,BID
1241,1712309629.4780166,2872278.67556052,1056.0,1.0815573688168158e-08,1113.0,BID
1242,1712309640.371804,2872278.67556052,1056.0,0.0,1113.0,BID
1243,1712309670.371926,2872278.67556052,1056.0,0.0,1113.0,BID
1244,1712309673.3619733,2872477.27556052,1053.0,-2.6748593004339253e-08,1113.0,ASK
1245,1712309687.5721393,2872806.13146541,1053.0,-4.429220924957567e-08,1113.0,ASK
1246,1712309688.7919116,2873087.4019286,1053.0,-3.788312761333774e-08,1113.0,ASK
1247,1712309690.4221797,2874396.17046928,1053.0,-1.7627249260581264e-07,1113.0,ASK
1248,1712309690.425273,2874483.5019286,1053.0,-1.1762304440224648e-08,1113.0,ASK
1249,1712309700.2619514,2874483.5019286,1053.0,-0.0,1113.0,ASK
1250,1712309706.2819755,2874678.28596572,1053.0,-2.6277754501649863e-08,1113.0,ASK
1251,1712309720.2919974,2874889.38596572,1053.0,-2.8478894150171337e-08,1113.0,ASK
1252,1712309724.6922312,2874922.10996572,1052.0,-4.414700768276159e-09,1113.0,ASK
1253,1712309724.6936169,2875549.63356093,1052.0,-8.46574042858528e-08,1113.0,ASK
1254,1712309724.69497,2876290.98596572,1053.0,-1.000137217623241e-07,1113.0,ASK
1255,1712309728.2027984,2878009.58596572,1052.0,-2.318513855356395e-07,1113.0,ASK
1256,1712309730.26221,2878009.58596572,1052.0,-0.0,1113.0,ASK
1257,1712309732.3620446,2879041.38596572,1052.0,-1.3912752676860204e-07,1113.0,ASK
1258,1712309760.3621504,2879041.38596572,1052.0,-0.0,1113.0,ASK
1259,1712309768.512001,2879241.74331883,1052.0,-2.7012157130648047e-08,1113.0,ASK
1260,1712309769.4250183,2879717.48071178,1051.0,-6.413886494203293e-08,1113.0,ASK
1261,1712309769.4274864,2879726.99545963,1051.0,-1.28277729764532e-09,1113.0,ASK
1262,1712309769.4297838,2880173.12608093,1052.0,-6.014728312318351e-08,1113.0,ASK
1263,1712309769.4328756,2882799.25745599,1050.0,-3.5405475390660213e-07,1113.0,ASK
1264,1712309769.4351962,2890754.33974175,1052.0,-1.072503351408579e-06,1113.0,ASK
1265,1712309769.437469,2890769.57783698,1050.0,-2.054398385352585e-09,1113.0,ASK
1266,1712309769.439755,2890775.77798698,1051.0,-8.35903566461616e-10,1113.0,ASK
1267,1712309769.4420116,2894055.27714989,1050.0,-4.42141729879873e-07,1113.0,ASK
1268,1712309769.4433544,2894060.27714989,1049.0,-6.740994705538233e-10,1113.0,ASK
1269,1712309769.4446878,2894711.49344649,1050.0,-8.77969121507775e-08,1113.0,ASK
1270,1712309769.4460428,2897869.52992181,1050.0,-4.257661432006216e-07,1113.0,ASK
1271,1712309769.4473996,2898451.16614678,1049.0,-7.841613426140739e-08,1113.0,ASK
1272,1712309769.4487522,2898457.84553609,1048.0,-9.005145595081275e-10,1113.0,ASK
1273,1712309769.450114,2898648.32172656,1050.0,-2.5679979829808683e-08,1113.0,ASK
1274,1712309769.451486,2899506.18640718,1049.0,-1.1565722540254125e-07,1113.0,ASK
1275,1712309769.452855,2899887.86579649,1048.0,-5.1457974851044894e-08,1113.0,ASK
1276,1712309769.4542458,2899906.93157342,1049.0,-2.5704460268049787e-09,1113.0,ASK
1277,1712309769.455633,2900193.19111539,1048.0,-3.8593481136619974e-08,1113.0,ASK
1278,1712309769.4570153,2900202.72400385,1049.0,-1.285223012743295e-09,1113.0,ASK
1279,1712309769.4584146,2900420.5522958,1048.0,-2.9367587255002928e-08,1113.0,ASK
1280,1712309769.459818,2900430.10339417,1047.0,-1.287678070883989e-09,1113.0,ASK
1281,1712309769.4612029,2902440.10339417,1048.0,-2.7098798716263697e-07,1113.0,ASK
1282,1712309769.4626126,2902631.02989844,1047.0,-2.574069108864326e-08,1113.0,ASK
1283,1712309769.4640176,2902683.7398221,1048.0,-7.106346326416494e-09,1113.0,ASK
1284,1712309769.4654202,2902688.7398221,1047.0,-6.740994705538233e-10,1113.0,ASK
1285,1712309769.4668498,2906066.74058545,1048.0,-4.554217052209516e-07,1113.0,ASK
1286,1712309769.4682746,2907308.20470055,1047.0,-1.6737406054009362e-07,1113.0,ASK
1287,1712309769.469699,2927727.14407534,1047.0,-2.752879244363319e-06,1113.0,ASK
1288,1712309770.363273,2927742.46658486,1051.0,2.065779110964665e-09,1113.0,BID
1289,1712309770.6022751,2927747.74486322,1051.0,7.116169296016607e-10,1113.0,BID
1290,1712309774.6919217,2927778.89486322,1052.0,4.199639701537763e-09,1113.0,BID
1291,1712309781.7221222,2927937.89486322,1048.0,-2.1436363163611578e-08,1113.0,ASK
1292,1712309781.7246723,2927944.09932322,1048.0,-8.364846402351871e-10,1113.0,ASK
1293,1712309781.727168,2929896.38977198,1047.0,-2.632075915752376e-07,1113.0,ASK
1294,1712309790.3822014,2929896.38977198,1047.0,-0.0,1113.0,ASK
1295,1712309808.582113,2929901.23768072,1051.0,6.489288149508302e-10,1113.0,BID
1296,1712309820.2619038,2929901.23768072,1051.0,0.0,1113.0,BID
1297,1712309850.26192,2929901.23768072,1051.0,0.0,1113.0,BID
1298,1712309866.6920102,2930015.43826111,1051.0,1.5286590718591966e-08,1113.0,BID
1299,1712309880.3619218,2930015.43826111,1051.0,0.0,1113.0,BID
1300,1712309910.3844583,2930015.43826111,1051.0,0.0,1113.0,BID
1301,1712309924.1025383,2930054.40132326,1050.0,-5.215409703862033e-09,1113.0,ASK
1302,1712309927.9220936,2930059.15869718,1051.0,6.367993873968746e-10,1113.0,BID
1303,1712309940.264572,2930059.15869718,1051.0,0.0,1113.0,BID
1304,1712309948.222418,2930107.15869718,1049.0,-6.425011627166001e-09,1113.0,ASK
1305,1712309948.2258065,2931019.62468241,1050.0,-1.2213759509369425e-07,1113.0,ASK
1306,1712309948.2283983,2931498.83983969,1049.0,-6.414506161326135e-08,1113.0,ASK
1307,1712309948.2309475,2931543.86069718,1048.0,-6.026240267481068e-09,1113.0,ASK
1308,1712309948.2334518,2931559.15869718,1050.0,-2.047704747334881e-09,1113.0,ASK
1309,1712309970.262226,2931559.15869718,1050.0,-0.0,1113.0,ASK
1310,1712309979.2050102,2936556.37495218,1051.0,6.687584950794113e-07,1113.0,BID
1311,1712309979.2083948,2940987.78145418,1051.0,5.930383221653789e-07,1113.0,BID
1312,1712309979.2222197,2942349.52568319,1051.0,1.8223706455866218e-07,1113.0,BID
1313,1712310000.282299,2942349.52568319,1051.0,0.0,1113.0,BID
1314,1712310030.2521305,2942349.52568319,1051.0,0.0,1113.0,BID
1315,1712310048.7941597,2942359.01334922,1054.0,1.269509776873453e-09,1113.0,BID
1316,1712310060.3619914,2942359.01334922,1054.0,0.0,1113.0,BID
1317,1712310084.1221216,2942368.50101525,1054.0,1.269508078191278e-09,1113.0,BID
1318,1712310090.3622072,2942368.50101525,1054.0,0.0,1113.0,BID
1319,1712310094.9920902,2942377.98868128,1054.0,1.2695063795136495e-09,1113.0,BID
1320,1712310102.922079,2942567.74484826,1054.0,2.5390508453072283e-08,1113.0,BID
1321,1712310120.2419498,2942567.74484826,1054.0,0.0,1113.0,BID
1322,1712310146.0120704,2942927.66127877,1051.0,-4.8157614776308975e-08,1113.0,ASK
1323,1712310146.0148604,2942937.17602662,1051.0,-1.2730943152873095e-09,1113.0,ASK
1324,1712310150.2366834,2942937.17602662,1051.0,-0.0,1113.0,ASK
1325,1712310154.6470096,2944639.85151613,1051.0,-2.278099128385266e-07,1113.0,ASK
1326,1712310154.6541662,2944687.42525542,1051.0,-6.365140901999506e-09,1113.0,ASK
1327,1712310173.9322248,2944696.94000327,1051.0,1.2730281792784423e-09,1113.0,BID
1328,1712310180.3520126,2944696.94000327,1051.0,0.0,1113.0,BID
1329,1712310184.3122554,2944706.45475112,1051.0,1.2727132388973755e-09,1113.0,BID
1330,1712310210.3722637,2944706.45475112,1051.0,0.0,1113.0,BID
1331,1712310240.2544534,2944706.45475112,1051.0,0.0,1113.0,BID
1332,1712310270.2520392,2944706.45475112,1051.0,0.0,1113.0,BID
1333,1712310270.53291,2944715.96949897,1051.0,1.272711536490916e-09,1113.0,BID
1334,1712310300.2763994,2944715.96949897,1051.0,0.0,1113.0,BID
1335,1712310312.722063,2944720.72687289,1051.0,6.365794360544044e-10,1113.0,BID
1336,1712310330.233338,2944720.72687289,1051.0,0.0,1113.0,BID
1337,1712310360.3618894,2944720.72687289,1051.0,0.0,1113.0,BID
1338,1712310362.6121151,2944768.30061218,1051.0,6.365790114006011e-09,1113.0,BID
1339,1712310390.3631904,2944768.30061218,1051.0,0.0,1113.0,BID
1340,1712310392.442243,2944885.76588335,1051.0,1.5717794529051256e-08,1113.0,BID
1341,1712310399.8720863,2944933.38493096,1050.0,-6.371810140570405e-09,1113.0,ASK
1342,1712310399.874913,2944944.49851893,1050.0,-1.487087123300976e-09,1113.0,ASK
1343,1712310420.072099,2944944.49851943,1050.0,-6.69200932315833e-17,1113.0,ASK
1344,1712310420.0738504,2947323.86112143,1050.0,-3.1837778192578146e-07,1113.0,ASK
1345,1712310420.2519038,2947323.86112143,1050.0,-0.0,1113.0,ASK
1346,1712310427.322067,2948276.13716681,1049.0,1.2737642864936932e-07,1113.0,BID
1347,1712310427.3248892,2949381.33784763,1049.0,1.4783162544793266e-07,1113.0,BID
1348,1712310429.3122437,2951255.48984262,1049.0,-2.506865409731476e-07,1113.0,ASK
1349,1712310435.6335597,2951270.17300151,1048.0,-1.9640190990390028e-09,1113.0,ASK
1350,1712310439.752044,2953981.7835147,1048.0,-3.627049790172084e-07,1113.0,ASK
1351,1712310440.1575322,2953987.4348847,1048.0,-7.55927161121446e-10,1113.0,ASK
1352,1712310440.1592062,2953996.97686943,1048.0,-1.276335725362764e-09,1113.0,ASK
1353,1712310440.1607811,2957004.9595347,1048.0,-4.023477133548605e-07,1113.0,ASK
1354,1712310440.4720674,2959057.0034347,1048.0,-2.744813593513926e-07,1113.0,ASK
1355,1712310440.491963,2964054.2196887,1048.0,-6.684275664720738e-07,1113.0,ASK
1356,1712310440.5558715,2964096.1111915,1048.0,-5.603406746706717e-09,1113.0,ASK
1357,1712310440.557504,2965415.9639177,1048.0,-1.7654347961613548e-07,1113.0,ASK
1358,1712310440.5784006,2965862.094539,1048.0,-5.967442479312021e-08,1113.0,ASK
1359,1712310444.7622056,2966841.11228078,1048.0,-1.3095339753348274e-07,1113.0,ASK
1360,1712310448.5419629,2967247.74642667,1048.0,-5.4391376871886186e-08,1113.0,ASK
1361,1712310448.56223,2967582.04231631,1048.0,-4.4715412869108544e-08,1113.0,ASK
1362,1712310448.5655525,2967985.03803,1048.0,-5.390470023880722e-08,1113.0,ASK
1363,1712310450.2594414,2967985.03803,1048.0,-0.0,1113.0,ASK
1364,1712310454.9360752,2968086.7338864,1048.0,-1.3563544992683868e-08,1113.0,ASK
1365,1712310459.1621635,2970039.02433516,1049.0,2.603840537655223e-07,1113.0,BID
1366,1712310459.1659458,2987248.23318602,1049.0,2.2952545639560142e-06,1113.0,BID
1367,1712310459.508161,2987380.57532376,1049.0,-1.7650950620907468e-08,1113.0,ASK
1368,1712310459.5258508,2987514.28265399,1049.0,-1.7833031291836813e-08,1113.0,ASK
1369,1712310459.5286307,2987646.83190106,1049.0,-1.7678573542941874e-08,1113.0,ASK
1370,1712310459.7635815,2987886.30532067,1049.0,-3.1939438010737406e-08,1113.0,ASK
1371,1712310460.2020798,2988179.80593043,1049.0,-3.914524019750271e-08,1113.0,ASK
1372,1712310460.7227404,2988355.72678868,1049.0,-2.3463202538400784e-08,1113.0,ASK
1373,1712310460.754977,2988532.18978654,1049.0,-2.3535509663295456e-08,1113.0,ASK
1374,1712310461.0121205,2988820.6648739,1049.0,-3.847496805860353e-08,1113.0,ASK
1375,1712310462.2321882,2989025.56804773,1049.0,-2.732867902167576e-08,1113.0,ASK
1376,1712310462.3120546,2989324.08322093,1049.0,-3.9814050700145626e-08,1113.0,ASK
1377,1712310462.5122206,2989545.96812118,1049.0,-2.9593593429270173e-08,1113.0,ASK
1378,1712310462.5601318,2989765.12513457,1049.0,-2.9229765270802378e-08,1113.0,ASK
1379,1712310467.4120955,2989826.50835668,1050.0,8.186902833217677e-09,1113.0,BID
1380,1712310471.3238852,2991325.95623555,1050.0,1.999867987666305e-07,1113.0,BID
1381,1712310480.3572292,2991325.95623555,1050.0,0.0,1113.0,BID
1382,1712310482.071997,2991643.29211865,1049.0,-4.2186464547485086e-08,1113.0,ASK
1383,1712310485.142068,2991661.43873519,1051.0,2.412401610052677e-09,1113.0,BID
1384,1712310489.882096,2994028.86297761,1049.0,-3.147241273065379e-07,1113.0,ASK
1385,1712310497.4722247,2994298.32297761,1049.0,-3.582186995657131e-08,1113.0,ASK
1386,1712310499.115702,2994314.7224121,1051.0,2.180132151958752e-09,1113.0,BID
1387,1712310510.3721578,2994314.7224121,1051.0,0.0,1113.0,BID
1388,1712310519.2321107,2994506.32067463,1051.0,2.5460359779967972e-08,1113.0,BID
1389,1712310526.5421555,2999501.97189563,1051.0,6.638425408586548e-07,1113.0,BID
1390,1712310526.630805,2999591.65635719,1051.0,1.1917637601945769e-08,1113.0,BID
1391,1712310526.6396906,2999740.96392273,1051.0,1.9840599211748152e-08,1113.0,BID
1392,1712310540.248717,2999740.96392273,1051.0,0.0,1113.0,BID
1393,1712310570.2902775,2999740.96392273,1051.0,0.0,1113.0,BID
1394,1712310597.742589,2999750.47867058,1051.0,-1.263401110918163e-09,1113.0,ASK
1395,1712310597.7459214,2999852.47161209,1051.0,-1.3542975352099186e-08,1113.0,ASK
1396,1712310600.283079,2999852.47161209,1051.0,-0.0,1113.0,ASK
1397,1712310606.91511,3000174.64540644,1051.0,-4.288511795902386e-08,1113.0,ASK
1398,1712310630.2520363,3000174.64540644,1051.0,-0.0,1113.0,ASK
1399,1712310658.2521582,3000649.02870814,1054.0,6.314314602852624e-08,1113.0,BID
1400,1712310660.3719847,3000649.02870814,1054.0,0.0,1113.0,BID
1401,1712310690.3520527,3000649.02870814,1054.0,0.0,1113.0,BID
1402,1712310710.2326963,3001225.69199087,1054.0,7.67520917282981e-08,1113.0,BID
1403,1712310720.2655375,3001225.69199087,1054.0,0.0,1113.0,BID
1404,1712310734.9221728,3001230.99369864,1054.0,7.05583756848597e-10,1113.0,BID
1405,1712310750.24207,3001230.99369864,1054.0,0.0,1113.0,BID
1406,1712310770.2022808,3001294.50060692,1051.0,-8.451882214610338e-09,1113.0,ASK
1407,1712310770.2120478,3001573.1502824,1051.0,-3.708437869313398e-08,1113.0,ASK
1408,1712310780.3622594,3001573.1502824,1051.0,-0.0,1113.0,ASK
1409,1712310789.1020372,3001578.74421029,1054.0,7.444380195893542e-10,1113.0,BID
1410,1712310809.132149,3001588.23187632,1054.0,1.2626153660904878e-09,1113.0,BID
1411,1712310810.3620229,3001588.23187632,1054.0,0.0,1113.0,BID
1412,1712310816.802394,3001595.72523495,1054.0,9.972115064610612e-10,1113.0,BID
1413,1712310821.8821914,3001601.29354614,1054.0,7.410273903621935e-10,1113.0,BID
1414,1712310830.9322104,3001718.88933066,1051.0,-1.564957387316223e-08,1113.0,ASK
1415,1712310837.8321905,3001728.40027262,1054.0,1.2657102413397152e-09,1113.0,BID
1416,1712310840.2756147,3001728.40027262,1054.0,0.0,1113.0,BID
1417,1712310843.1421316,3001737.80678346,1051.0,-1.251788060466143e-09,1113.0,ASK
1418,1712310853.7021186,3001744.52553346,1054.0,8.94109534785251e-10,1113.0,BID
1419,1712310870.248124,3001744.52553346,1054.0,0.0,1113.0,BID
1420,1712310884.0126534,3001981.47518012,1051.0,-3.1532421947836624e-08,1113.0,ASK
1421,1712310884.0219443,3002002.03516223,1051.0,-2.7360497905977687e-09,1113.0,ASK
1422,1712310900.3621345,3002002.03516223,1051.0,-0.0,1113.0,ASK
1423,1712310909.3421865,3002580.4165664,1054.0,7.800866716997135e-08,1113.0,BID
1424,1712310922.7920415,3002587.13857778,1054.0,9.066251866035791e-10,1113.0,BID
1425,1712310926.9621463,3002593.76761003,1054.0,8.94084710689066e-10,1113.0,BID
1426,1712310930.3619244,3002593.76761003,1054.0,0.0,1113.0,BID
1427,1712310960.2701943,3002593.76761003,1054.0,0.0,1113.0,BID
1428,1712310990.2520678,3002593.76761003,1054.0,0.0,1113.0,BID
1429,1712311012.6421604,3002599.34066505,1054.0,7.515975161672952e-10,1113.0,BID
1430,1712311020.35517,3002599.34066505,1054.0,0.0,1113.0,BID
1431,1712311050.362034,3002599.34066505,1054.0,0.0,1113.0,BID
1432,1712311053.8621368,3002756.48644951,1052.0,-2.1193095579704363e-08,1113.0,ASK
1433,1712311054.6422849,3002938.35092524,1054.0,2.4526723576774072e-08,1113.0,BID
1434,1712311072.2724502,3003411.31273655,1054.0,6.37848791622344e-08,1113.0,BID
1435,1712311080.2355638,3003411.31273655,1054.0,0.0,1113.0,BID
1436,1712311084.5523036,3003591.33128751,1053.0,-2.427497654728221e-08,1113.0,ASK
1437,1712311084.5919387,3003769.20844085,1053.0,-2.3986215323841752e-08,1113.0,ASK
1438,1712311084.7177916,3003902.62706904,1053.0,-1.7991112877030918e-08,1113.0,ASK
1439,1712311084.7584443,3004036.76708467,1053.0,-1.8088389869205885e-08,1113.0,ASK
1440,1712311091.0821457,3004043.37334652,1054.0,8.908351424148746e-10,1113.0,BID
1441,1712311110.2645602,3004043.37334652,1054.0,0.0,1113.0,BID
1442,1712311136.5737607,3004602.54365012,1054.0,7.539571779826132e-08,1113.0,BID
1443,1712311136.6521077,3005415.27982175,1054.0,1.0958526703964532e-07,1113.0,BID
1444,1712311140.3837886,3005415.27982175,1054.0,0.0,1113.0,BID
1445,1712311145.342159,3005481.62389757,1055.0,8.943758502154243e-09,1113.0,BID
1446,1712311149.122656,3005664.90078633,1053.0,-2.4707318804637773e-08,1113.0,ASK
1447,1712311162.4721577,3005669.64107069,1055.0,6.390315642088013e-10,1113.0,BID
1448,1712311170.352122,3005669.64107069,1055.0,0.0,1113.0,BID
1449,1712311170.603011,3005678.33471473,1053.0,-1.17193649846525e-09,1113.0,ASK
1450,1712311178.832175,3005844.8701006,1053.0,-2.244960756318352e-08,1113.0,ASK
1451,1712311187.242484,3006078.7307641,1055.0,3.1525312729152225e-08,1113.0,BID
1452,1712311200.3519683,3006078.7307641,1055.0,0.0,1113.0,BID
1453,1712311230.2554078,3006078.7307641,1055.0,0.0,1113.0,BID
1454,1712311243.398842,3006097.72411643,1053.0,-2.561676570684205e-09,1113.0,ASK
1455,1712311260.2790112,3006097.72411643,1053.0,-0.0,1113.0,ASK
1456,1712311290.242364,3006097.72411643,1053.0,-0.0,1113.0,ASK
1457,1712311320.3566563,3006097.72411643,1053.0,-0.0,1113.0,ASK
1458,1712311347.062322,3006290.62411642,1053.0,-2.601679097682932e-08,1113.0,ASK
1459,1712311350.3822048,3006290.62411642,1053.0,-0.0,1113.0,ASK
1460,1712311370.4521503,3006419.35875954,1053.0,-1.7362211243700913e-08,1113.0,ASK
1461,1712311372.6576602,3006565.50759237,1053.0,-1.9710831887244724e-08,1113.0,ASK
1462,1712311380.267457,3006565.50759237,1053.0,-0.0,1113.0,ASK
1463,1712311395.430638,3006693.61160098,1053.0,-1.7276484256495973e-08,1113.0,ASK
1464,1712311410.285007,3006693.61160098,1053.0,-0.0,1113.0,ASK
1465,1712311429.9329908,3006906.52153564,1053.0,-2.8713139101129264e-08,1113.0,ASK
1466,1712311430.0128202,3007227.38631897,1053.0,4.327198339109572e-08,1113.0,BID
1467,1712311440.4151592,3007227.38631897,1053.0,0.0,1113.0,BID
1468,1712311470.3643928,3007227.38631897,1053.0,0.0,1113.0,BID
1469,1712311476.9502137,3007294.92049652,1052.0,-9.107002275420135e-09,1113.0,ASK
1470,1712311476.9549468,3007406.18631897,1052.0,-1.5004226526249913e-08,1113.0,ASK
1471,1712311487.3555875,3007527.74631896,1052.0,-1.6392399177290997e-08,1113.0,ASK
1472,1712311487.373733,3007787.29832817,1052.0,-3.500065928412624e-08,1113.0,ASK
1473,1712311487.39394,3007917.43665621,1052.0,-1.7549189056168635e-08,1113.0,ASK
1474,1712311487.3983247,3009970.92458888,1050.0,-2.769134081998025e-07,1113.0,ASK
1475,1712311487.4020617,3010018.49832817,1051.0,-6.415331728008288e-09,1113.0,ASK
1476,1712311500.2577994,3010018.49832817,1051.0,-0.0,1113.0,ASK
1477,1712311524.9346616,3010195.60230025,1050.0,-2.400902154622293e-08,1113.0,ASK
1478,1712311524.9399543,3011324.82229336,1050.0,-1.530822083015034e-07,1113.0,ASK
1479,1712311530.2446203,3011324.82229336,1050.0,-0.0,1113.0,ASK
1480,1712311560.364996,3011324.82229336,1050.0,-0.0,1113.0,ASK
1481,1712311590.365663,3011324.82229336,1050.0,-0.0,1113.0,ASK
1482,1712311620.2388103,3011324.82229336,1050.0,-0.0,1113.0,ASK
1483,1712311650.2672458,3011324.82229336,1050.0,-0.0,1113.0,ASK
1484,1712311680.3567672,3011324.82229336,1050.0,-0.0,1113.0,ASK
1485,1712311710.357087,3011324.82229336,1050.0,-0.0,1113.0,ASK
1486,1712311740.2575788,3011324.82229336,1050.0,-0.0,1113.0,ASK
1487,1712311770.248104,3011324.82229336,1050.0,-0.0,1113.0,ASK
1488,1712311800.3083975,3011324.82229336,1050.0,-0.0,1113.0,ASK
1489,1712311810.1087756,3011372.35081047,1052.0,-6.6704934982453155e-09,1113.0,ASK
1490,1712311810.1125116,3011848.81686021,1052.0,-6.687066797291108e-08,1113.0,ASK
1491,1712311812.8386517,3012175.10122039,1055.0,4.579309087443059e-08,1113.0,BID
1492,1712311830.2687068,3012175.10122039,1055.0,0.0,1113.0,BID
1493,1712311844.8814266,3013395.05618139,1055.0,1.711957270433823e-07,1113.0,BID
1494,1712311844.883507,3013395.056182,1055.0,8.560330913228907e-17,1113.0,BID
1495,1712311860.3988082,3013395.056182,1055.0,0.0,1113.0,BID
