,time,acc_trade_volume,trade_price,dev,high,ask_bid
0,1712300395.469817,18890669.76948201,121.0,0.0,125.7,BID
1,1712300396.2051418,18894891.38287019,121.1,5.203658870373276e-07,125.7,BID
2,1712300400.4310648,18894891.38287019,121.1,0.0,125.7,BID
3,1712300415.097248,18904460.71141176,121.0,-1.1793284564946128e-06,125.7,ASK
4,1712300415.1004162,18938493.87521619,121.0,-4.194262780795364e-06,125.7,ASK
5,1712300415.1954122,18948339.03224805,121.0,-1.2133216866673254e-06,125.7,ASK
6,1712300415.1970026,18965122.80095998,121.0,-2.068439385607584e-06,125.7,ASK
7,1712300415.198523,18966119.55259304,121.0,-1.2284013029986708e-07,125.7,ASK
8,1712300415.2000806,18988158.06917159,121.0,-2.7160369326965296e-06,125.7,ASK
9,1712300415.2353249,18989929.71127767,121.0,-2.183379890606442e-07,125.7,ASK
10,1712300415.2368891,19008075.42454369,121.0,-2.236286059679804e-06,125.7,ASK
11,1712300415.3155146,19011626.74543948,121.0,-4.376664227126066e-07,125.7,ASK
12,1712300415.317108,19012107.33636837,121.0,-5.9228247406372324e-08,125.7,ASK
13,1712300415.318662,19024684.05641965,121.0,-1.5499607711666392e-06,125.7,ASK
14,1712300415.320272,19032155.75176308,121.0,-9.20815175117964e-07,125.7,ASK
15,1712300415.3752663,19035386.61874364,121.0,-3.981735346186037e-07,125.7,ASK
16,1712300430.3654046,19035386.61874364,121.0,-0.0,125.7,ASK
17,1712300460.497764,19035386.61874364,121.0,-0.0,125.7,ASK
18,1712300463.5254493,19043651.08155355,121.0,1.0163867927636954e-06,125.7,BID
19,1712300465.235402,19051915.54436346,121.0,1.0163867927641536e-06,125.7,BID
20,1712300490.4754477,19051915.54436346,121.0,0.0,125.7,BID
21,1712300491.435577,19052215.54436346,121.0,3.688576794717229e-08,125.7,BID
22,1712300520.345852,19052215.54436346,121.0,0.0,125.7,BID
23,1712300550.3356988,19052215.54436346,121.0,0.0,125.7,BID
24,1712300570.8958626,19071412.37436346,121.0,2.36028885461506e-06,125.7,BID
25,1712300570.9079766,19085575.36419817,121.0,1.7413680829021132e-06,125.7,BID
26,1712300575.9260397,19086385.47196479,120.9,-9.960437908719228e-08,125.7,ASK
27,1712300575.9279397,19086685.47196479,120.9,-3.688560332016192e-08,125.7,ASK
28,1712300576.5670907,19090804.0880998,120.9,5.063921366131563e-07,125.7,BID
29,1712300580.455819,19090804.0880998,120.9,0.0,125.7,BID
30,1712300592.905944,19092456.98066178,121.0,2.031098744404104e-07,125.7,BID
31,1712300610.485886,19092456.98066178,121.0,0.0,125.7,BID
32,1712300640.3560667,19092456.98066178,121.0,0.0,125.7,BID
33,1712300662.176152,19093285.48107603,120.7,-1.0180485015689925e-07,125.7,ASK
34,1712300662.1790814,19095989.1366658,120.7,-3.32221019396951e-07,125.7,ASK
35,1712300670.3571208,19095989.1366658,120.7,-0.0,125.7,ASK
36,1712300688.3363135,19097404.09721104,120.7,-1.738590565269611e-07,125.7,ASK
37,1712300688.3378198,19098108.4302682,120.7,-8.654282355078541e-08,125.7,ASK
38,1712300694.8165417,19104017.9540364,120.7,7.261151064021796e-07,125.7,BID
39,1712300694.8180468,19128546.9540364,120.7,3.013927711193504e-06,125.7,BID
40,1712300700.4878838,19128546.9540364,120.7,0.0,125.7,BID
41,1712300700.9361467,19131976.74424114,120.7,-4.212653303520115e-07,125.7,ASK
42,1712300701.017326,19135549.44237108,120.7,-4.3881805245027883e-07,125.7,ASK
43,1712300701.1069329,19143266.47033171,120.7,-9.478469932872212e-07,125.7,ASK
44,1712300701.477025,19146839.16846165,120.7,-4.3881805245027883e-07,125.7,ASK
45,1712300723.0262184,19146882.59356165,120.6,-5.333704980333593e-09,125.7,ASK
46,1712300723.0448947,19148091.21973365,120.6,-1.484499847590881e-07,125.7,ASK
47,1712300730.4762144,19148091.21973365,120.6,-0.0,125.7,ASK
48,1712300740.1764436,19152184.32918638,120.6,5.02592162327951e-07,125.7,BID
49,1712300760.3263943,19152184.32918638,120.6,0.0,125.7,BID
50,1712300762.831719,19160483.0843731,120.5,-1.018940873413509e-06,125.7,ASK
51,1712300762.833181,19197720.95453913,120.3,-4.572154148099676e-06,125.7,ASK
52,1712300762.8345888,19198135.89229846,120.4,-5.0947043669760654e-08,125.7,ASK
53,1712300762.8360102,19198329.9930868,120.3,-2.3832155829567453e-08,125.7,ASK
54,1712300762.8374104,19198412.98063866,120.5,-1.0189408733311772e-08,125.7,ASK
55,1712300769.4893205,19201580.71794465,120.3,-3.8894231058603626e-07,125.7,ASK
56,1712300790.3404644,19201580.71794465,120.3,-0.0,125.7,ASK
57,1712300795.2563505,19201750.98372538,120.4,2.0890390523558763e-08,125.7,BID
58,1712300810.5665915,19206485.83584971,120.3,-5.809324077066409e-07,125.7,ASK
59,1712300810.5863645,19211220.68797405,120.3,-5.809324077080121e-07,125.7,ASK
60,1712300814.4595597,19212052.63472945,120.2,-1.0207390199446837e-07,125.7,ASK
61,1712300814.460312,19214700.76284924,120.2,-3.249063337463119e-07,125.7,ASK
62,1712300814.4680135,19214895.38816147,120.1,-2.387913038554169e-08,125.7,ASK
63,1712300814.4688792,19233943.69115401,120.1,-2.337090204638505e-06,125.7,ASK
64,1712300814.469767,19280643.12181217,120.0,-5.729685316120376e-06,125.7,ASK
65,1712300814.4713545,19284806.31914772,120.1,-5.10794463774885e-07,125.7,ASK
66,1712300814.473227,19287347.99414772,120.0,-3.118452991955378e-07,125.7,ASK
67,1712300814.474777,19305228.29191549,120.0,-2.193784337924308e-06,125.7,ASK
68,1712300814.476841,19309396.34862941,119.9,-5.113906746598202e-07,125.7,ASK
69,1712300814.478066,19343856.00995915,120.0,-4.227953376236595e-06,125.7,ASK
70,1712300814.478808,19344690.03831611,119.9,-1.0232929958122514e-07,125.7,ASK
71,1712300814.479559,19363735.03831611,120.0,-2.3366849511354822e-06,125.7,ASK
72,1712300814.4802969,19372068.37164944,120.0,-1.0224402516562237e-06,125.7,ASK
73,1712300814.4810512,19434143.80599231,119.9,-7.616210725344174e-06,125.7,ASK
74,1712300814.4819343,19459933.10457918,119.9,3.164162032464276e-06,125.7,BID
75,1712300814.57655,19465932.16145278,119.9,7.360412663454537e-07,125.7,BID
76,1712300814.578185,19467071.52772188,119.9,1.397920721884859e-07,125.7,BID
77,1712300814.5968227,19495116.04304637,119.9,3.440860956714565e-06,125.7,BID
78,1712300814.6163073,19511867.99794637,119.9,2.0553447580431017e-06,125.7,BID
79,1712300814.7364523,19517839.99794637,119.9,7.327215819470254e-07,125.7,BID
80,1712300814.7463577,19550063.99794637,119.9,3.953653760325008e-06,125.7,BID
81,1712300814.756438,19580744.99794637,119.9,3.764338723328313e-06,125.7,BID
82,1712300814.9464858,19589055.53594637,119.9,1.0196434276942352e-06,125.7,BID
83,1712300815.166212,19621651.48194637,119.9,3.999288867746403e-06,125.7,BID
84,1712300815.366397,19624209.33943537,119.9,3.138307745701832e-07,125.7,BID
85,1712300815.386431,19715344.33943537,119.9,1.118161108016446e-05,125.7,BID
86,1712300815.48643,19785344.33943537,119.9,8.58849811391356e-06,125.7,BID
87,1712300815.8863928,19854977.34193745,119.9,8.543470152217896e-06,125.7,BID
88,1712300816.0863996,19857084.95030345,119.9,2.585884353753063e-07,125.7,BID
89,1712300816.8664465,19864215.28199145,119.9,8.748405750564163e-07,125.7,BID
90,1712300818.1766825,19872527.93399145,119.9,1.01990280033774e-06,125.7,BID
91,1712300818.2765408,19921656.96413859,119.9,6.027779753672937e-06,125.7,BID
92,1712300818.4049337,19921708.40888481,119.8,-6.3119015124199214e-09,125.7,ASK
93,1712300819.81659,19929569.25788481,119.9,9.64469811575524e-07,125.7,BID
94,1712300820.4584937,19929569.25788481,119.9,0.0,125.7,BID
95,1712300821.8266225,19950170.95788481,119.9,2.500891073961656e-06,125.7,BID
96,1712300825.5667467,19973691.21423731,119.9,2.8551818136006804e-06,125.7,BID
97,1712300825.5686398,19996748.54465274,119.9,2.7989860946105955e-06,125.7,BID
98,1712300825.5763175,20046748.54465274,119.9,6.069623074701958e-06,125.7,BID
99,1712300825.5966065,20070658.54465274,119.9,2.902493754322476e-06,125.7,BID
100,1712300825.5984845,20075518.54465274,119.9,5.899673628610303e-07,125.7,BID
101,1712300825.640936,20085065.72052789,119.9,1.1589551798009255e-06,125.7,BID
102,1712300825.642407,20091879.24479001,119.9,8.271104816279926e-07,125.7,BID
103,1712300825.6634476,20111812.52252231,119.9,2.4197496495683984e-06,125.7,BID
104,1712300825.716551,20129265.95341905,119.9,2.118714938070981e-06,125.7,BID
105,1712300825.8704004,20133207.85045397,119.9,4.785165840250845e-07,125.7,BID
106,1712300825.9466546,20138843.53137108,119.9,6.841291787230027e-07,125.7,BID
107,1712300826.0465806,20145829.42750791,119.9,8.480351277916739e-07,125.7,BID
108,1712300826.8284905,20609213.44025549,119.9,5.625132592441376e-05,125.7,BID
109,1712300827.0128183,20637248.43496956,119.9,3.4032370163133475e-06,125.7,BID
110,1712300827.208862,20657839.77496956,119.9,2.49963344806065e-06,125.7,BID
111,1712300827.2104044,20701477.08573855,119.9,5.297240567228246e-06,125.7,BID
112,1712300827.2119071,20740518.05737819,119.9,4.73927964645495e-06,125.7,BID
113,1712300827.9866304,20765801.17449622,119.9,3.0691798211993824e-06,125.7,BID
114,1712300850.486613,20765801.17449622,119.9,0.0,125.7,BID
115,1712300853.674333,20770344.30438843,120.0,-5.448699347873116e-07,125.7,ASK
116,1712300856.0755427,20776185.47139269,120.0,-7.005470590109812e-07,125.7,ASK
117,1712300871.3170106,20779356.79150035,120.0,3.8034505313426413e-07,125.7,BID
118,1712300871.3266587,20784016.10607534,120.0,5.58804280058314e-07,125.7,BID
119,1712300880.2967322,20784016.10607534,120.0,0.0,125.7,BID
120,1712300882.6867175,20785617.52274273,120.0,1.9201192458836928e-07,125.7,BID
121,1712300910.3466468,20785617.52274273,120.0,0.0,125.7,BID
122,1712300910.7698617,20789124.79511406,120.0,-4.205167931413401e-07,125.7,ASK
123,1712300940.456736,20789124.79511406,120.0,-0.0,125.7,ASK
124,1712300961.9170828,20789958.12844739,120.0,-9.991039796910397e-08,125.7,ASK
125,1712300968.760459,20810392.32428072,120.0,2.449906365467472e-06,125.7,BID
126,1712300968.86671,20815058.9909472,120.0,5.594982286056331e-07,125.7,BID
127,1712300970.4871645,20815058.9909472,120.0,0.0,125.7,BID
128,1712300973.5967636,20817075.30778877,120.0,2.416510573772292e-07,125.7,BID
129,1712301000.367083,20817075.30778877,120.0,0.0,125.7,BID
130,1712301010.0471158,20817116.97445543,120.0,4.9966255744746785e-09,125.7,BID
131,1712301013.417256,20817291.97445543,120.0,2.0985827415920783e-08,125.7,BID
132,1712301030.3271232,20817291.97445543,120.0,0.0,125.7,BID
133,1712301034.942639,20817341.97445543,120.0,5.9959319955805355e-09,125.7,BID
134,1712301042.6471138,20819124.79511406,120.0,2.137934285889795e-07,125.7,BID
135,1712301060.4972825,20819124.79511406,120.0,0.0,125.7,BID
136,1712301078.8171277,20826339.43924911,120.1,-8.651474940957874e-07,125.7,ASK
137,1712301078.8188665,20827221.96534293,120.1,-1.0582853765924265e-07,125.7,ASK
138,1712301090.477155,20827221.96534293,120.1,-0.0,125.7,ASK
139,1712301093.4502928,20827723.85802179,120.2,6.017768250170722e-08,125.7,BID
140,1712301101.2073033,20827923.85802179,120.2,2.3980298990920792e-08,125.7,BID
141,1712301120.3072183,20827923.85802179,120.2,0.0,125.7,BID
142,1712301127.7922454,20834108.92761011,120.1,-7.415915882537783e-07,125.7,ASK
143,1712301127.867514,20839019.99079767,120.1,-5.888378614449685e-07,125.7,ASK
144,1712301127.8823216,20840278.78978663,120.1,-1.509303538440601e-07,125.7,ASK
145,1712301127.8840313,20848605.18445773,120.1,-9.9833706967955e-07,125.7,ASK
146,1712301127.911317,20855687.64137472,120.1,-8.491885820855876e-07,125.7,ASK
147,1712301127.9472735,20884473.06568638,120.1,-3.4513804944325267e-06,125.7,ASK
148,1712301133.0433292,20892004.4846346,120.0,-9.030192562686444e-07,125.7,ASK
149,1712301133.0455928,20900337.81796793,120.0,-9.991690172377751e-07,125.7,ASK
150,1712301133.0473344,20901337.81796793,120.0,-1.1990028206860448e-07,125.7,ASK
151,1712301148.1774752,20901379.32834137,120.2,4.977105484185921e-09,125.7,BID
152,1712301150.3588266,20901379.32834137,120.2,0.0,125.7,BID
153,1712301152.6473558,20901420.73562613,120.2,4.9595001596306394e-09,125.7,BID
154,1712301159.077347,20901462.21157969,120.2,4.967724869718995e-09,125.7,BID
155,1712301162.8473456,20901503.61886445,120.2,4.9595001591844475e-09,125.7,BID
156,1712301180.4567747,20901503.61886445,120.2,0.0,125.7,BID
157,1712301198.7863553,20920635.92528907,120.2,2.2915413923497016e-06,125.7,BID
158,1712301210.475851,20920635.92528907,120.2,0.0,125.7,BID
159,1712301214.1860886,20920677.43566251,120.4,4.970469484594026e-09,125.7,BID
160,1712301217.1158247,20920718.84294727,120.4,4.958125602392699e-09,125.7,BID
161,1712301219.791213,20920760.21598283,120.4,4.9540245886847164e-09,125.7,BID
162,1712301231.675637,20921760.21598283,120.4,1.197404184131351e-07,125.7,BID
163,1712301240.326528,20921760.21598283,120.4,0.0,125.7,BID
164,1712301270.3144486,20921760.21598283,120.4,0.0,125.7,BID
165,1712301297.234033,20921801.65757355,120.4,4.9621529832147915e-09,125.7,BID
166,1712301299.013864,20931454.77546059,120.4,1.1558496400649262e-06,125.7,BID
167,1712301300.0236497,20931496.18274535,120.4,4.958045239352281e-09,125.7,BID
168,1712301300.385057,20931496.18274535,120.4,0.0,125.7,BID
169,1712301302.2537844,20931537.62433607,120.4,4.963538400647561e-09,125.7,BID
170,1712301304.3535528,20931579.06592679,120.4,4.963538400201375e-09,125.7,BID
171,1712301306.003585,20931620.50751751,120.4,4.963538400201375e-09,125.7,BID
172,1712301306.0835197,20931820.50751751,120.4,2.3954381644595964e-08,125.7,BID
173,1712301307.653637,20931861.94910823,120.4,4.963538400647561e-09,125.7,BID
174,1712301309.1655395,20931903.39069895,120.4,4.963538400201375e-09,125.7,BID
175,1712301330.338477,20931903.39069895,120.4,0.0,125.7,BID
176,1712301348.897365,20940210.00490862,120.3,9.948931925946748e-07,125.7,BID
177,1712301354.1024811,20942462.51037628,120.3,-2.6978529392219215e-07,125.7,ASK
178,1712301356.3224523,20948526.01322463,120.3,-7.262330421078141e-07,125.7,ASK
179,1712301360.3525047,20948526.01322463,120.3,-0.0,125.7,ASK
180,1712301379.4938588,20956794.95217807,120.2,-9.9014363576832e-07,125.7,ASK
181,1712301379.5018673,20956838.56517807,120.2,-5.2223307768593535e-09,125.7,ASK
182,1712301384.9617774,20958306.48127794,120.3,1.757719814248658e-07,125.7,BID
183,1712301386.222098,20966628.71483227,120.1,-9.965252658894248e-07,125.7,ASK
184,1712301386.2246156,20966670.29421714,120.3,-4.978820564626294e-09,125.7,ASK
185,1712301386.2265131,20999055.75658084,120.3,-3.8779170618384175e-06,125.7,ASK
186,1712301386.2284267,21020047.30054325,120.1,-2.5135804939870897e-06,125.7,ASK
187,1712301387.9320126,21020088.81091669,120.4,4.970556961548529e-09,125.7,BID
188,1712301389.8117433,21020130.25250741,120.4,4.962320745286501e-09,125.7,BID
189,1712301390.3217473,21020130.25250741,120.4,0.0,125.7,BID
190,1712301396.1807811,21020201.02444449,120.4,8.465685253798729e-09,125.7,BID
191,1712301398.5914185,21020254.10963886,120.4,6.350010550781297e-09,125.7,BID
192,1712301412.6413972,21025439.5631378,120.4,6.202800012495018e-07,125.7,BID
193,1712301412.644255,21029585.52366606,120.4,4.959366431838512e-07,125.7,BID
194,1712301420.4710572,21029585.52366606,120.4,0.0,125.7,BID
195,1712301429.5909948,21037487.38622795,120.4,9.450860877655802e-07,125.7,BID
196,1712301429.6135962,21043245.15079744,120.4,6.886456387511266e-07,125.7,BID
197,1712301429.770778,21059856.44647851,120.4,-1.9867599980356704e-06,125.7,ASK
198,1712301436.818964,21068189.77981151,120.5,9.966912656412036e-07,125.7,BID
199,1712301437.380946,21068189.77981184,120.5,3.9654458751801955e-17,125.7,BID
200,1712301450.472674,21068189.77981184,120.5,0.0,125.7,BID
201,1712301480.3415236,21068189.77981184,120.5,0.0,125.7,BID
202,1712301510.3433254,21068189.77981184,120.5,0.0,125.7,BID
203,1712301529.9192395,21069719.1435965,120.5,-1.8281477657638254e-07,125.7,ASK
204,1712301530.0193584,21088936.66777864,120.5,-2.29719535989349e-06,125.7,ASK
205,1712301540.4789622,21088936.66777864,120.5,-0.0,125.7,ASK
206,1712301544.4428043,21105589.77455858,120.4,-1.990059196665383e-06,125.7,ASK
207,1712301554.798853,21120115.51210163,120.4,-1.7358369202745292e-06,125.7,ASK
208,1712301554.8015416,21121942.2972718,120.4,-2.183022469178656e-07,125.7,ASK
209,1712301554.883922,21171942.2972718,120.4,-5.97503884098827e-06,125.7,ASK
210,1712301554.898963,21171993.14618395,120.4,-6.076484502325301e-09,125.7,ASK
211,1712301570.4821882,21171993.14618395,120.4,-0.0,125.7,ASK
212,1712301585.308404,21202856.03086442,120.4,3.683736600361852e-06,125.7,BID
213,1712301600.3481753,21202856.03086442,120.4,0.0,125.7,BID
214,1712301630.337657,21202856.03086442,120.4,0.0,125.7,BID
215,1712301660.4572473,21202856.03086442,120.4,0.0,125.7,BID
216,1712301690.0969367,21213521.3853866,120.4,-1.2746204848226738e-06,125.7,ASK
217,1712301690.1068509,21228056.03086442,120.4,-1.7370408857143578e-06,125.7,ASK
218,1712301690.2850091,21234186.80834341,120.4,-7.326914962234215e-07,125.7,ASK
219,1712301690.5151632,21234186.80834341,120.4,-0.0,125.7,ASK
220,1712301696.14697,21236008.31713674,120.4,2.175910987749925e-07,125.7,BID
221,1712301720.3465884,21236008.31713674,120.4,0.0,125.7,BID
222,1712301750.3177557,21236008.31713674,120.4,0.0,125.7,BID
223,1712301780.4958,21236008.31713674,120.4,0.0,125.7,BID
224,1712301810.4854882,21236008.31713674,120.4,0.0,125.7,BID
225,1712301822.8654785,21236132.69524619,120.6,1.485738669297147e-08,125.7,BID
226,1712301824.625352,21236215.61398582,120.6,9.904924461684317e-09,125.7,BID
227,1712301840.3452904,21236215.61398582,120.6,0.0,125.7,BID
228,1712301870.384972,21236215.61398582,120.6,0.0,125.7,BID
229,1712301895.0376723,21238854.75685882,120.6,3.152536188155694e-07,125.7,BID
230,1712301895.1147454,21238854.756859,120.6,2.1804863892557218e-17,125.7,BID
231,1712301900.4844596,21238854.756859,120.6,0.0,125.7,BID
232,1712301907.5245695,21244241.88372494,120.6,-6.466099078113571e-07,125.7,ASK
233,1712301930.474356,21244241.88372494,120.6,-0.0,125.7,ASK
234,1712301959.1245,21244493.69490544,120.8,3.0222215306857845e-08,125.7,BID
235,1712301960.3357432,21244493.69490544,120.8,0.0,125.7,BID
236,1712301990.328507,21244493.69490544,120.8,0.0,125.7,BID
237,1712302020.493542,21244493.69490544,120.8,0.0,125.7,BID
238,1712302037.5136466,21245321.50947497,120.8,9.93534074486861e-08,125.7,BID
239,1712302050.473189,21245321.50947497,120.8,0.0,125.7,BID
240,1712302074.4335053,21249155.17961228,120.8,4.601074127852009e-07,125.7,BID
241,1712302080.3289597,21249155.17961228,120.8,0.0,125.7,BID
242,1712302110.3129756,21249155.17961228,120.8,0.0,125.7,BID
243,1712302124.972839,21250155.17961228,120.8,1.2001080544469845e-07,125.7,BID
244,1712302140.472623,21250155.17961228,120.8,0.0,125.7,BID
245,1712302153.062508,21250320.74252618,120.8,1.9869050601470208e-08,125.7,BID
246,1712302156.8128092,21251249.71104316,120.7,-1.114846437285447e-07,125.7,ASK
247,1712302156.8161142,21256249.71104316,120.7,-6.000453281831771e-07,125.7,ASK
248,1712302170.432536,21256249.71104316,120.7,-0.0,125.7,ASK
249,1712302178.112704,21256332.56108458,120.7,9.941878371278478e-09,125.7,BID
250,1712302196.69244,21256383.40999673,120.7,6.101791758262826e-09,125.7,BID
251,1712302196.7923136,21258249.71104316,120.7,2.239532737697864e-07,125.7,BID
252,1712302200.57251,21258249.71104316,120.7,0.0,125.7,BID
253,1712302230.4821696,21258249.71104316,120.7,0.0,125.7,BID
254,1712302235.6020515,21258349.71104316,120.7,-1.2019470503349824e-08,125.7,ASK
255,1712302241.481976,21262099.71104316,120.7,-4.507301438756185e-07,125.7,ASK
256,1712302241.5619593,21263349.71104316,120.7,-1.502433812918728e-07,125.7,ASK
257,1712302251.1220849,21265232.97892711,120.7,2.2635882781030825e-07,125.7,BID
258,1712302260.3426385,21265232.97892711,120.7,0.0,125.7,BID
259,1712302290.3216758,21265232.97892711,120.7,0.0,125.7,BID
260,1712302294.2816143,21265315.76038406,120.8,9.948884881284648e-09,125.7,BID
261,1712302320.5018518,21265315.76038406,120.8,0.0,125.7,BID
262,1712302350.461308,21265315.76038406,120.8,0.0,125.7,BID
263,1712302350.5813315,21267432.26582124,120.8,2.543666711607203e-07,125.7,BID
264,1712302350.5836737,21270315.76038406,120.8,3.465452534965263e-07,125.7,BID
265,1712302375.0822854,21271565.76038406,120.7,1.5022798116431168e-07,125.7,BID
266,1712302380.3312464,21271565.76038406,120.7,0.0,125.7,BID
267,1712302410.311063,21271565.76038406,120.7,0.0,125.7,BID
268,1712302440.455353,21271565.76038406,120.7,0.0,125.7,BID
269,1712302445.8318546,21275315.76038406,120.7,4.506430599477931e-07,125.7,BID
270,1712302445.9709785,21277013.42717999,120.7,-2.040111359170063e-07,125.7,ASK
271,1712302446.0707583,21284965.7134523,120.7,-9.556380318225285e-07,125.7,ASK
272,1712302446.0906978,21291179.46655955,120.7,-7.467159237367487e-07,125.7,ASK
273,1712302446.1643436,21299837.55460722,120.7,-1.040455277626313e-06,125.7,ASK
274,1712302446.170942,21307225.47382904,120.7,-8.878172066046356e-07,125.7,ASK
275,1712302446.861084,21312671.59520484,120.7,-6.544684804370415e-07,125.7,ASK
276,1712302470.4707265,21312671.59520484,120.7,-0.0,125.7,ASK
277,1712302474.581373,21312788.10064202,120.8,1.3992288532808995e-08,125.7,BID
278,1712302474.584533,21313500.09561909,120.8,8.551050830033176e-08,125.7,BID
279,1712302500.3304331,21313500.09561909,120.8,0.0,125.7,BID
280,1712302530.3603165,21313500.09561909,120.8,0.0,125.7,BID
281,1712302539.950319,21326524.90544254,120.7,1.5673200701976028e-06,125.7,BID
282,1712302542.6803696,21329707.35090133,120.8,3.829545849409628e-07,125.7,BID
283,1712302560.450185,21329707.35090133,120.8,0.0,125.7,BID
284,1712302564.6507995,21334322.58537422,120.8,5.552362818115407e-07,125.7,BID
285,1712302564.6540222,21338707.35090133,120.8,5.275096903937073e-07,125.7,BID
286,1712302568.283859,21343707.35090133,120.7,-6.015255401140266e-07,125.7,ASK
287,1712302590.4499838,21343707.35090133,120.7,-0.0,125.7,ASK
288,1712302597.169975,21345592.87813756,120.8,2.26792428289206e-07,125.7,BID
289,1712302620.341957,21345592.87813756,120.8,0.0,125.7,BID
290,1712302650.322006,21345592.87813756,120.8,0.0,125.7,BID
291,1712302660.808336,21347797.04853941,120.9,2.651117699836762e-07,125.7,BID
292,1712302660.8099062,21348707.35090133,120.9,1.0948875376705085e-07,125.7,BID
293,1712302661.2095382,21368641.18051287,120.9,2.397588156717205e-06,125.7,BID
294,1712302667.2810793,21380035.11253387,120.9,1.370431924238719e-06,125.7,BID
295,1712302667.3898146,21388204.59834768,120.9,9.82604086387668e-07,125.7,BID
296,1712302674.873955,21394542.09812591,121.0,7.622576648636153e-07,125.7,BID
297,1712302674.8759773,21394644.98761836,121.0,1.2375275266278864e-08,125.7,BID
298,1712302680.3098576,21402534.94221925,121.0,9.489828134769118e-07,125.7,BID
299,1712302680.3113987,21410868.27555258,121.0,1.0023112314754757e-06,125.7,BID
300,1712302680.4396462,21410868.27555258,121.0,0.0,125.7,BID
301,1712302710.4695315,21410868.27555258,121.0,0.0,125.7,BID
302,1712302740.306991,21410868.27555258,121.0,0.0,125.7,BID
303,1712302756.3506515,21421931.37472558,121.0,-1.329378013101806e-06,125.7,ASK
304,1712302757.253095,21421931.37472613,121.0,-6.625116549960694e-17,125.7,ASK
305,1712302757.376769,21423250.70927864,121.0,1.585355349891099e-07,125.7,BID
306,1712302757.409372,21431531.95775225,121.0,9.951017766085662e-07,125.7,BID
307,1712302757.413104,21441848.73009768,121.0,1.2396969517965026e-06,125.7,BID
308,1712302760.8392794,21462309.83009768,121.0,-2.458672388136388e-06,125.7,ASK
309,1712302763.7593772,21469825.65878619,121.0,-9.031264433683572e-07,125.7,ASK
310,1712302770.331392,21469825.65878619,121.0,-0.0,125.7,ASK
311,1712302800.341421,21469825.65878619,121.0,-0.0,125.7,ASK
312,1712302808.849078,21473796.8718606,121.0,4.772307722189422e-07,125.7,BID
313,1712302822.4891102,21474640.92738123,121.0,-1.0143229797973402e-07,125.7,ASK
314,1712302824.4691024,21474805.94388288,121.1,1.9830452568465243e-08,125.7,BID
315,1712302830.0992234,21474888.52026603,121.1,9.923413919079723e-09,125.7,BID
316,1712302830.3390114,21474888.52026603,121.1,0.0,125.7,BID
317,1712302852.7992368,21479640.92738123,121.1,5.710668035850791e-07,125.7,BID
318,1712302852.8789568,21483131.71493624,121.1,-4.194659343599663e-07,125.7,ASK
319,1712302860.45899,21483131.71493624,121.1,-0.0,125.7,ASK
320,1712302875.6689613,21504845.87012289,121.0,-2.6089401899488566e-06,125.7,ASK
321,1712302875.730082,21514715.94066227,121.0,-1.1858819045211903e-06,125.7,ASK
322,1712302890.4688537,21514715.94066227,121.0,-0.0,125.7,ASK
323,1712302920.351669,21514715.94066227,121.0,-0.0,125.7,ASK
324,1712302950.328649,21514715.94066227,121.0,-0.0,125.7,ASK
325,1712302980.4585156,21514715.94066227,121.0,-0.0,125.7,ASK
326,1712302982.9697793,21516368.83322425,121.0,1.9850271003312226e-07,125.7,BID
327,1712303010.4483013,21516368.83322425,121.0,0.0,125.7,BID
328,1712303040.3500092,21516368.83322425,121.0,0.0,125.7,BID
329,1712303070.328174,21516368.83322425,121.0,0.0,125.7,BID
330,1712303070.824146,21517193.63972984,121.0,9.905204848680825e-08,125.7,BID
331,1712303070.8257828,21518352.03170765,121.0,1.391127465350587e-07,125.7,BID
332,1712303076.9379678,21530595.45459739,120.8,-1.470328021783524e-06,125.7,ASK
333,1712303100.3581169,21530595.45459739,120.8,-0.0,125.7,ASK
334,1712303114.4381485,21534734.52744507,120.8,-4.984989089469112e-07,125.7,ASK
335,1712303114.4416776,21539595.45459739,120.8,-5.85437118668002e-07,125.7,ASK
336,1712303117.4279904,21543826.59575011,120.8,-5.095873703726931e-07,125.7,ASK
337,1712303117.431521,21543826.59575012,120.8,-1.3459921226090606e-18,125.7,ASK
338,1712303118.8179154,21543876.26462429,120.8,5.981986907179881e-09,125.7,BID
339,1712303130.329182,21543876.26462429,120.8,0.0,125.7,BID
340,1712303160.3601606,21543876.26462429,120.8,0.0,125.7,BID
341,1712303190.3475802,21543876.26462429,120.8,0.0,125.7,BID
342,1712303217.0476637,21544041.69059616,120.9,1.991961455069023e-08,125.7,BID
343,1712303220.469994,21544041.69059616,120.9,0.0,125.7,BID
344,1712303220.5528016,21547662.04155905,120.9,4.359401442766336e-07,125.7,BID
345,1712303220.5549426,21551993.97686847,120.9,5.216247052125295e-07,125.7,BID
346,1712303232.2079098,21557069.17354182,120.9,6.111236155530081e-07,125.7,BID
347,1712303232.2337048,21558156.75890076,120.9,1.3096026411503658e-07,125.7,BID
348,1712303250.4796605,21558156.75890076,120.9,0.0,125.7,BID
349,1712303280.2903614,21558156.75890076,120.9,0.0,125.7,BID
350,1712303286.864215,21582970.65468239,120.9,-2.987321129718106e-06,125.7,ASK
351,1712303287.6384263,21583798.46925192,120.8,-9.96598025882654e-08,125.7,ASK
352,1712303310.3414216,21583798.46925192,120.8,-0.0,125.7,ASK
353,1712303340.4688396,21583798.46925192,120.8,-0.0,125.7,ASK
354,1712303347.9294465,21584098.46925192,120.8,3.6103238512035326e-08,125.7,BID
355,1712303348.175354,21586267.21796431,120.9,2.609961734536985e-07,125.7,BID
356,1712303348.178254,21593278.37730606,120.9,8.437518598701388e-07,125.7,BID
357,1712303370.469395,21593278.37730606,120.9,0.0,125.7,BID
358,1712303400.3893538,21593278.37730606,120.9,0.0,125.7,BID
359,1712303430.3495736,21593278.37730606,120.9,0.0,125.7,BID
360,1712303433.2795734,21609164.00081678,120.9,1.9140415239667714e-06,125.7,BID
361,1712303460.480021,21609164.00081678,120.9,0.0,125.7,BID
362,1712303466.4676683,21616201.41831642,120.9,-8.477346191788002e-07,125.7,ASK
363,1712303490.4799235,21616201.41831642,120.9,-0.0,125.7,ASK
364,1712303504.0010283,21619391.49581642,120.8,-3.842406667534902e-07,125.7,ASK
365,1712303520.350007,21619391.49581642,120.8,-0.0,125.7,ASK
366,1712303536.6301515,21619508.51852112,120.8,-1.4094577662502974e-08,125.7,ASK
367,1712303550.3304722,21619508.51852112,120.8,-0.0,125.7,ASK
368,1712303574.270399,21627759.34360362,121.2,9.937532823552309e-07,125.7,BID
369,1712303580.4704564,21627759.34360362,121.2,0.0,125.7,BID
370,1712303610.460577,21627759.34360362,121.2,0.0,125.7,BID
371,1712303640.3350332,21627759.34360362,121.2,0.0,125.7,BID
372,1712303670.3231895,21627759.34360362,121.2,0.0,125.7,BID
373,1712303681.8807898,21631759.34360362,120.8,-4.817135723077563e-07,125.7,ASK
374,1712303700.3710136,21631759.34360362,120.8,-0.0,125.7,ASK
375,1712303713.9110005,21631842.15224072,120.8,-9.98987892314563e-09,125.7,ASK
376,1712303730.3409157,21631842.15224072,120.8,-0.0,125.7,ASK
377,1712303760.4631622,21631842.15224072,120.8,-0.0,125.7,ASK
378,1712303785.8609295,21631898.4164513,120.8,-6.787600820379155e-09,125.7,ASK
379,1712303785.8639338,21638551.71257043,120.8,-8.026402171016909e-07,125.7,ASK
380,1712303790.491001,21638551.71257043,120.8,-0.0,125.7,ASK
381,1712303820.3210738,21638551.71257043,120.8,-0.0,125.7,ASK
382,1712303850.3413565,21638551.71257043,120.8,-0.0,125.7,ASK
383,1712303880.4811463,21638551.71257043,120.8,-0.0,125.7,ASK
384,1712303889.3212688,21639551.71257043,121.1,1.2062618725261397e-07,125.7,BID
385,1712303889.3252578,21646809.35088587,121.1,8.754612384503671e-07,125.7,BID
386,1712303891.9316175,21652124.83031274,120.8,-6.41186016682828e-07,125.7,ASK
387,1712303891.935661,21653359.30869734,120.8,-1.489104207799542e-07,125.7,ASK
388,1712303891.939653,21653401.30869734,120.8,-5.066299864609787e-09,125.7,ASK
389,1712303910.471157,21653401.30869734,120.8,-0.0,125.7,ASK
390,1712303921.0838876,21654234.64203067,120.9,-1.0050004617484149e-07,125.7,ASK
391,1712303940.331365,21654234.64203067,120.9,-0.0,125.7,ASK
392,1712303944.5112796,21654401.96635031,120.9,-2.017907703484e-08,125.7,ASK
393,1712303944.591374,21664054.10723811,120.9,1.1640345823432886e-06,125.7,BID
394,1712303954.044814,21666202.86756871,121.0,2.591374662947288e-07,125.7,BID
395,1712303965.111501,21687060.36549746,120.7,-2.515384842849157e-06,125.7,ASK
396,1712303965.115603,21691202.86756871,120.7,-4.995799092052772e-07,125.7,ASK
397,1712303970.3014865,21691202.86756871,120.7,-0.0,125.7,ASK
398,1712303977.721519,21692490.92466518,120.7,-1.5525427570601865e-07,125.7,ASK
399,1712304000.4352074,21692490.92466518,120.7,-0.0,125.7,ASK
400,1712304004.803427,21692792.48312222,121.0,3.64204425767292e-08,125.7,BID
401,1712304014.891579,21692875.12775031,121.0,9.981328201752748e-09,125.7,BID
402,1712304023.011683,21699813.50044842,120.7,-8.379755186057229e-07,125.7,ASK
403,1712304030.3231325,21699813.50044842,120.7,-0.0,125.7,ASK
404,1712304038.1213272,21707765.78672073,120.7,-9.603274659695852e-07,125.7,ASK
405,1712304060.4765508,21707765.78672073,120.7,-0.0,125.7,ASK
406,1712304090.471181,21707765.78672073,120.7,-0.0,125.7,ASK
407,1712304106.7519782,21708765.78672073,120.7,-1.2074718300733945e-07,125.7,ASK
408,1712304106.7556336,21708819.63924766,120.8,-6.502540924531351e-09,125.7,ASK
409,1712304106.7596033,21713429.05563838,120.8,-5.565740444873891e-07,125.7,ASK
410,1712304106.763579,21937829.59995485,120.7,-2.7095733591527467e-05,125.7,ASK
411,1712304106.9312482,21939009.23513368,120.7,1.4243762482013894e-07,125.7,BID
412,1712304107.0347588,21942009.23413368,120.7,3.6224142827459065e-07,125.7,BID
413,1712304108.0947783,21942092.77148679,120.7,1.0086900063869789e-08,125.7,BID
414,1712304111.1014333,21942192.77148679,120.7,1.2074718300733946e-08,125.7,BID
415,1712304119.5212688,21957526.75921428,120.7,1.8515358223634503e-06,125.7,BID
416,1712304120.341297,21957526.75921428,120.7,0.0,125.7,BID
417,1712304124.3712585,21960244.42921428,120.7,3.269608205734587e-07,125.7,BID
418,1712304127.5913272,21960244.43498888,120.7,6.947375827440435e-13,125.7,BID
419,1712304130.841389,21964526.16873292,120.8,5.151321457084591e-07,125.7,BID
420,1712304138.9913225,21975411.63431465,120.8,1.3096221244390391e-06,125.7,BID
421,1712304150.30116,21975411.63431465,120.8,0.0,125.7,BID
422,1712304152.6631513,21987327.15418097,120.8,1.4331747013999509e-06,125.7,BID
423,1712304152.6661232,21995824.92431465,120.8,1.022094655586738e-06,125.7,BID
424,1712304153.1014535,22020646.9503877,120.8,2.9855432414606e-06,125.7,BID
425,1712304153.1612744,22028752.17489349,120.8,9.748800590478052e-07,125.7,BID
426,1712304156.9812791,22032019.21147776,121.0,3.929525722462989e-07,125.7,BID
427,1712304156.984802,22033019.21147776,121.0,1.2027798346010605e-07,125.7,BID
428,1712304180.471423,22033019.21147776,121.0,0.0,125.7,BID
429,1712304210.4814923,22033019.21147776,121.0,0.0,125.7,BID
430,1712304240.311522,22033019.21147776,121.0,0.0,125.7,BID
431,1712304270.3212495,22033019.21147776,121.0,0.0,125.7,BID
432,1712304298.3058312,22034045.60722781,121.2,1.2334955309314794e-07,125.7,BID
433,1712304300.4812684,22034045.60722781,121.2,0.0,125.7,BID
434,1712304317.4618196,22044234.67777893,121.4,1.2256597839628377e-06,125.7,BID
435,1712304317.4660006,22046208.28202888,121.2,2.3740804879956685e-07,125.7,BID
436,1712304330.4711666,22046208.28202888,121.2,0.0,125.7,BID
437,1712304360.3039966,22046208.28202888,121.2,0.0,125.7,BID
438,1712304363.9273472,22046290.38383511,121.5,9.87440573604364e-09,125.7,BID
439,1712304379.0912917,22048848.21922605,121.5,3.076315323093112e-07,125.7,BID
440,1712304387.3012471,22048982.21922605,121.4,-1.6116215091657438e-08,125.7,ASK
441,1712304389.6513526,22049006.99486294,121.4,-2.9797723368401403e-09,125.7,ASK
442,1712304390.3512402,22049006.99486294,121.4,-0.0,125.7,ASK
443,1712304405.4913876,22053249.26159488,121.4,5.101976661589299e-07,125.7,BID
444,1712304407.8017695,22056644.26159488,121.4,-4.08300841521433e-07,125.7,ASK
445,1712304407.8814263,22057244.22715289,121.4,-7.215506398226864e-08,125.7,ASK
446,1712304420.4713137,22057244.22715289,121.4,-0.0,125.7,ASK
447,1712304440.9115477,22059604.28995572,121.5,2.8379963263906346e-07,125.7,BID
448,1712304440.915994,22059672.68575572,121.5,8.224655246579035e-09,125.7,BID
449,1712304440.920311,22070444.22715289,121.5,1.2952873490527363e-06,125.7,BID
450,1712304440.941403,22076618.49915695,121.5,7.424616516410667e-07,125.7,BID
451,1712304440.951388,22081859.06622058,121.5,6.301828094137281e-07,125.7,BID
452,1712304440.9555404,22083531.00999855,121.5,2.0105271326319125e-07,125.7,BID
453,1712304450.461357,22083531.00999855,121.5,0.0,125.7,BID
454,1712304476.5612223,22087531.00999855,121.7,-4.808188618169165e-07,125.7,ASK
455,1712304477.731358,22092180.96999855,121.7,5.589471186736547e-07,125.7,BID
456,1712304480.3414843,22092180.96999855,121.7,0.0,125.7,BID
457,1712304510.31136,22092180.96999855,121.7,0.0,125.7,BID
458,1712304521.4013138,22092180.9743833,121.7,5.270007759050603e-13,125.7,BID
459,1712304521.4057002,22112449.75999855,121.8,2.4360953451487303e-06,125.7,BID
460,1712304525.6312425,22120402.04628082,121.8,9.557813656559045e-07,125.7,BID
461,1712304531.9312105,22120802.04628082,121.6,-4.8075802692703686e-08,125.7,ASK
462,1712304531.941174,22121594.84555365,121.6,-9.52861535389189e-08,125.7,ASK
463,1712304533.921321,22121743.80043393,121.6,-1.7902813585968077e-08,125.7,ASK
464,1712304533.961204,22122999.45401417,121.6,-1.5091638443512182e-07,125.7,ASK
465,1712304540.461377,22122999.45401417,121.6,-0.0,125.7,ASK
466,1712304543.50145,22137594.10011443,121.6,-1.75333240171277e-06,125.7,ASK
467,1712304543.5058568,22151230.81479355,121.6,-1.6382510090041656e-06,125.7,ASK
468,1712304555.981506,22151641.32382474,121.8,4.931663163595871e-08,125.7,BID
469,1712304570.4704742,22151641.32382474,121.8,0.0,125.7,BID
470,1712304581.9413257,22178841.32382474,121.8,3.266313857100162e-06,125.7,BID
471,1712304581.9613056,22182841.32382474,121.8,4.80340273102965e-07,125.7,BID
472,1712304581.965665,22189141.32382474,121.8,7.565359301371698e-07,125.7,BID
473,1712304582.3851082,22190187.15714766,121.8,1.2558896598788214e-07,125.7,BID
474,1712304582.4812567,22190395.99936959,121.8,2.5078832479396374e-08,125.7,BID
475,1712304583.046247,22191441.83214766,122.0,1.2558890055955873e-07,125.7,BID
476,1712304600.3812222,22191441.83214766,122.0,0.0,125.7,BID
477,1712304620.0913787,22198729.33270291,122.0,8.756007449136468e-07,125.7,BID
478,1712304620.0959923,22201960.35346882,122.0,3.882104938471471e-07,125.7,BID
479,1712304620.099576,22202498.07683083,122.0,6.460801927409799e-08,125.7,BID
480,1712304620.1031218,22209008.59214766,122.0,7.822451632038313e-07,125.7,BID
481,1712304620.181455,22209582.36263943,122.0,6.893911927633117e-08,125.7,BID
482,1712304620.520819,22212041.37903288,122.0,2.954533683443341e-07,125.7,BID
483,1712304620.5234747,22233716.29478543,122.0,2.6042635928456225e-06,125.7,BID
484,1712304620.6112049,22233716.29478596,122.0,6.400644113771066e-17,125.7,BID
485,1712304620.8532927,22234126.74254715,122.1,4.931572391944898e-08,125.7,BID
486,1712304627.5113888,22240428.97111285,122.2,7.572192941748884e-07,125.7,BID
487,1712304627.516212,22242161.90749748,122.2,2.08214102731972e-07,125.7,BID
488,1712304627.5212495,22242396.91694083,122.3,2.8236628196338363e-08,125.7,BID
489,1712304627.523291,22247188.57907374,122.4,5.757231716335995e-07,125.7,BID
490,1712304627.5253313,22251051.00923021,122.3,4.64074986553479e-07,125.7,BID
491,1712304627.5273912,22267611.00923021,122.4,1.9897011637727963e-06,125.7,BID
492,1712304627.529482,22275563.29551249,122.3,9.554754390401067e-07,125.7,BID
493,1712304630.3312223,22275563.29551249,122.3,0.0,125.7,BID
494,1712304630.8712988,22275883.29551249,122.2,3.840091625835054e-08,125.7,BID
495,1712304636.5912428,22283515.58179477,122.2,-9.158962074548062e-07,125.7,ASK
496,1712304660.461122,22283515.58179477,122.2,-0.0,125.7,ASK
497,1712304683.2111356,22283592.12297929,122.2,9.184090299914296e-09,125.7,BID
498,1712304683.2135725,22291791.78501732,122.3,9.83868188820326e-07,125.7,BID
499,1712304690.4625974,22291791.78501732,122.3,0.0,125.7,BID
500,1712304700.151138,22294246.77683401,122.2,2.9453592468480144e-07,125.7,BID
501,1712304702.9449096,22294381.42645158,122.2,1.61544936113813e-08,125.7,BID
502,1712304703.1917622,22298338.42986183,122.2,-4.747387141963233e-07,125.7,ASK
503,1712304706.8211668,22298519.18040123,121.8,-2.1685419436996983e-08,125.7,ASK
504,1712304706.8248806,22306614.63308438,122.1,-9.712462687499702e-07,125.7,ASK
505,1712304720.3348284,22306614.63308438,122.1,-0.0,125.7,ASK
506,1712304750.3429692,22306614.63308438,122.1,-0.0,125.7,ASK
507,1712304780.47098,22306614.63308438,122.1,-0.0,125.7,ASK
508,1712304781.3034072,22308556.86416007,122.3,2.329672109383915e-07,125.7,BID
509,1712304810.4647255,22308556.86416007,122.3,0.0,125.7,BID
510,1712304840.3039532,22308556.86416007,122.3,0.0,125.7,BID
511,1712304849.1109958,22308705.81904035,122.1,-1.786636758277032e-08,125.7,ASK
512,1712304856.261004,22308765.87234702,122.4,7.203083574541651e-09,125.7,BID
513,1712304856.265719,22311553.53145865,122.4,3.343652943056181e-07,125.7,BID
514,1712304863.051149,22336082.53145865,122.4,2.9421267004294275e-06,125.7,BID
515,1712304863.0559368,22361858.85602522,122.4,3.091736831759884e-06,125.7,BID
516,1712304863.1710956,22382797.26841428,122.4,-2.5114542849061374e-06,125.7,ASK
517,1712304863.2507448,22385788.47018414,122.4,-3.58779183557126e-07,125.7,ASK
518,1712304870.357333,22385788.47018414,122.4,-0.0,125.7,ASK
519,1712304877.9682896,22386595.82881083,122.1,-9.672881602955344e-08,125.7,ASK
520,1712304885.1039586,22387498.35588664,122.1,-1.08130851138e-07,125.7,ASK
521,1712304896.0610118,22387598.35588664,122.4,1.1980898306140566e-08,125.7,BID
522,1712304899.871147,22387698.35588664,122.5,1.1980898306140566e-08,125.7,BID
523,1712304900.3709805,22387698.35588664,122.5,0.0,125.7,BID
524,1712304930.3312345,22387698.35588664,122.5,0.0,125.7,BID
525,1712304960.4597406,22387698.35588664,122.5,0.0,125.7,BID
526,1712304983.013428,22389336.35752464,122.1,-1.9662919373618097e-07,125.7,ASK
527,1712304983.0157876,22421025.04091361,122.1,-3.8039768219842222e-06,125.7,ASK
528,1712304983.0814538,22431901.27661658,122.1,1.305606421595025e-06,125.7,BID
529,1712304983.0851538,22436628.24005693,122.1,5.67434725663197e-07,125.7,BID
530,1712304983.5814998,22436694.21725693,122.1,-7.920043142984991e-09,125.7,ASK
531,1712304986.5708706,22441951.74538043,122.1,-6.311248364989323e-07,125.7,ASK
532,1712304987.4224794,22451976.97255463,122.1,1.2034495513012298e-06,125.7,BID
533,1712304987.4273365,22495649.32860143,122.1,5.242522326481034e-06,125.7,BID
534,1712304987.4407196,22500284.21608733,122.1,5.563817326345937e-07,125.7,BID
535,1712304990.4607384,22500284.21608733,122.1,0.0,125.7,BID
536,1712305020.330778,22500284.21608733,122.1,0.0,125.7,BID
537,1712305021.677062,22500290.99023718,121.9,-8.118436341257511e-10,125.7,ASK
538,1712305021.6809363,22501110.66236832,122.0,-9.8233079643943e-08,125.7,ASK
539,1712305021.930889,22504101.86413818,122.0,3.5847865326473205e-07,125.7,BID
540,1712305022.1507711,22506438.53122018,122.0,2.800363643550453e-07,125.7,BID
541,1712305022.1706977,22506438.53122047,122.0,3.482349164413686e-17,125.7,BID
542,1712305050.3194685,22506438.53122047,122.0,0.0,125.7,BID
543,1712305080.4944215,22506438.53122047,122.0,0.0,125.7,BID
544,1712305110.4605713,22506438.53122047,122.0,0.0,125.7,BID
545,1712305114.5406208,22506520.23056687,122.4,9.790324695082494e-09,125.7,BID
546,1712305140.3307972,22506520.23056687,122.4,0.0,125.7,BID
547,1712305160.8607018,22507330.23056687,122.0,-9.706507884563736e-08,125.7,ASK
548,1712305160.865728,22507740.06663244,122.0,-4.91120617507983e-08,125.7,ASK
549,1712305170.3124266,22507740.06663244,122.0,-0.0,125.7,ASK
550,1712305200.44073,22507740.06663244,122.0,-0.0,125.7,ASK
551,1712305212.4307418,22511231.68674344,122.0,4.188354109349501e-07,125.7,BID
552,1712305212.530599,22511231.68674417,122.0,8.758557772828702e-17,125.7,BID
553,1712305230.3004866,22511231.68674417,122.0,0.0,125.7,BID
554,1712305254.7550082,22515142.66261617,122.0,4.691150347113417e-07,125.7,BID
555,1712305254.7823334,22528574.12367396,122.0,1.6110813583523215e-06,125.7,BID
556,1712305256.1281152,22548557.74365756,122.1,2.397001896476547e-06,125.7,BID
557,1712305256.172263,22549777.57972313,122.1,1.463173021187251e-07,125.7,BID
558,1712305257.196941,22554272.43962497,122.1,5.391509505257265e-07,125.7,BID
559,1712305257.4777114,22557262.61962497,122.1,3.586671051935622e-07,125.7,BID
560,1712305258.590443,22557262.62306197,122.1,4.122625700800547e-13,125.7,BID
561,1712305260.4788022,22557262.62306197,122.1,0.0,125.7,BID
562,1712305265.1106296,22557311.70281657,122.3,5.883069852316421e-09,125.7,BID
563,1712305265.3504815,22557311.70281732,122.3,9.020136574673236e-17,125.7,BID
564,1712305265.355347,22574571.89295532,122.3,2.068936674132291e-06,125.7,BID
565,1712305265.4305456,22603178.69299693,122.4,3.4290269842014407e-06,125.7,BID
566,1712305265.6172278,22605761.10959972,122.5,3.0954794673078125e-07,125.7,BID
567,1712305265.619702,22608896.30391295,122.5,3.7580805560696577e-07,125.7,BID
568,1712305265.622049,22611853.43207993,122.5,3.544637032304007e-07,125.7,BID
569,1712305265.7318163,22611853.43207996,122.5,3.572331316702271e-18,125.7,BID
570,1712305268.1457732,22611902.51527156,122.2,-5.883481837230558e-09,125.7,ASK
571,1712305290.470721,22611902.51527156,122.2,-0.0,125.7,ASK
572,1712305295.1724706,22612002.51527156,122.6,1.1977154414093093e-08,125.7,BID
573,1712305320.3309677,22612002.51527156,122.6,0.0,125.7,BID
574,1712305336.136709,22612755.51527156,122.2,-9.018784030637461e-08,125.7,ASK
575,1712305345.7733135,22643073.88261756,122.5,3.631272340705238e-06,125.7,BID
576,1712305345.8209066,22643073.88261849,122.5,1.115457790612781e-16,125.7,BID
577,1712305350.3412528,22643073.88261849,122.5,0.0,125.7,BID
578,1712305357.2010226,22643970.83091107,122.7,1.0737977500315385e-07,125.7,BID
579,1712305357.2110329,22644807.15948249,122.6,1.001225762630528e-07,125.7,BID
580,1712305358.4008138,22647737.51693479,122.4,-3.508130028340952e-07,125.7,ASK
581,1712305363.6310804,22647737.51693525,122.7,5.5301497126510404e-17,125.7,BID
582,1712305363.6362216,22647779.88359863,122.8,5.07200116079377e-09,125.7,BID
583,1712305376.2412243,22647818.95015954,122.8,-4.676923469587771e-09,125.7,ASK
584,1712305379.2725327,22647900.31712455,122.8,9.740992282195252e-09,125.7,BID
585,1712305380.42545,22647900.31712455,122.8,0.0,125.7,BID
586,1712305387.4036188,22656043.63960012,122.8,9.748234673317888e-07,125.7,BID
587,1712305394.1311858,22656125.07282487,122.8,9.748234672492884e-09,125.7,BID
588,1712305410.303363,22656125.07282487,122.8,0.0,125.7,BID
589,1712305440.4713385,22656125.07282487,122.8,0.0,125.7,BID
590,1712305467.2016304,22664030.56956754,122.8,9.462393425171088e-07,125.7,BID
591,1712305470.4714909,22664030.56956754,122.8,0.0,125.7,BID
592,1712305476.6513748,22664450.51902195,122.5,-5.025952700287306e-08,125.7,ASK
593,1712305499.441501,22665479.00596401,122.7,1.2308925917995245e-07,125.7,BID
594,1712305499.5835285,22672926.75145944,122.7,-8.913457605563315e-07,125.7,ASK
595,1712305499.5887089,22686287.71785021,122.7,-1.59903970358012e-06,125.7,ASK
596,1712305499.6476958,22705200.31527297,122.7,-2.26345859216532e-06,125.7,ASK
597,1712305500.2946784,22705200.31527297,122.7,-0.0,125.7,ASK
598,1712305530.3417995,22705200.31527297,122.7,-0.0,125.7,ASK
599,1712305560.471947,22705200.31527297,122.7,-0.0,125.7,ASK
600,1712305590.4719477,22705200.31527297,122.7,-0.0,125.7,ASK
601,1712305617.7520804,22707179.45137728,122.7,2.4009545243984293e-07,125.7,BID
602,1712305620.3652568,22707179.45137728,122.7,0.0,125.7,BID
603,1712305650.336478,22707179.45137728,122.7,0.0,125.7,BID
604,1712305680.4721324,22707179.45137728,122.7,0.0,125.7,BID
605,1712305710.462029,22707179.45137728,122.7,0.0,125.7,BID
606,1712305717.4422762,22707262.71532399,122.3,-1.0100723236193432e-08,125.7,ASK
607,1712305731.7323098,22707312.71532399,122.5,6.0654843035368396e-09,125.7,BID
608,1712305740.3023033,22707312.71532399,122.5,0.0,125.7,BID
609,1712305746.1965015,22715312.71532399,122.3,-9.70475568634987e-07,125.7,ASK
610,1712305746.1991546,22729092.40542764,122.3,-1.671606573619216e-06,125.7,ASK
611,1712305748.412316,22751278.24492164,122.2,-2.6913518998231617e-06,125.7,ASK
612,1712305748.481532,22761960.61532864,122.2,-1.2958724368878827e-06,125.7,ASK
613,1712305748.4841015,22761960.61532944,122.2,-9.716127405712484e-17,125.7,ASK
614,1712305770.3364832,22761960.61532944,122.2,-0.0,125.7,ASK
615,1712305779.954726,22763065.10571644,122.2,1.338766280517117e-07,125.7,BID
616,1712305780.0418394,22768016.16210444,122.2,6.001235885079689e-07,125.7,BID
617,1712305780.058386,22768016.16210535,122.2,1.1062901120531335e-16,125.7,BID
618,1712305798.9524543,22769980.78176112,122.1,-2.3813394667279866e-07,125.7,ASK
619,1712305798.9578743,22772120.5233647,122.1,-2.5936069173695e-07,125.7,ASK
620,1712305800.3990617,22772120.5233647,122.1,-0.0,125.7,ASK
621,1712305830.3303664,22772120.5233647,122.1,-0.0,125.7,ASK
622,1712305850.1528778,22772170.5233647,122.4,6.107295578111962e-09,125.7,BID
623,1712305860.5029998,22772170.5233647,122.4,0.0,125.7,BID
624,1712305890.4728615,22772170.5233647,122.4,0.0,125.7,BID
625,1712305920.2949643,22772170.5233647,122.4,0.0,125.7,BID
626,1712305950.3455286,22772170.5233647,122.4,0.0,125.7,BID
627,1712305980.3811562,22772170.5233647,122.4,0.0,125.7,BID
628,1712306010.3073025,22772170.5233647,122.4,0.0,125.7,BID
629,1712306040.483312,22772170.5233647,122.4,0.0,125.7,BID
630,1712306070.4735556,22772170.5233647,122.4,0.0,125.7,BID
631,1712306086.0634944,22772470.5233647,122.2,-3.664374607626311e-08,125.7,ASK
632,1712306100.0967846,22777241.5421863,122.2,-5.82760007412709e-07,125.7,ASK
633,1712306100.1011465,22792845.42149021,122.2,-1.9059486367237643e-06,125.7,ASK
634,1712306100.347573,22792845.42149021,122.2,-0.0,125.7,ASK
635,1712306103.7132132,22794561.95973733,122.2,-2.100082327613261e-07,125.7,ASK
636,1712306105.7531958,22802986.28357372,122.2,1.03066585557185e-06,125.7,BID
637,1712306105.7632089,22813220.31961572,122.2,1.2520733673151726e-06,125.7,BID
638,1712306130.1198034,22817572.19768771,122.1,-5.3242636721025e-07,125.7,ASK
639,1712306130.1250696,22817899.634297,122.1,-4.0059919301578014e-08,125.7,ASK
640,1712306130.3032565,22817899.634297,122.1,-0.0,125.7,ASK
641,1712306130.4977677,22818276.68082808,122.2,4.611212816007375e-08,125.7,BID
642,1712306154.9163065,22818319.68082808,122.2,-5.2588244352688575e-09,125.7,ASK
643,1712306160.452666,22818319.68082808,122.2,-0.0,125.7,ASK
644,1712306164.9128585,22824731.42593591,122.1,-7.84140236739767e-07,125.7,ASK
645,1712306164.918445,22830988.12198349,122.1,-7.651781281773799e-07,125.7,ASK
646,1712306183.5544248,22833130.06687039,122.0,-2.619544511597457e-07,125.7,ASK
647,1712306183.5602136,22834238.56180325,122.0,-1.355661312887118e-07,125.7,ASK
648,1712306190.4728012,22834238.56180325,122.0,-0.0,125.7,ASK
649,1712306191.3428142,22842190.84807556,122.0,-9.723134421801788e-07,125.7,ASK
650,1712306191.9228086,22846412.46146374,122.0,-5.161699798591512e-07,125.7,ASK
651,1712306193.0128114,22897876.91057206,122.0,-6.292476647459093e-06,125.7,ASK
652,1712306193.8127656,22914063.8300311,122.0,-1.979148994210239e-06,125.7,ASK
653,1712306193.8957765,22915063.8300311,121.9,-1.2226841550785532e-07,125.7,ASK
654,1712306220.322791,22915063.8300311,121.9,-0.0,125.7,ASK
655,1712306229.5727649,22915145.63270097,121.8,-9.98983870164646e-09,125.7,ASK
656,1712306250.3248618,22915145.63270097,121.8,-0.0,125.7,ASK
657,1712306250.3957772,22915245.63270097,121.8,-1.2212103299974265e-08,125.7,ASK
658,1712306250.4756682,22915884.84809349,121.8,-7.806164404418536e-08,125.7,ASK
659,1712306250.478245,22916830.51640149,121.8,-1.154859906477474e-07,125.7,ASK
660,1712306261.3527105,22919618.95348294,121.8,3.4052681684176184e-07,125.7,BID
661,1712306277.5028536,22921728.70348294,122.0,2.5764484937120704e-07,125.7,BID
662,1712306280.472758,22921728.70348294,122.0,0.0,125.7,BID
663,1712306308.7598467,22943728.70348294,122.0,2.68639953842684e-06,125.7,BID
664,1712306310.4827116,22943728.70348294,122.0,0.0,125.7,BID
665,1712306331.1228778,22945369.39257235,121.9,2.0027737969231734e-07,125.7,BID
666,1712306340.3077931,22945369.39257235,121.9,0.0,125.7,BID
667,1712306363.6427824,22949185.39257235,121.6,-4.65804172058521e-07,125.7,ASK
668,1712306370.3030682,22949185.39257235,121.6,-0.0,125.7,ASK
669,1712306400.395895,22949185.39257235,121.6,-0.0,125.7,ASK
670,1712306430.3181045,22949185.39257235,121.6,-0.0,125.7,ASK
671,1712306437.6390553,22949780.91113959,121.6,-7.277874884745586e-08,125.7,ASK
672,1712306442.6327574,22950849.1116326,121.7,1.3054554413003088e-07,125.7,BID
673,1712306460.4727626,22950849.1116326,121.7,0.0,125.7,BID
674,1712306466.4483824,22952867.79314318,121.6,-2.466984045546036e-07,125.7,ASK
675,1712306466.4608338,22965969.84566855,121.6,-1.601171575338248e-06,125.7,ASK
676,1712306466.5258558,22970814.14405219,121.6,-5.920105158576125e-07,125.7,ASK
677,1712306466.603401,22970814.1440522,121.6,-1.3657773675300193e-18,125.7,ASK
678,1712306466.6426196,22971637.18931968,121.5,-1.0058246102707228e-07,125.7,ASK
679,1712306466.6472073,22972137.18931968,121.5,-6.11038450745667e-08,125.7,ASK
680,1712306473.8327637,22974479.32426749,121.7,2.862269019894606e-07,125.7,BID
681,1712306473.8426054,22974801.27279403,121.7,3.934458577523698e-08,125.7,BID
682,1712306473.952701,22975728.13784622,121.7,1.1327003710805653e-07,125.7,BID
683,1712306473.9626763,22976574.25879403,121.9,1.0340248661841448e-07,125.7,BID
684,1712306474.0726893,22977580.03239403,121.9,1.2291326846908698e-07,125.7,BID
685,1712306474.2128146,22977661.03239403,121.8,9.898822902079805e-09,125.7,BID
686,1712306474.2226615,22981197.67909403,121.9,4.322054240808305e-07,125.7,BID
687,1712306490.4926124,22981197.67909403,121.9,0.0,125.7,BID
688,1712306506.8030086,22993194.39232328,121.7,1.465429380945152e-06,125.7,BID
689,1712306507.282797,22993294.39232328,121.5,-1.2215257237058641e-08,125.7,ASK
690,1712306520.3461478,22993294.39232328,121.5,-0.0,125.7,ASK
691,1712306535.7227564,22993313.23676772,121.5,-2.301483494431984e-09,125.7,ASK
692,1712306550.2932274,22993313.23676772,121.5,-0.0,125.7,ASK
693,1712306561.8829234,22993635.01986299,121.4,-3.929955472386059e-08,125.7,ASK
694,1712306561.8891375,22993785.06187287,121.4,-1.8324717068058184e-08,125.7,ASK
695,1712306561.8938286,22995433.86648952,121.3,-2.013694572938655e-07,125.7,ASK
696,1712306561.898865,22995530.27869067,121.3,-1.1774877645476073e-08,125.7,ASK
697,1712306561.9025626,23029068.43224766,121.1,-4.096034006828959e-06,125.7,ASK
698,1712306561.9052744,23033080.90251705,121.3,-4.900453045776952e-07,125.7,ASK
699,1712306561.907989,23050660.90251705,121.1,-2.1470555234261625e-06,125.7,ASK
700,1712306561.910748,23058613.18878936,121.3,-9.712173017536195e-07,125.7,ASK
701,1712306561.9135246,23083142.18878936,121.1,-2.995740895001157e-06,125.7,ASK
702,1712306561.9677346,23084852.18878936,121.1,2.088432847018622e-07,125.7,BID
703,1712306561.9725573,23109679.36513458,121.1,3.0321573437471905e-06,125.7,BID
704,1712306561.9827392,23117631.65140689,121.1,9.712173017540746e-07,125.7,BID
705,1712306561.9873943,23221173.07144893,121.1,1.2645573253961658e-05,125.7,BID
706,1712306562.0025873,23224092.78864842,121.1,3.565867428900024e-07,125.7,BID
707,1712306562.0226529,23241186.09996047,121.1,2.0876159537075684e-06,125.7,BID
708,1712306562.0533392,23263509.49571547,121.1,2.726369178464265e-06,125.7,BID
709,1712306562.0626738,23268534.01952509,121.1,6.136479862360222e-07,125.7,BID
710,1712306562.0674253,23305402.29219009,121.1,4.50274337113613e-06,125.7,BID
711,1712306562.082743,23309180.13519009,121.1,4.613901410570876e-07,125.7,BID
712,1712306562.1432033,23327527.49791366,121.1,2.2407739747408947e-06,125.7,BID
713,1712306562.2029548,23343859.07791366,121.1,1.9945852699249377e-06,125.7,BID
714,1712306562.2426603,23372639.99435711,121.1,3.515029898701535e-06,125.7,BID
715,1712306562.3028853,23389324.19396891,121.1,2.037650906169702e-06,125.7,BID
716,1712306562.3227737,23416002.53479159,121.1,3.258241127370682e-06,125.7,BID
717,1712306562.3887002,23430499.66038201,121.1,1.7705422965140346e-06,125.7,BID
718,1712306562.4027374,23442596.37721366,121.1,1.4773789925322874e-06,125.7,BID
719,1712306563.3725195,23444086.4063186,121.1,1.8197811261822762e-07,125.7,BID
720,1712306563.4022765,23445415.56025769,121.1,1.6233033597271125e-07,125.7,BID
721,1712306563.4049768,23446396.31104841,121.1,1.1977965883536296e-07,125.7,BID
722,1712306563.4748664,23451634.61192186,121.1,6.397567021451035e-07,125.7,BID
723,1712306563.972692,23453338.95377924,121.1,2.081522524851329e-07,125.7,BID
724,1712306568.5327682,23454777.59177924,121.1,1.7570168737834717e-07,125.7,BID
725,1712306569.352697,23454777.59244592,121.1,8.142221713259986e-14,125.7,BID
726,1712306576.8027265,23454818.79508183,121.4,5.032101650230937e-09,125.7,BID
727,1712306580.392548,23454818.79508183,121.4,0.0,125.7,BID
728,1712306610.313177,23454818.79508183,121.4,0.0,125.7,BID
729,1712306611.8937278,23455144.55450533,121.4,3.9515452444127576e-08,125.7,BID
730,1712306626.5627766,23457032.09648238,121.3,-2.2896367641356058e-07,125.7,ASK
731,1712306631.1527147,23465205.31209023,121.3,-9.914319874446815e-07,125.7,ASK
732,1712306631.1626043,23465246.51472614,121.4,-4.997985269022578e-09,125.7,ASK
733,1712306632.1626775,23465287.64959456,121.5,4.9897648989476235e-09,125.7,BID
734,1712306640.4627652,23465287.64959456,121.5,0.0,125.7,BID
735,1712306646.56275,23467547.59116587,121.3,-2.740944783716317e-07,125.7,ASK
736,1712306650.0530822,23469238.73338201,121.3,-2.0510828663416e-07,125.7,ASK
737,1712306650.6849573,23470931.61992001,121.3,-2.053198447547424e-07,125.7,ASK
738,1712306650.742746,23473091.56016639,121.3,-2.619659298542917e-07,125.7,ASK
739,1712306650.7827582,23473531.67267782,121.3,-5.337855224959752e-08,125.7,ASK
740,1712306670.4726126,23473531.67267782,121.3,-0.0,125.7,ASK
741,1712306700.3825958,23473531.67267782,121.3,-0.0,125.7,ASK
742,1712306730.316289,23473531.67267782,121.3,-0.0,125.7,ASK
743,1712306743.6533313,23473748.76632468,121.2,-2.6484457291949653e-08,125.7,ASK
744,1712306743.6591024,23507938.99530594,121.1,-4.171055543755204e-06,125.7,ASK
745,1712306750.4827185,23507980.16403021,121.4,5.022400864419608e-09,125.7,BID
746,1712306760.4735708,23507980.16403021,121.4,0.0,125.7,BID
747,1712306767.392748,23508021.43465727,121.2,-5.032271454280104e-09,125.7,ASK
748,1712306767.498801,23527452.11122609,121.2,2.3692501423528465e-06,125.7,BID
749,1712306790.4738247,23527452.11122609,121.2,0.0,125.7,BID
750,1712306790.88133,23527493.38185315,121.2,-5.030823769196162e-09,125.7,ASK
751,1712306790.9626358,23543547.03291344,121.2,1.956914519882391e-06,125.7,BID
752,1712306791.4625232,23543588.13398164,121.3,5.010154814372112e-09,125.7,BID
753,1712306797.7415757,23550395.52678598,121.3,8.29810351011439e-07,125.7,BID
754,1712306797.7445924,23566236.537727,121.3,1.9309940276932616e-06,125.7,BID
755,1712306820.332691,23566236.537727,121.3,0.0,125.7,BID
756,1712306850.352558,23566236.537727,121.3,0.0,125.7,BID
757,1712306880.482442,23566236.537727,121.3,0.0,125.7,BID
758,1712306884.2926,23567137.44462662,121.3,1.0975619640131413e-07,125.7,BID
759,1712306884.2985184,23574483.68448603,121.3,8.949818734445969e-07,125.7,BID
760,1712306888.3525877,23585503.04427515,121.3,-1.3424728101666685e-06,125.7,ASK
761,1712306896.1025126,23586162.56612179,121.3,8.034860134983512e-08,125.7,BID
762,1712306897.6126962,23588257.88422243,121.3,2.55269601191832e-07,125.7,BID
763,1712306904.892505,23588340.18874917,121.5,1.0027042534233101e-08,125.7,BID
764,1712306910.4525404,23588340.18874917,121.5,0.0,125.7,BID
765,1712306914.612806,23588381.28981737,121.4,5.005649160073082e-09,125.7,BID
766,1712306923.2227457,23592882.92722711,121.4,5.482489508566539e-07,125.7,BID
767,1712306923.2292948,23595842.9177654,121.4,3.604936514107272e-07,125.7,BID
768,1712306939.1027164,23599842.9177654,121.4,-4.871551401901264e-07,125.7,ASK
769,1712306940.3424284,23599842.9177654,121.4,-0.0,125.7,ASK
770,1712306950.172717,23610245.54297133,121.4,-1.266707656579734e-06,125.7,ASK
771,1712306950.2726357,23614964.65457533,121.4,5.74637140404742e-07,125.7,BID
772,1712306951.523949,23620683.74692182,121.4,6.96402871445837e-07,125.7,BID
773,1712306951.5623944,23626383.74692182,121.4,6.940780331476691e-07,125.7,BID
774,1712306952.202656,23627106.57323382,121.4,8.801716928799806e-08,125.7,BID
775,1712306968.4625611,23627144.61672444,121.4,4.632482656585545e-09,125.7,BID
776,1712306970.334393,23627144.61672444,121.4,0.0,125.7,BID
777,1712306973.048052,23627395.43542931,121.4,-3.052938971815379e-08,125.7,ASK
778,1712306976.382636,23627520.84478174,121.4,-1.5264694858850175e-08,125.7,ASK
779,1712306980.2776966,23629251.20981545,121.4,-2.106182172347095e-07,125.7,ASK
780,1712306981.422686,23631223.13109986,121.4,-2.400201907453753e-07,125.7,ASK
781,1712307000.3427634,23631223.13109986,121.4,-0.0,125.7,ASK
782,1712307030.3137984,23631223.13109986,121.4,-0.0,125.7,ASK
783,1712307043.5816405,23631264.40172692,121.2,-5.033995939068838e-09,125.7,ASK
784,1712307043.584697,23631511.92647939,121.2,-3.0191898877097995e-08,125.7,ASK
785,1712307043.5876374,23633000.70751268,121.2,-1.8159447068774066e-07,125.7,ASK
786,1712307043.6474297,23634690.2886906,121.2,-2.060871228394241e-07,125.7,ASK
787,1712307043.6505709,23652967.70421354,121.2,-2.229392720094298e-06,125.7,ASK
788,1712307044.065194,23658223.95914854,121.2,-6.41133122587329e-07,125.7,ASK
789,1712307051.252486,23658223.9591491,121.2,-6.815899431627725e-17,125.7,ASK
790,1712307051.2623374,23660872.37926109,121.1,-3.230417621142537e-07,125.7,ASK
791,1712307053.1724286,23688890.13421019,121.1,-3.4174732657640705e-06,125.7,ASK
792,1712307054.7126265,23696097.92529278,121.1,-8.79172273963551e-07,125.7,ASK
793,1712307054.7190602,23711680.95529278,121.1,-1.9007443145016736e-06,125.7,ASK
794,1712307057.502468,23719945.41810269,121.0,-1.0080600947533384e-06,125.7,ASK
795,1712307057.5077913,23720214.2797837,121.0,-3.2794476527875024e-08,125.7,ASK
796,1712307057.521547,23723171.75827477,121.0,-3.607392418011725e-07,125.7,ASK
797,1712307057.5245185,23761168.16160373,121.0,-4.634621610753851e-06,125.7,ASK
798,1712307057.5709088,23764018.16160273,121.0,3.476295235542571e-07,125.7,BID
799,1712307057.9548557,23766484.41622473,121.0,3.008220770206319e-07,125.7,BID
800,1712307058.312139,23767868.41622473,121.0,1.68813775707941e-07,125.7,BID
801,1712307058.6463306,23769176.41622473,121.0,1.5954365507658005e-07,125.7,BID
802,1712307059.5820622,23770176.41622473,121.0,1.2197527146527526e-07,125.7,BID
803,1712307060.3971756,23773317.40014573,121.0,3.831223664319021e-07,125.7,BID
804,1712307060.472546,23773317.40014573,121.0,0.0,125.7,BID
805,1712307066.2718875,23779193.96075057,121.0,-7.152940439811706e-07,125.7,ASK
806,1712307066.3425372,23792213.87960081,121.0,-1.5847824999925786e-06,125.7,ASK
807,1712307066.3561587,23810300.22736147,121.0,-2.2014674399707745e-06,125.7,ASK
808,1712307074.139022,23841872.36570219,121.0,-3.842955774550168e-06,125.7,ASK
809,1712307074.1518724,23849193.96075057,121.0,-8.911834119831677e-07,125.7,ASK
810,1712307074.255363,23892282.3884876,121.0,-5.244716730977692e-06,125.7,ASK
811,1712307074.2618566,23899193.96075057,121.0,-8.412755022342293e-07,125.7,ASK
812,1712307074.843327,23900866.86630541,121.0,-2.0362580427333465e-07,125.7,ASK
813,1712307074.8522246,23909534.45273818,121.0,-1.0550172742106118e-06,125.7,ASK
814,1712307074.86422,23920236.36764401,121.0,-1.30263541994722e-06,125.7,ASK
815,1712307074.8693898,23921758.7098905,121.0,-1.8529926176874849e-07,125.7,ASK
816,1712307074.8739028,23936894.34654114,121.0,-1.8423073420103176e-06,125.7,ASK
817,1712307075.1224327,23938618.91271287,121.0,-2.0991392653594165e-07,125.7,ASK
818,1712307075.2104478,23941212.25093044,121.0,-3.156607250046211e-07,125.7,ASK
819,1712307077.5124178,23945041.22474483,121.0,-4.660620979110602e-07,125.7,ASK
820,1712307077.613969,23966439.60444706,121.0,-2.604607453421713e-06,125.7,ASK
821,1712307077.714823,23967762.01969632,121.0,-1.6096417872179137e-07,125.7,ASK
822,1712307077.7202191,24001498.64593497,121.0,-4.106416905263686e-06,125.7,ASK
823,1712307078.392703,24012570.60983748,121.0,-1.3476777263416576e-06,125.7,ASK
824,1712307078.3995624,24019553.52880873,121.0,-8.4995981248372e-07,125.7,ASK
825,1712307078.491065,24022897.0256372,121.0,-4.069699145963349e-07,125.7,ASK
826,1712307079.2325854,24023806.4135602,120.9,-1.1069055672736745e-07,125.7,ASK
827,1712307080.7827442,24024301.99716947,120.8,-6.032235993825201e-08,125.7,ASK
828,1712307080.7929738,24025546.42751772,120.6,-1.5147186868457768e-07,125.7,ASK
829,1712307080.798264,24025646.42751772,120.5,-1.217198446642384e-08,125.7,ASK
830,1712307080.80264,24025895.18373662,120.6,-3.0278568323654615e-08,125.7,ASK
831,1712307080.805638,24026895.18373662,120.5,-1.2171984466423842e-07,125.7,ASK
832,1712307080.808613,24026946.73933662,120.5,-6.275339623864715e-09,125.7,ASK
833,1712307080.811617,24027325.6994599,120.5,-4.6126967339363234e-08,125.7,ASK
834,1712307080.8213987,24028984.0742526,120.6,-2.018571221628364e-07,125.7,ASK
835,1712307080.8244405,24032457.86611708,120.5,-4.2282940614004747e-07,125.7,ASK
836,1712307080.88273,24038157.86611608,120.9,6.938031144646365e-07,125.7,BID
837,1712307080.8958652,24060157.86611608,120.9,2.677836582613245e-06,125.7,BID
838,1712307081.512679,24064156.39120331,120.9,4.866998525036847e-07,125.7,BID
839,1712307081.6136544,24065597.09311608,120.9,-1.7536201302961465e-07,125.7,ASK
840,1712307085.9063878,24067200.66729525,120.7,-1.9518679999646226e-07,125.7,ASK
841,1712307090.4623566,24067200.66729525,120.7,-0.0,125.7,ASK
842,1712307099.5426066,24067248.81749662,120.7,-5.835585248230724e-09,125.7,ASK
843,1712307120.3324225,24067248.81749662,120.7,-0.0,125.7,ASK
844,1712307140.9825037,24078850.83890256,120.8,-1.4061111969013946e-06,125.7,ASK
845,1712307143.043007,24093755.16890256,120.8,1.806335686002806e-06,125.7,BID
846,1712307144.037202,24093855.16890256,120.8,1.2119536309264297e-08,125.7,BID
847,1712307144.597214,24094683.66931681,120.7,-1.0041040852725885e-07,125.7,ASK
848,1712307144.6058104,24117681.70476294,120.7,-2.7872552563111667e-06,125.7,ASK
849,1712307150.3346424,24117681.70476294,120.7,-0.0,125.7,ASK
850,1712307150.5477765,24142251.46722038,120.8,2.9755451249040623e-06,125.7,BID
851,1712307150.5537846,24150467.13468917,120.8,9.94966448167137e-07,125.7,BID
852,1712307151.2424214,24150567.13468917,120.8,1.2110597854001016e-08,125.7,BID
853,1712307152.8349562,24153424.99701732,120.8,3.4610421378316205e-07,125.7,BID
854,1712307152.952412,24223424.99701732,120.8,8.477418497800711e-06,125.7,BID
855,1712307153.0126364,24238325.22701732,120.8,1.8045069346212697e-06,125.7,BID
856,1712307153.0323367,24288325.22701732,120.8,6.055298927000508e-06,125.7,BID
857,1712307153.0524304,24308275.55814227,120.8,2.4161043730843155e-06,125.7,BID
858,1712307157.1189823,24311360.10432292,120.8,3.735569835595409e-07,125.7,BID
859,1712307157.8925629,24319031.00048493,120.8,9.289913859786664e-07,125.7,BID
860,1712307158.0123804,24320690.29588641,120.8,2.009505932831804e-07,125.7,BID
861,1712307158.4924328,24328700.57166848,120.8,9.700922869630602e-07,125.7,BID
862,1712307158.512363,24330672.31326926,120.8,2.387896959907113e-07,125.7,BID
863,1712307158.5323892,24354627.83166526,120.8,2.901156496780502e-06,125.7,BID
864,1712307158.5393054,24360059.42695126,120.8,6.577986621443993e-07,125.7,BID
865,1712307159.4826398,24374956.82695126,120.8,1.804164204702218e-06,125.7,BID
866,1712307162.912515,24379095.89979894,120.8,5.012664674665829e-07,125.7,BID
867,1712307163.5435593,24379195.89979894,120.8,1.2110597854001016e-08,125.7,BID
868,1712307167.6351988,24381857.21465119,120.8,3.223011393846629e-07,125.7,BID
869,1712307173.7974072,24431878.66088171,120.8,6.057896193733574e-06,125.7,BID
870,1712307178.5723617,24433389.58803403,120.8,1.829823112844745e-07,125.7,BID
871,1712307180.474766,24433389.58803403,120.8,0.0,125.7,BID
872,1712307180.5873864,24448296.89803403,120.7,-1.797064298673384e-06,125.7,ASK
873,1712307180.5908456,24575861.38528794,120.6,-1.537779692128234e-05,125.7,ASK
874,1712307185.3624384,24576188.82189723,120.7,-3.9472221389019785e-08,125.7,ASK
875,1712307186.6324935,24590763.62528794,120.7,-1.7569808928389603e-06,125.7,ASK
876,1712307186.75658,24596785.75016614,120.7,7.259623379918932e-07,125.7,BID
877,1712307187.5124018,24597120.75016614,120.8,4.038398209037296e-08,125.7,BID
878,1712307191.389307,24597389.61184715,120.7,-3.2411060629010734e-08,125.7,ASK
879,1712307191.470817,24598290.29847852,120.7,-1.0857705310536717e-07,125.7,ASK
880,1712307192.5522947,24598390.29847852,120.6,-1.2054920026977004e-08,125.7,ASK
881,1712307192.692329,24618190.79599212,120.6,2.386934140208013e-06,125.7,BID
882,1712307195.682538,24618276.79599212,120.7,-1.0367231223200225e-08,125.7,ASK
883,1712307203.4760156,24641159.86439833,120.7,2.7585355960869783e-06,125.7,BID
884,1712307203.4924145,24646819.85399953,120.8,6.823072199597039e-07,125.7,BID
885,1712307203.4981008,24648947.50870858,120.7,2.564870736264644e-07,125.7,BID
886,1712307210.4723382,24648947.50870858,120.7,0.0,125.7,BID
887,1712307211.8224783,24656304.90899321,120.8,8.841571313384911e-07,125.7,BID
888,1712307211.8298073,24678594.45028132,120.8,2.6785897357407424e-06,125.7,BID
889,1712307211.8824365,24678680.45028132,120.8,1.0334834364519178e-08,125.7,BID
890,1712307218.2723942,24700423.47379828,120.8,2.612913332925947e-06,125.7,BID
891,1712307218.2923317,24701926.11700649,120.8,1.805763798350479e-07,125.7,BID
892,1712307218.3724308,24721793.66667449,120.8,2.3875329656705545e-06,125.7,BID
893,1712307219.252723,24721925.66667449,120.8,1.586276902461083e-08,125.7,BID
894,1712307221.2063272,24746890.70898777,120.8,3.0001113629178832e-06,125.7,BID
895,1712307222.5751934,24765022.60654093,120.8,2.1789553247249687e-06,125.7,BID
896,1712307240.316397,24765022.60654093,120.8,0.0,125.7,BID
897,1712307252.562356,24766551.9703256,120.7,-1.8347828925271041e-07,125.7,ASK
898,1712307270.342304,24766551.9703256,120.7,-0.0,125.7,ASK
899,1712307272.8524196,24774456.04523272,121.0,9.48233534015698e-07,125.7,BID
900,1712307273.0524347,24778008.00202691,121.0,4.261200182443661e-07,125.7,BID
901,1712307300.332269,24778008.00202691,121.0,0.0,125.7,BID
902,1712307330.3161223,24778008.00202691,121.0,0.0,125.7,BID
903,1712307331.0864236,24778413.18841264,121.0,4.86565855164507e-08,125.7,BID
904,1712307331.0943432,24778834.10044671,121.1,5.0544991396311146e-08,125.7,BID
905,1712307336.4624102,24786008.51986059,121.0,-8.615362313196547e-07,125.7,ASK
906,1712307336.712355,24790137.33901831,121.1,4.958069903271531e-07,125.7,BID
907,1712307343.5728436,24809121.27828502,121.1,2.279675963715101e-06,125.7,BID
908,1712307343.5808194,24811044.13695378,121.1,2.309054315444178e-07,125.7,BID
909,1712307358.21269,24812101.40177636,121.1,-1.2696106795620522e-07,125.7,ASK
910,1712307360.4738517,24812101.40177636,121.1,-0.0,125.7,ASK
911,1712307390.4727445,24812101.40177636,121.1,-0.0,125.7,ASK
912,1712307415.5731263,24816437.30558985,120.8,-5.204166658766694e-07,125.7,ASK
913,1712307420.3213336,24816437.30558985,120.8,-0.0,125.7,ASK
914,1712307423.569901,24822412.52889879,120.8,-7.171308333468824e-07,125.7,ASK
915,1712307426.990917,24823911.50984328,120.7,-1.799038125125249e-07,125.7,ASK
916,1712307426.9954703,24848440.50984328,120.7,-2.9439070812380616e-06,125.7,ASK
917,1712307426.9988413,24861697.91302523,120.8,-1.591119210166538e-06,125.7,ASK
918,1712307427.0830717,24862542.20413797,121.1,1.0132963371602797e-07,125.7,BID
919,1712307427.088889,24862623.50495097,121.1,9.757513111134684e-09,125.7,BID
920,1712307427.0947032,24873313.88625307,121.1,1.2830318894527376e-06,125.7,BID
921,1712307427.0993087,24877045.74559633,121.1,4.478880976317457e-07,125.7,BID
922,1712307434.4232323,24878805.25855505,120.8,-2.111721904157081e-07,125.7,ASK
923,1712307434.4329488,24879811.30063568,120.8,-1.2074256615389956e-07,125.7,ASK
924,1712307435.3529885,24887398.01195842,120.7,-9.105374530687124e-07,125.7,ASK
925,1712307435.4528658,24894245.25948839,120.7,8.217889229265133e-07,125.7,BID
926,1712307435.4728189,24900289.73673443,120.7,7.254425115987763e-07,125.7,BID
927,1712307435.4928715,24906982.16553658,120.7,8.032079799960702e-07,125.7,BID
928,1712307449.5830722,24918714.74168531,120.7,1.408113416992554e-06,125.7,BID
929,1712307449.6630085,24927933.19437359,120.7,1.1063748276361446e-06,125.7,BID
930,1712307449.8830686,24931634.54280146,120.7,4.44226256550778e-07,125.7,BID
931,1712307449.9830174,24939037.2396572,120.7,8.88452513102003e-07,125.7,BID
932,1712307450.2442126,24942738.58808507,120.7,4.44226256550778e-07,125.7,BID
933,1712307450.31276,24942738.58808507,120.7,0.0,125.7,BID
934,1712307480.473089,24942738.58808507,120.7,0.0,125.7,BID
935,1712307486.9033449,24943815.76863493,120.8,1.290442570738655e-07,125.7,BID
936,1712307486.9106183,24944343.20997132,120.8,6.31865061184894e-08,125.7,BID
937,1712307486.9228568,24949891.20783863,120.8,6.64639983638093e-07,125.7,BID
938,1712307496.9234774,24949932.60684525,120.8,4.9595251729848415e-09,125.7,BID
939,1712307499.0232718,24959175.2657764,120.8,1.1072536125095533e-06,125.7,BID
940,1712307499.053253,24962788.55510682,120.8,4.3286544423538413e-07,125.7,BID
941,1712307500.8530877,24962870.7453043,120.7,-9.8462351314164e-09,125.7,ASK
942,1712307509.223217,24965428.7453043,120.8,3.064437151579184e-07,125.7,BID
943,1712307509.8530686,24968831.69346714,120.8,4.076669575880141e-07,125.7,BID
944,1712307510.4629574,24968831.69346714,120.8,0.0,125.7,BID
945,1712307512.0729651,24972416.51489414,120.8,4.292929368859593e-07,125.7,BID
946,1712307513.3631363,24992839.96489414,120.8,2.445768362633171e-06,125.7,BID
947,1712307526.953442,24996258.93840407,120.8,4.094321597608714e-07,125.7,BID
948,1712307528.7232256,25008986.48178866,120.8,1.5241608515740365e-06,125.7,BID
949,1712307530.403788,25010309.29733056,120.8,-1.5841106189067858e-07,125.7,ASK
950,1712307540.3330734,25010309.29733056,120.8,-0.0,125.7,ASK
951,1712307545.38319,25029209.06733056,120.8,2.261945973362328e-06,125.7,BID
952,1712307555.6033032,25031604.71922057,120.8,2.867143434118097e-07,125.7,BID
953,1712307555.7632103,25032555.01209304,120.8,1.137321319993722e-07,125.7,BID
954,1712307569.4332998,25032798.51858654,120.8,-2.9143134146842573e-08,125.7,ASK
955,1712307570.344188,25032798.51858654,120.8,-0.0,125.7,ASK
956,1712307584.1432917,25050129.26858654,120.9,-2.073489705640072e-06,125.7,ASK
957,1712307584.1531026,25080166.93963917,120.8,-3.5937741707100464e-06,125.7,ASK
958,1712307595.293706,25083428.93963917,120.9,-3.902729783649245e-07,125.7,ASK
959,1712307595.3015614,25087621.59440658,120.8,-5.016185969750451e-07,125.7,ASK
960,1712307595.307656,25088706.59440658,120.9,-1.298118275677324e-07,125.7,ASK
961,1712307595.312165,25105065.38440658,120.8,-1.9572022365872e-06,125.7,ASK
962,1712307600.4031556,25105065.38440658,120.8,-0.0,125.7,ASK
963,1712307608.463257,25109762.98648824,120.8,-5.625604294837192e-07,125.7,ASK
964,1712307628.6034956,25111084.94571731,121.0,-1.5831097201001217e-07,125.7,ASK
965,1712307628.6098216,25118041.13218361,120.8,-8.330367659980903e-07,125.7,ASK
966,1712307630.3279812,25118041.13218361,120.8,-0.0,125.7,ASK
967,1712307656.9145412,25149588.52271853,121.0,-3.777242503273644e-06,125.7,ASK
968,1712307656.9227006,25158224.30888794,121.0,-1.0339827800391865e-06,125.7,ASK
969,1712307660.4632237,25158224.30888794,121.0,-0.0,125.7,ASK
970,1712307676.7790809,25161721.16795681,121.0,-4.184434758140015e-07,125.7,ASK
971,1712307676.8087473,25165314.05244756,121.0,-4.299341337177611e-07,125.7,ASK
972,1712307679.8933024,25165481.35703146,121.0,-2.0020112400242605e-08,125.7,ASK
973,1712307684.673515,25169577.17644016,121.0,-4.901166663935321e-07,125.7,ASK
974,1712307684.6815906,25215481.35703146,121.0,-5.493016590806266e-06,125.7,ASK
975,1712307684.7539074,25224906.82913213,121.0,-1.1278771118062698e-06,125.7,ASK
976,1712307684.7575755,25233114.06121614,121.0,-9.820992646279243e-07,125.7,ASK
977,1712307684.7631865,25285481.35703146,121.0,-6.266410183645523e-06,125.7,ASK
978,1712307684.7734962,25305398.71240356,121.0,-2.3833638264452537e-06,125.7,ASK
979,1712307684.8133206,25311960.12885913,121.0,-7.851565801932506e-07,125.7,ASK
980,1712307684.833402,25319979.63786038,121.0,-9.596358202359972e-07,125.7,ASK
981,1712307684.953268,25326431.9841397,121.0,-7.721049522153027e-07,125.7,ASK
982,1712307690.4733117,25326431.9841397,121.0,-0.0,125.7,ASK
983,1712307708.0135777,25327552.0550851,121.0,1.3370503457839312e-07,125.7,BID
984,1712307708.2935228,25328672.1260305,121.0,1.3370503457839312e-07,125.7,BID
985,1712307720.3096344,25328672.1260305,121.0,0.0,125.7,BID
986,1712307750.3035092,25328672.1260305,121.0,0.0,125.7,BID
987,1712307762.303604,25329072.1260305,121.0,4.774722852140667e-08,125.7,BID
988,1712307780.4435236,25329072.1260305,121.0,0.0,125.7,BID
989,1712307798.9681532,25329984.5730328,120.9,1.0891640957586217e-07,125.7,BID
990,1712307806.402008,25331493.8452435,120.8,1.801578720163545e-07,125.7,BID
991,1712307810.47354,25331493.8452435,120.8,0.0,125.7,BID
992,1712307812.1936224,25331494.50508744,120.7,-7.876109225326597e-11,125.7,ASK
993,1712307814.813166,25332320.50508744,120.7,9.859401326443877e-08,125.7,BID
994,1712307820.1687348,25332492.66831582,120.7,2.0549955959669292e-08,125.7,BID
1194,1712307820.1687348,25332492.66831582,120.7,2.054995595966929e-08,125.7,BID
995,1712307833.2437787,25340784.54227933,120.6,-9.89744711313846e-07,125.7,ASK
996,1712307833.2521224,25345076.56093326,120.6,-5.123091332890043e-07,125.7,ASK
997,1712307840.3178434,25345076.56093326,120.6,-0.0,125.7,ASK
998,1712307870.327946,25345076.56093326,120.6,-0.0,125.7,ASK
999,1712307879.2471106,25349805.42268299,120.7,5.643417782312117e-07,125.7,BID
1000,1712307891.3636112,25352812.18117511,120.7,3.588261877715289e-07,125.7,BID
1201,1712307900.473621,25352812.18117511,120.7,0.0,125.7,BID
1202,1712307903.4040432,25378587.43407953,120.6,-3.0829607491956004e-06,125.7,ASK
1203,1712307930.453701,25378587.43407953,120.6,-0.0,125.7,ASK
1204,1712307935.1338563,25384358.63298834,120.6,-6.90032681323416e-07,125.7,ASK
1205,1712307935.1537344,25391637.90713145,120.6,-8.703455095593959e-07,125.7,ASK
1206,1712307935.1564667,25391778.74587108,120.6,-1.6839366425689782e-08,125.7,ASK
1207,1712307938.8842494,25391902.81380811,120.7,1.4834167494270717e-08,125.7,BID
1208,1712307944.653755,25392711.87529678,120.5,-9.673533648785524e-08,125.7,ASK
1209,1712307949.8739595,25392753.3168875,120.6,4.9549586518334884e-09,125.7,BID
1210,1712307960.337799,25392753.3168875,120.6,0.0,125.7,BID
1211,1712307990.3130748,25392753.3168875,120.6,0.0,125.7,BID
1212,1712308015.1138463,25392894.3168875,120.5,-1.6855204706645137e-08,125.7,ASK
1213,1712308015.1165743,25397753.3168875,120.5,-5.808470898552392e-07,125.7,ASK
1214,1712308020.483908,25397753.3168875,120.5,-0.0,125.7,ASK
1215,1712308033.043882,25534438.9464763,120.5,-1.6338286153321706e-05,125.7,ASK
1216,1712308033.1139345,25560910.00002477,120.5,-3.16413399825502e-06,125.7,ASK
1217,1712308033.1838348,25565011.00002477,120.5,-4.902001162546768e-07,125.7,ASK
1218,1712308033.1948051,25569258.00002477,120.5,-5.076517663334827e-07,125.7,ASK
1219,1712308033.203729,25583444.8302859,120.5,-1.6957780646894018e-06,125.7,ASK
1220,1712308035.9768603,25590435.57132096,120.5,-8.356162077767148e-07,125.7,ASK
1221,1712308036.0537112,25628821.60083196,120.5,-4.5883531160322175e-06,125.7,ASK
1222,1712308036.055354,25739699.25098096,120.5,-1.3253410629867023e-05,125.7,ASK
1223,1712308036.0738788,25760325.27008983,120.5,-2.4654662192247406e-06,125.7,ASK
1224,1712308036.1560934,25760425.27008983,120.4,-1.1953184985483462e-08,125.7,ASK
1225,1712308036.1576896,25760467.6787277,120.4,-5.0691829344372215e-09,125.7,ASK
1226,1712308036.1592565,25761299.6254831,120.2,-9.944413465345833e-08,125.7,ASK
1227,1712308036.1608212,25761344.6254831,120.3,-5.378933243467558e-09,125.7,ASK
1228,1712308036.162373,25761437.89503384,120.2,-1.1148681935167483e-08,125.7,ASK
1229,1712308036.1639214,25762269.15022918,120.3,-9.93614712002264e-08,125.7,ASK
1230,1712308036.165962,25763645.5717408,120.4,-1.645262094639602e-07,125.7,ASK
1231,1712308036.1673098,25764812.09963422,120.1,-1.3943723700779288e-07,125.7,ASK
1232,1712308036.1685574,25765054.72941791,120.2,-2.9001986874341183e-08,125.7,ASK
1233,1712308036.1698174,25765073.27008983,120.1,-2.216200812420105e-09,125.7,ASK
1234,1712308036.1768396,25765304.52125804,120.1,-2.7641879917239933e-08,125.7,ASK
1235,1712308036.1781504,25766137.16072515,120.1,-9.952693576568188e-08,125.7,ASK
1236,1712308036.1794505,25766229.16072515,120.0,-1.0996930186644784e-08,125.7,ASK
1237,1712308036.1807244,25771171.75479042,120.0,-5.907974117034079e-07,125.7,ASK
1238,1712308036.1820447,25772921.29645675,120.0,-2.091259517744041e-07,125.7,ASK
1239,1712308036.1833446,25772962.9367565,120.1,-4.977342057463469e-09,125.7,ASK
1240,1712308036.1846244,25783796.27008983,120.0,-1.2949283734272269e-06,125.7,ASK
1241,1712308050.4941115,25783796.27008983,120.0,-0.0,125.7,ASK
1242,1712308056.064121,25790842.79968498,120.2,8.376282081784671e-07,125.7,BID
1243,1712308056.0841694,25794366.79738849,120.3,4.189012253705372e-07,125.7,BID
1244,1712308056.0870256,25810771.19760083,120.2,1.950007896875457e-06,125.7,BID
1245,1712308063.786718,25810812.70797427,120.3,4.9343807126002895e-09,125.7,BID
1246,1712308080.2869322,25810812.70797427,120.3,0.0,125.7,BID
1247,1712308083.507354,25810904.17012069,120.2,-1.0868003540638036e-08,125.7,ASK
1248,1712308084.443991,25810984.75029796,120.2,9.574951891599709e-09,125.7,BID
1249,1712308087.1966152,25811065.33047523,120.2,9.574951891599709e-09,125.7,BID
1250,1712308087.7685328,25813996.56060626,120.2,3.483038687520096e-07,125.7,BID
1251,1712308098.863981,25814073.10179078,120.2,9.09501796001311e-09,125.7,BID
1252,1712308110.4064493,25814073.10179078,120.2,0.0,125.7,BID
1253,1712308124.6097977,25819644.751656,120.2,6.620213189333198e-07,125.7,BID
1254,1712308135.0074418,25819728.1558601,120.2,9.910055825253942e-09,125.7,BID
1255,1712308140.4639518,25819728.1558601,120.2,0.0,125.7,BID
1256,1712308156.4440424,25839613.13844716,120.1,-2.3625352588757347e-06,125.7,ASK
1257,1712308157.4285238,25864142.13844716,120.3,2.914291079272481e-06,125.7,BID
1258,1712308157.4881942,25886889.60839191,120.4,2.702627450609522e-06,125.7,BID
1259,1712308159.6885223,25886973.01259601,120.2,-9.909255492826074e-09,125.7,ASK
1260,1712308162.5974247,25887721.55514731,120.2,-8.893435850229257e-08,125.7,ASK
1261,1712308164.0758235,25889979.77108813,120.2,2.682986901793071e-07,125.7,BID
1262,1712308170.4542923,25889979.77108813,120.2,0.0,125.7,BID
1263,1712308181.247928,25890079.77108813,120.2,1.1869087541062462e-08,125.7,BID
1264,1712308184.1439104,25910741.70301734,120.2,2.452382788352473e-06,125.7,BID
1265,1712308200.403278,25910741.70301734,120.2,0.0,125.7,BID
1266,1712308207.101176,25910824.07534023,120.2,9.798353997065476e-09,125.7,BID
1267,1712308221.5339625,25929823.65534023,120.2,-2.2600383733514587e-06,125.7,ASK
1268,1712308222.494054,25948485.60196252,120.2,-2.219876201885715e-06,125.7,ASK
1269,1712308222.5940504,25956811.99663362,120.1,-9.904414449346245e-07,125.7,ASK
1270,1712308222.5971131,25990316.46225915,120.1,-3.985423782649104e-06,125.7,ASK
1271,1712308230.381869,25990316.46225915,120.1,-0.0,125.7,ASK
1272,1712308250.7036774,26007039.46225915,120.2,1.986974872472368e-06,125.7,BID
1273,1712308260.4744802,26007039.46225915,120.2,0.0,125.7,BID
1274,1712308263.264445,26009176.88897388,120.3,2.539017570628211e-07,125.7,BID
1275,1712308264.4444025,26010788.77318692,120.3,1.9147334084102497e-07,125.7,BID
1276,1712308264.4458766,26083581.63309021,120.3,8.646956128931969e-06,125.7,BID
1277,1712308280.1748235,26085230.34323222,120.3,1.958478384585652e-07,125.7,BID
1278,1712308283.3846736,26098403.44529245,120.3,1.5648133037787478e-06,125.7,BID
1279,1712308283.3879335,26100169.75621842,120.3,2.098174615915584e-07,125.7,BID
1280,1712308283.4943757,26102203.75621842,120.3,-2.416158506426879e-07,125.7,ASK
1281,1712308290.474536,26102203.75621842,120.3,-0.0,125.7,ASK
1282,1712308304.787573,26104203.75621842,120.3,2.372543933802947e-07,125.7,BID
1283,1712308320.3288414,26104203.75621842,120.3,0.0,125.7,BID
1284,1712308343.627233,26107776.36725288,120.3,-4.237967360015273e-07,125.7,ASK
1285,1712308343.6844237,26112516.30817186,120.3,5.622698555562413e-07,125.7,BID
1286,1712308343.704539,26112516.30817187,120.3,8.83816264305293e-19,125.7,BID
1287,1712308350.3263702,26112516.30817187,120.3,0.0,125.7,BID
1288,1712308374.4945986,26118775.64512885,120.6,7.424183354558333e-07,125.7,BID
1289,1712308374.4971788,26119022.96593339,120.6,2.9334656576593592e-08,125.7,BID
1290,1712308380.4645667,26119022.96593339,120.6,0.0,125.7,BID
1291,1712308410.4443555,26119022.96593339,120.6,0.0,125.7,BID
1292,1712308429.8546095,26126317.65393588,120.6,8.65140533253214e-07,125.7,BID
1293,1712308429.8644989,26127314.8398969,120.6,1.1826496126693689e-07,125.7,BID
1294,1712308440.3249352,26127314.8398969,120.6,0.0,125.7,BID
1295,1712308465.4946933,26129830.6359168,120.6,2.983347619494299e-07,125.7,BID
1296,1712308470.3752291,26129830.6359168,120.6,0.0,125.7,BID
1297,1712308500.3344696,26129830.6359168,120.6,0.0,125.7,BID
1298,1712308512.2073526,26130162.14512073,120.6,3.9439160610639774e-08,125.7,BID
1299,1712308528.6241264,26130205.3344895,120.4,-5.138175445457561e-09,125.7,ASK
1300,1712308528.6274793,26132872.04960577,120.4,-3.17255160721782e-07,125.7,ASK
1301,1712308529.8941977,26167764.22344352,120.4,4.15107041291762e-06,125.7,BID
1302,1712308530.3440013,26167764.22344352,120.4,0.0,125.7,BID
1303,1712308560.3273816,26167764.22344352,120.4,0.0,125.7,BID
1304,1712308590.3273766,26167764.22344352,120.4,0.0,125.7,BID
1305,1712308619.924864,26175219.20264485,120.2,-8.86426220595023e-07,125.7,ASK
1306,1712308619.928664,26175319.20264485,120.0,-1.189039159809694e-08,125.7,ASK
1307,1712308619.9319584,26175367.00854485,120.1,-5.684308716998878e-09,125.7,ASK
1308,1712308619.9350982,26178757.74781291,120.0,-4.03172177042429e-07,125.7,ASK
1309,1712308619.9365847,26179220.10555001,120.2,-5.4976145525481524e-08,125.7,ASK
1310,1712308619.9380798,26235988.03758982,120.1,-6.74992942167477e-06,125.7,ASK
1311,1712308619.9395976,26238619.6493262,120.0,-3.1290894079745164e-07,125.7,ASK
1312,1712308620.464008,26238619.6493262,120.0,-0.0,125.7,ASK
1313,1712308646.654417,26238819.6493262,120.0,-2.3756744640625133e-08,125.7,ASK
1314,1712308650.4659865,26238819.6493262,120.0,-0.0,125.7,ASK
1315,1712308651.157632,26239062.6888613,120.0,-2.886905856428853e-08,125.7,ASK
1316,1712308651.1603017,26239826.37295824,120.0,-9.071298178011628e-08,125.7,ASK
1317,1712308651.334194,26239947.27333561,120.0,-1.4360956020373268e-08,125.7,ASK
1318,1712308651.337592,26260455.8030573,120.0,-2.436072572986077e-06,125.7,ASK
1319,1712308656.5541186,26260507.26281015,120.0,-6.112563612467468e-09,125.7,ASK
1320,1712308671.4540677,26261675.13440506,120.0,-1.387237407920365e-07,125.7,ASK
1321,1712308671.4556985,26265712.11591429,120.0,-4.795263271300525e-07,125.7,ASK
1322,1712308671.5739882,26267533.71222508,120.0,2.1637537512384489e-07,125.7,BID
1323,1712308671.5941648,26281136.69290922,120.0,1.615808085961402e-06,125.7,BID
1324,1712308680.3082108,26281136.69290922,120.0,0.0,125.7,BID
1325,1712308683.5642147,26286157.52416026,120.0,-5.96031810497413e-07,125.7,ASK
1326,1712308683.5663218,26289074.19082681,120.0,-3.4624268910104645e-07,125.7,ASK
1327,1712308683.8042388,26305839.09538594,120.0,1.990191647075051e-06,125.7,BID
1328,1712308683.9042666,26307507.18563882,120.0,1.980219616604711e-07,125.7,BID
1329,1712308684.0640357,26335968.56464379,120.0,3.378700938031178e-06,125.7,BID
1330,1712308687.8140557,26343351.27728147,120.0,-8.764149519878574e-07,125.7,ASK
1331,1712308693.834466,26344351.27728147,119.9,-1.187117791250086e-07,125.7,ASK
1332,1712308693.8441572,26346130.19451885,119.9,-2.1117843016536562e-07,125.7,ASK
1333,1712308693.8468838,26355465.80188117,120.0,-1.1082465591938336e-06,125.7,ASK
1334,1712308693.8496673,26355513.95208254,119.9,-5.715996069750551e-09,125.7,ASK
1335,1712308706.3043156,26355555.46245598,120.3,4.927770283163143e-09,125.7,BID
1336,1712308710.3239937,26355555.46245598,120.3,0.0,125.7,BID
1337,1712308721.224615,26359711.7384327,120.3,4.928764203647288e-07,125.7,BID
1338,1712308722.6536713,26361893.28230253,120.3,2.587007069432261e-07,125.7,BID
1339,1712308726.632231,26361941.4325039,120.1,-5.709942993532734e-09,125.7,ASK
1340,1712308728.875812,26364434.58665645,120.1,-2.9565334472702525e-07,125.7,ASK
1341,1712308737.524177,26370219.67697363,120.1,-6.860311064490384e-07,125.7,ASK
1342,1712308737.5277991,26420263.80561705,120.1,-5.934536379246599e-06,125.7,ASK
1343,1712308737.5842865,26447698.53336705,120.1,3.2533764559512903e-06,125.7,BID
1344,1712308737.5880172,26447698.53336753,120.1,5.69880105906788e-17,125.7,BID
1345,1712308740.4743075,26447698.53336753,120.1,0.0,125.7,BID
1346,1712308755.0041184,26447739.97495825,120.3,4.907953705087275e-09,125.7,BID
1347,1712308770.4674962,26447739.97495825,120.3,0.0,125.7,BID
1348,1712308792.6268525,26447784.06813628,120.2,5.221979778167784e-09,125.7,BID
1349,1712308799.0141432,26447825.71676242,120.1,-4.9324701283630315e-09,125.7,ASK
1350,1712308800.3702,26447825.71676242,120.1,-0.0,125.7,ASK
1351,1712308801.4534478,26472806.13245742,120.1,2.9680070286405914e-06,125.7,BID
1352,1712308819.4241073,26474009.48495742,120.0,-1.4297434924769418e-07,125.7,ASK
1353,1712308823.524361,26481721.82301018,120.0,9.163287683970614e-07,125.7,BID
1354,1712308823.5782309,26489867.59636417,120.0,9.678266712428955e-07,125.7,BID
1355,1712308830.3073928,26489867.59636417,120.0,0.0,125.7,BID
1356,1712308834.464126,26489916.45629902,120.0,5.8017334684346644e-09,125.7,BID
1357,1712308860.4843872,26489916.45629902,120.0,0.0,125.7,BID
1358,1712308874.2141488,26498256.73986866,119.9,-9.903424714150833e-07,125.7,ASK
1359,1712308874.226106,26506802.20753536,119.9,-1.0147064542561452e-06,125.7,ASK
1360,1712308874.2289293,26506852.20753536,120.0,-5.937103116136046e-09,125.7,ASK
1361,1712308880.9276323,26507582.71464889,119.8,-8.67419212021165e-08,125.7,ASK
1362,1712308882.8142235,26507624.45922318,119.8,-4.956836841951196e-09,125.7,ASK
1363,1712308882.8172,26514698.46843829,119.8,-8.399824430919808e-07,125.7,ASK
1364,1712308882.8240974,26523045.7138473,119.8,-9.911691345794876e-07,125.7,ASK
1365,1712308882.8269804,26561949.50571756,119.8,-4.6195164788488696e-06,125.7,ASK
1366,1712308883.0140505,26565219.16264772,119.8,-3.882458069749486e-07,125.7,ASK
1367,1712308884.3041625,26565260.86406556,119.9,4.951712356223896e-09,125.7,BID
1368,1712308889.1890652,26569926.61898308,119.8,-5.540213611983814e-07,125.7,ASK
1369,1712308889.2354364,26570761.34352398,119.8,-9.911691345790453e-08,125.7,ASK
1370,1712308889.238209,26591700.10307815,119.8,-2.4863114919417305e-06,125.7,ASK
1371,1712308889.256414,26601419.75527096,119.8,-1.1541315464341024e-06,125.7,ASK
1372,1712308890.6153896,26601419.75527096,119.8,-0.0,125.7,ASK
1373,1712308891.7884133,26602419.75527096,119.8,-1.1855399183117689e-07,125.7,ASK
1374,1712308899.774536,26602837.46621498,119.7,-4.9521299845052296e-08,125.7,ASK
1375,1712308899.7783515,26603672.88810303,119.7,-9.904259969142956e-08,125.7,ASK
1376,1712308899.7820718,26608900.26803704,119.7,-6.197267579949803e-07,125.7,ASK
1377,1712308899.7841623,26608973.26803704,119.8,-8.65444140367591e-09,125.7,ASK
1378,1712308913.3642666,26610835.48710052,119.7,-2.2077350363960494e-07,125.7,ASK
1379,1712308913.3688486,26611670.90898857,119.7,-9.904259969142956e-08,125.7,ASK
1380,1712308913.3756227,26612921.53555498,119.7,-1.482667717380316e-07,125.7,ASK
1381,1712308916.44352,26617098.64499524,119.7,-4.952129984584726e-07,125.7,ASK
1382,1712308918.604316,26617934.76539657,119.6,-9.91254112291918e-08,125.7,ASK
1383,1712308918.60825,26745150.30478405,119.6,-1.5081910017341994e-05,125.7,ASK
1384,1712308918.6141975,26745986.42518538,119.6,-9.91254112291918e-08,125.7,ASK
1385,1712308918.6171558,26765042.83411513,119.6,-2.2592133485891856e-06,125.7,ASK
1386,1712308918.7043042,26786201.74135512,119.6,2.508472916086661e-06,125.7,BID
1387,1712308918.771581,26793749.16491559,119.6,8.947771911344329e-07,125.7,BID
1388,1712308918.9241197,26797122.41618286,119.6,3.999124031843461e-07,125.7,BID
1389,1712308919.6973565,26799371.25036102,119.6,2.666082687873558e-07,125.7,BID
1390,1712308919.7739968,26802744.50162829,119.6,3.999124031843461e-07,125.7,BID
1391,1712308920.4230168,26802744.50162829,119.6,0.0,125.7,BID
1392,1712308920.883783,26804175.50162829,119.7,1.6916782306817513e-07,125.7,BID
1393,1712308920.9954407,26810123.46855139,119.7,7.031478798477788e-07,125.7,BID
1394,1712308920.9972131,26814791.96432444,119.7,5.518932682949014e-07,125.7,BID
1395,1712308921.4922433,26817873.09321606,119.5,-3.642402985240723e-07,125.7,ASK
1396,1712308921.4948244,26823178.07469602,119.5,-6.271363860107827e-07,125.7,ASK
1397,1712308921.496533,26826095.19416152,119.5,-3.4485167687522936e-07,125.7,ASK
1398,1712308925.7726996,26842170.55416152,119.7,1.9003729253928155e-06,125.7,BID
1399,1712308945.4041054,26842432.55416152,119.7,3.097272511800271e-08,125.7,BID
1400,1712308945.4640465,26843432.55416152,119.7,1.1821650808397984e-07,125.7,BID
1401,1712308950.334148,26843432.55416152,119.7,0.0,125.7,BID
1402,1712308951.413227,26858137.66005166,119.5,-1.7373864213585167e-06,125.7,ASK
1403,1712308951.4932663,26876300.76406332,119.5,2.145943763706158e-06,125.7,BID
1404,1712308953.4943652,26877609.09757425,119.7,1.5457766122027837e-07,125.7,BID
1405,1712308955.9866798,26879001.09757425,119.6,-1.6446273264530984e-07,125.7,ASK
1406,1712308960.6650903,26880544.79746134,119.6,1.823858490050173e-07,125.7,BID
1407,1712308960.6682622,26904831.39176017,119.6,2.869425046719779e-06,125.7,BID
1408,1712308965.14898,26905666.81364823,119.6,9.870385533203625e-08,125.7,BID
1409,1712308979.4240644,26905708.54987527,119.8,4.931073239353271e-09,125.7,BID
1410,1712308980.4640183,26905708.54987527,119.8,0.0,125.7,BID
1411,1712308989.7064266,26906708.54987527,119.6,-1.1804468002139937e-07,125.7,ASK
1412,1712308989.7088823,26907002.80615667,119.4,-3.4735388581941715e-08,125.7,ASK
1413,1712308989.7112167,26911785.9783698,119.4,-5.64628033386144e-07,125.7,ASK
1414,1712308989.713488,26913845.24637649,119.4,-2.4308563292800784e-07,125.7,ASK
1415,1712309010.474052,26913845.24637649,119.4,-0.0,125.7,ASK
1416,1712309013.594283,26913931.06904252,119.8,1.012974720167515e-08,125.7,BID
1417,1712309013.6041057,26921933.94448358,119.8,9.445885201903778e-07,125.7,BID
1418,1712309019.065034,26924857.65283844,119.6,-3.4508863329507906e-07,125.7,ASK
1419,1712309038.675476,26929563.71898831,119.6,5.554623576444085e-07,125.7,BID
1420,1712309040.324327,26929563.71898831,119.6,0.0,125.7,BID
1421,1712309042.5242293,26933191.92691711,119.6,-4.281464386418323e-07,125.7,ASK
1422,1712309070.3601625,26933191.92691711,119.6,-0.0,125.7,ASK
1423,1712309078.734465,26933291.92691711,119.6,-1.1799889211562252e-08,125.7,ASK
1424,1712309078.7386408,26938923.89076008,119.6,-6.645654939056317e-07,125.7,ASK
1425,1712309079.4642518,26975483.51506951,119.6,-4.313995164676329e-06,125.7,ASK
1426,1712309079.6536994,26981392.51506951,119.6,6.972554535112136e-07,125.7,BID
1427,1712309079.7045617,26981728.04136683,119.6,3.959173135937926e-08,125.7,BID
1428,1712309087.436471,26985590.04880199,119.6,-4.5571259869092853e-07,125.7,ASK
1429,1712309087.5341904,26989849.12974052,119.7,5.025668321776538e-07,125.7,BID
1430,1712309089.184677,26990685.9498242,119.5,-9.874384277407925e-08,125.7,ASK
1431,1712309089.188933,27015771.69983622,119.5,-2.9600907093080027e-06,125.7,ASK
1432,1712309089.1930604,27030840.42983622,119.5,-1.7780934455894977e-06,125.7,ASK
1433,1712309089.1972115,27042537.9069604,119.7,-1.3802893412011544e-06,125.7,ASK
1434,1712309089.1996474,27054644.72105327,119.6,-1.4285906500081206e-06,125.7,ASK
1435,1712309089.2900696,27075937.25856327,119.5,2.512495836510356e-06,125.7,BID
1436,1712309089.2942815,27144810.13095557,119.5,8.126922639112105e-06,125.7,BID
1437,1712309089.306396,27172713.40520457,119.5,3.292555447780655e-06,125.7,BID
1438,1712309089.3082724,27209223.60309168,119.5,4.308162901600854e-06,125.7,BID
1439,1712309089.326089,27209386.43841368,119.5,1.9214387593300843e-08,125.7,BID
1440,1712309089.3841417,27210642.27286568,119.5,1.4818707401657273e-07,125.7,BID
1441,1712309089.387708,27212289.23978868,119.5,1.943402722653299e-07,125.7,BID
1442,1712309089.4043937,27217346.85314095,119.5,5.96792772316914e-07,125.7,BID
1443,1712309089.8148868,27221424.26371295,119.5,4.811299301965088e-07,125.7,BID
1444,1712309090.184188,27223946.26371295,119.5,2.975932059156e-07,125.7,BID
1445,1712309090.3041513,27226193.26371295,119.5,2.651435105838039e-07,125.7,BID
1446,1712309092.1406102,27226290.26371295,119.5,1.1445892535215386e-08,125.7,BID
1447,1712309096.9554043,27231698.22654585,119.4,-6.381336228848555e-07,125.7,ASK
1448,1712309096.9574013,27236290.26371295,119.4,-5.418552982713699e-07,125.7,ASK
1449,1712309098.8655908,27244658.46454977,119.5,9.87438427745628e-07,125.7,BID
1450,1712309100.464048,27244658.46454977,119.5,0.0,125.7,BID
1451,1712309101.540097,27247152.55198977,119.5,2.940687343637952e-07,125.7,BID
1452,1712309116.240712,27248829.97430317,119.4,-1.9777873413069973e-07,125.7,ASK
1453,1712309117.0893178,27250482.55565675,119.4,-1.948498273499075e-07,125.7,ASK
1454,1712309117.0914052,27250553.44631045,119.4,-8.358457878145418e-09,125.7,ASK
1455,1712309130.4770975,27250553.44631045,119.4,-0.0,125.7,ASK
1456,1712309135.518564,27250720.81032718,119.5,1.9731641408394698e-08,125.7,BID
1457,1712309137.255834,27250804.49233554,119.5,9.865820703538552e-09,125.7,BID
1458,1712309148.1241794,27259652.96788196,119.4,-1.0432048053328789e-06,125.7,ASK
1459,1712309148.1262484,27271198.1940126,119.4,-1.3611424154315324e-06,125.7,ASK
1460,1712309148.12824,27272066.1529183,119.3,-1.0232936696363532e-07,125.7,ASK
1461,1712309148.1302283,27273740.35769196,119.4,-1.9738297922933842e-07,125.7,ASK
1462,1712309148.1322186,27456810.33330141,119.3,-2.1583319891213267e-05,125.7,ASK
1463,1712309153.2043629,27461622.72818306,119.5,5.67364789489513e-07,125.7,BID
1464,1712309154.104637,27467593.38076559,119.5,7.039193850277053e-07,125.7,BID
1465,1712309154.1572163,27482645.29076559,119.5,1.7745683715871032e-06,125.7,BID
1466,1712309155.2753866,27492578.23756473,119.5,1.1710602326489978e-06,125.7,BID
1467,1712309156.9241576,27492680.04956473,119.5,1.2003284303867496e-08,125.7,BID
1468,1712309156.9840262,27503258.9544227,119.5,1.2472164640224334e-06,125.7,BID
1469,1712309157.6081738,27509353.45801238,119.5,7.185209924034573e-07,125.7,BID
1470,1712309157.6848764,27512646.57635586,119.5,3.882473158710584e-07,125.7,BID
1471,1712309157.7147727,27533596.4324454,119.5,2.4699159113892176e-06,125.7,BID
1472,1712309157.804589,27539321.11316935,119.5,6.74920149679104e-07,125.7,BID
1473,1712309157.8067043,27556138.36055424,119.5,1.982695571949543e-06,125.7,BID
1474,1712309157.9074826,27560858.0284054,119.5,5.564325918150634e-07,125.7,BID
1475,1712309157.9864824,27574946.73347343,119.5,1.6610098260183437e-06,125.7,BID
1476,1712309158.01257,27574990.57135597,119.5,5.168335435716169e-09,125.7,BID
1477,1712309158.0161874,27583399.95651424,119.5,9.91437560174148e-07,125.7,BID
1478,1712309158.1845024,27590112.90102815,119.4,-7.91433048337578e-07,125.7,ASK
1479,1712309158.188112,27599123.95663937,119.4,-1.062372435278223e-06,125.7,ASK
1480,1712309158.1916142,27613727.69390803,119.4,-1.721730349432423e-06,125.7,ASK
1481,1712309158.195125,27618411.5631692,119.4,-5.522120612948267e-07,125.7,ASK
1482,1712309158.198429,27619714.29872309,119.4,-1.5358803703157973e-07,125.7,ASK
1483,1712309158.2005644,27624025.09414932,119.4,-5.082279404920429e-07,125.7,ASK
1484,1712309160.3245602,27624025.09414932,119.4,-0.0,125.7,ASK
1485,1712309160.5946038,27641551.40993879,119.7,-2.0554867169482006e-06,125.7,ASK
1486,1712309160.6019115,27656964.42102561,119.5,-1.807638293050388e-06,125.7,ASK
1487,1712309161.624102,27689901.77451977,119.5,-3.862893571697182e-06,125.7,ASK
1488,1712309164.3942037,27697025.39513108,119.6,8.354583883467792e-07,125.7,BID
1489,1712309165.2990494,27707428.09030924,119.6,-1.2200283286014212e-06,125.7,ASK
1490,1712309165.344335,27715761.12830924,120.0,9.772988873745171e-07,125.7,BID
1491,1712309173.204452,27717480.12830924,119.6,-2.016043593461403e-07,125.7,ASK
1492,1712309173.2143905,27717496.92934149,119.6,-1.9704254471444e-09,125.7,ASK
1493,1712309173.4543986,27719513.82169572,119.6,-2.365411814684028e-07,125.7,ASK
1494,1712309173.8544767,27722022.18289973,119.6,-2.9418065942004005e-07,125.7,ASK
1495,1712309175.8642328,27725039.18289973,119.6,-3.53833829056024e-07,125.7,ASK
1496,1712309178.7055438,27730060.22438794,119.7,-5.888678606639271e-07,125.7,ASK
1497,1712309180.6656954,27735162.67146035,119.7,-5.984151094418988e-07,125.7,ASK
1498,1712309185.3897665,27736136.16014421,119.8,1.1417077512534241e-07,125.7,BID
1499,1712309185.3923466,27738460.16014421,119.8,-2.7255877319396736e-07,125.7,ASK
1500,1712309185.4745247,27741447.31375707,119.8,-3.503334440890385e-07,125.7,ASK
1501,1712309189.122655,27743795.31375707,119.6,-2.753734937433027e-07,125.7,ASK
1502,1712309189.124938,27744810.49435126,119.6,-1.1906040332315388e-07,125.7,ASK
1503,1712309190.3119612,27744810.49435126,119.6,-0.0,125.7,ASK
1504,1712309191.4851005,27746488.07276788,119.6,-1.964136092900271e-07,125.7,ASK
1505,1712309192.0863242,27753210.49435126,119.6,-7.870720517623787e-07,125.7,ASK
1506,1712309193.917914,27755385.34300209,119.6,2.546348170295848e-07,125.7,BID
1507,1712309205.3363807,27763649.805812,119.7,-9.676167464107348e-07,125.7,ASK
1508,1712309210.6482067,27776090.09237552,119.7,-1.4565289826909797e-06,125.7,ASK
