,time,acc_trade_volume,trade_price,dev,high,ask_bid
0,1712300395.496706,1768151.58282223,1430.0,0.0,1446.0,BID
1,1712300400.2534745,1768151.58282223,1430.0,0.0,1446.0,BID
2,1712300430.174609,1768151.58282223,1430.0,0.0,1446.0,BID
3,1712300460.2625165,1768151.58282223,1430.0,0.0,1446.0,BID
4,1712300490.2441409,1768151.58282223,1430.0,0.0,1446.0,BID
5,1712300495.4426525,1768221.56182852,1429.0,8.703866005205826e-09,1446.0,BID
6,1712300495.4526024,1768850.88352153,1430.0,7.827392786105922e-08,1446.0,BID
7,1712300495.6124856,1769201.09384033,1427.0,-4.355854491336231e-08,1446.0,ASK
8,1712300495.7128146,1769260.56084312,1427.0,7.396401456063345e-09,1446.0,BID
9,1712300495.7143407,1769264.47502708,1427.0,4.86839332426674e-10,1446.0,BID
10,1712300497.4526136,1770972.71418142,1427.0,2.124677884480407e-07,1446.0,BID
11,1712300513.7426045,1770983.2036919,1430.0,1.3046669068222919e-09,1446.0,BID
12,1712300515.722599,1770993.69320238,1430.0,1.3046669068222919e-09,1446.0,BID
13,1712300520.1740556,1770993.69320238,1430.0,0.0,1446.0,BID
14,1712300550.164198,1770993.69320238,1430.0,0.0,1446.0,BID
15,1712300580.0328326,1771000.70091085,1428.0,-8.711668048014222e-10,1446.0,ASK
16,1712300580.2429428,1771000.70091085,1428.0,-0.0,1446.0,ASK
17,1712300593.502974,1771070.69390595,1429.0,8.7012035827218e-09,1446.0,BID
18,1712300607.9130328,1771077.69180658,1429.0,8.699464560014949e-10,1446.0,BID
19,1712300610.2543666,1771077.69180658,1429.0,0.0,1446.0,BID
20,1712300616.843061,1771084.68970721,1429.0,8.69934557784641e-10,1446.0,BID
21,1712300640.1837142,1771084.68970721,1429.0,0.0,1446.0,BID
22,1712300669.923099,1771091.69741568,1427.0,8.711527231650421e-10,1446.0,BID
23,1712300670.0232203,1771141.69741568,1426.0,-6.215674688169675e-09,1446.0,ASK
24,1712300670.0245254,1771152.45304768,1426.0,-1.337070191558824e-09,1446.0,ASK
25,1712300670.1841896,1771152.45304768,1426.0,-0.0,1446.0,ASK
26,1712300670.613065,1771156.30189302,1427.0,4.784576633011839e-10,1446.0,BID
27,1712300700.244602,1771156.30189302,1427.0,0.0,1446.0,BID
28,1712300711.1236749,1771156.30189374,1426.0,-8.979460142143101e-17,1446.0,ASK
29,1712300712.7534752,1771656.30189374,1425.0,-6.236495414980619e-08,1446.0,ASK
30,1712300721.8557262,1776091.10440374,1425.0,-5.531525103991991e-07,1446.0,ASK
31,1712300722.3031669,1779786.34026074,1425.0,-4.60906429589034e-07,1446.0,ASK
32,1712300723.3131895,1780460.6632081,1425.0,-8.41082393885508e-08,1446.0,ASK
33,1712300723.5348015,1785455.3435561,1425.0,-6.229860217919189e-07,1446.0,ASK
34,1712300723.553406,1788723.7280321,1425.0,-4.076652959793538e-07,1446.0,ASK
35,1712300724.193393,1789196.09392683,1425.0,-5.8918154733533545e-08,1446.0,ASK
36,1712300725.9989686,1789453.48425139,1425.0,-3.210427157957552e-08,1446.0,ASK
37,1712300727.5134203,1789679.6333109,1425.0,-2.8207551454737267e-08,1446.0,ASK
38,1712300727.533266,1791679.6333109,1425.0,-2.494598165992247e-07,1446.0,ASK
39,1712300727.5432358,1793389.6333109,1425.0,-2.132881431923372e-07,1446.0,ASK
40,1712300727.8331966,1793589.16299511,1425.0,-2.4887319214559334e-08,1446.0,ASK
41,1712300728.733543,1793795.48931089,1425.0,-2.5735062447028466e-08,1446.0,ASK
42,1712300729.6333268,1793909.22535285,1425.0,-1.4186286084040848e-08,1446.0,ASK
43,1712300730.2433825,1793909.22535285,1425.0,-0.0,1446.0,ASK
44,1712300730.5231807,1794012.63124758,1425.0,-1.284585773985717e-08,1446.0,ASK
45,1712300731.4431813,1794146.62198442,1425.0,-1.6645336790520212e-08,1446.0,ASK
46,1712300732.3635285,1794330.13103705,1425.0,-2.2796874300189183e-08,1446.0,ASK
47,1712300732.603342,1794668.53448,1425.0,-4.203902009806739e-08,1446.0,ASK
48,1712300735.7732606,1794891.43582752,1425.0,-2.7690481357387013e-08,1446.0,ASK
49,1712300736.1559289,1795148.61572752,1425.0,-3.1948820882774494e-08,1446.0,ASK
50,1712300737.7933526,1795648.61572752,1425.0,-6.211375943991247e-08,1446.0,ASK
51,1712300738.22334,1795830.30088322,1425.0,-2.2570296109900826e-08,1446.0,ASK
52,1712300739.363202,1796053.30779599,1425.0,-2.7703595466464493e-08,1446.0,ASK
53,1712300739.5832822,1796219.49523082,1425.0,-2.0645052697934043e-08,1446.0,ASK
54,1712300739.7633004,1796330.70457958,1425.0,-1.3815261472705825e-08,1446.0,ASK
55,1712300740.6632607,1796442.00327154,1425.0,-1.3826360356738214e-08,1446.0,ASK
56,1712300740.703308,1796551.94217688,1425.0,-1.3657437438771234e-08,1446.0,ASK
57,1712300741.5132709,1796719.89433793,1425.0,-2.086428025773833e-08,1446.0,ASK
58,1712300741.5330987,1796888.18690291,1425.0,-2.090656779338553e-08,1446.0,ASK
59,1712300741.573479,1797054.05004752,1425.0,-2.060476692851549e-08,1446.0,ASK
60,1712300741.913331,1797199.12307279,1425.0,-1.8022061985669765e-08,1446.0,ASK
61,1712300742.3143568,1797419.33977202,1425.0,-2.7356974161249923e-08,1446.0,ASK
62,1712300742.75328,1797595.53082555,1425.0,-2.1887777428850408e-08,1446.0,ASK
63,1712300743.1951275,1797719.46556239,1425.0,-1.5396104860652424e-08,1446.0,ASK
64,1712300745.623204,1798129.89930705,1425.0,-5.0987165763681446e-08,1446.0,ASK
65,1712300745.6832097,1798541.090049,1425.0,-5.1081205658796354e-08,1446.0,ASK
66,1712300745.8031523,1798611.372144,1425.0,-8.73097028351559e-09,1446.0,ASK
67,1712300748.3736775,1798767.48135512,1425.0,-1.9393059971731334e-08,1446.0,ASK
68,1712300748.3933165,1798878.63560114,1425.0,-1.3808416196038509e-08,1446.0,ASK
69,1712300749.6832714,1798988.50510184,1425.0,-1.3648815472516091e-08,1446.0,ASK
70,1712300750.4258928,1799147.03732115,1425.0,-1.969406426740081e-08,1446.0,ASK
71,1712300750.8773155,1799258.22450225,1425.0,-1.3812507639296813e-08,1446.0,ASK
72,1712300751.7233884,1806278.00740225,1425.0,-8.720502127420212e-07,1446.0,ASK
73,1712300752.1033492,1806365.60548225,1425.0,-1.0882092137025088e-08,1446.0,ASK
74,1712300756.2833097,1812400.83738225,1425.0,-7.497418848013735e-07,1446.0,ASK
75,1712300757.2000363,1831775.40197925,1425.0,-2.406854089262193e-06,1446.0,ASK
76,1712300757.2008317,1836554.89654125,1425.0,-5.937447509368802e-07,1446.0,ASK
77,1712300757.2178805,1838400.25624825,1425.0,-2.292444578414066e-07,1446.0,ASK
78,1712300757.3454742,1840505.51940614,1425.0,-2.61531618693802e-07,1446.0,ASK
79,1712300757.3517256,1841903.11940614,1425.0,-1.73620380386426e-07,1446.0,ASK
80,1712300757.4896896,1842753.11940614,1425.0,-1.0559339104785121e-07,1446.0,ASK
81,1712300757.510435,1843963.11940614,1425.0,-1.503152978445882e-07,1446.0,ASK
82,1712300757.5284264,1845103.11940614,1425.0,-1.4161937152300048e-07,1446.0,ASK
83,1712300757.5821972,1845244.11940614,1425.0,-1.7516080162055318e-08,1446.0,ASK
84,1712300757.5859702,1846956.40010798,1425.0,-2.1271238321539642e-07,1446.0,ASK
85,1712300757.770761,1847429.94864838,1425.0,-5.8827760243068014e-08,1446.0,ASK
86,1712300757.8032458,1847779.93291547,1425.0,-4.3477677147562384e-08,1446.0,ASK
87,1712300759.4745536,1847975.66607167,1425.0,-2.4315444357218363e-08,1446.0,ASK
88,1712300759.5133183,1849364.50291378,1425.0,-1.725317550242349e-07,1446.0,ASK
89,1712300759.584013,1849475.67936268,1425.0,-1.3811174404719097e-08,1446.0,ASK
90,1712300759.6332695,1849585.60185158,1425.0,-1.3655398065129864e-08,1446.0,ASK
91,1712300760.0147586,1849985.60185158,1425.0,-4.969100755193e-08,1446.0,ASK
92,1712300760.1787329,1849985.60185158,1425.0,-0.0,1446.0,ASK
93,1712300761.1947565,1850229.34046479,1425.0,-2.9981421307772e-08,1446.0,ASK
94,1712300762.2299674,1850579.83089702,1425.0,-4.3112583495263684e-08,1446.0,ASK
95,1712300762.2452033,1850993.47746898,1425.0,-5.0881195979274024e-08,1446.0,ASK
96,1712300762.687394,1851493.47746898,1425.0,-6.150322452591967e-08,1446.0,ASK
97,1712300763.3438933,1851993.47746898,1425.0,-6.150322452591967e-08,1446.0,ASK
98,1712300763.856528,1852493.47746898,1425.0,-6.150322452591967e-08,1446.0,ASK
99,1712300764.4135082,1852993.47746898,1425.0,-6.150322452591967e-08,1446.0,ASK
100,1712300765.013685,1853493.47746898,1425.0,-6.150322452591967e-08,1446.0,ASK
101,1712300765.4405527,1853622.72176636,1425.0,-1.5897882080925243e-08,1446.0,ASK
102,1712300765.4931924,1854122.72176636,1425.0,-6.150322452591967e-08,1446.0,ASK
103,1712300767.5433702,1854248.15036636,1425.0,-1.5428526695541657e-08,1446.0,ASK
104,1712300769.5533338,1854462.45045106,1425.0,-2.636029245044025e-08,1446.0,ASK
105,1712300769.6732795,1854675.84787639,1425.0,-2.6249259526649712e-08,1446.0,ASK
106,1712300769.8133817,1854806.55251386,1425.0,-1.6077513329787355e-08,1446.0,ASK
107,1712300769.9133966,1854936.53006438,1425.0,-1.5988076945933062e-08,1446.0,ASK
108,1712300770.4534478,1855492.41056438,1425.0,-6.837688640215732e-08,1446.0,ASK
109,1712300771.9333756,1855574.51056438,1425.0,-1.0098829467167466e-08,1446.0,ASK
110,1712300773.463317,1855718.12505976,1425.0,-1.766550910904717e-08,1446.0,ASK
111,1712300773.4656034,1856184.06505976,1425.0,-5.7313624871207154e-08,1446.0,ASK
112,1712300773.5072274,1856600.54464548,1425.0,-5.122967494202616e-08,1446.0,ASK
113,1712300774.1833942,1857074.54464547,1425.0,-5.8305056849340354e-08,1446.0,ASK
114,1712300775.0435376,1857484.54464547,1425.0,-5.0432644111254136e-08,1446.0,ASK
115,1712300775.1257875,1857649.54464546,1425.0,-2.0296064092321988e-08,1446.0,ASK
116,1712300776.7135282,1857872.14202939,1425.0,-2.7380913765443777e-08,1446.0,ASK
117,1712300776.8533356,1858550.14202938,1425.0,-8.339837245591559e-08,1446.0,ASK
118,1712300777.8586977,1858760.14202938,1425.0,-2.583135430088626e-08,1446.0,ASK
119,1712300778.1834507,1859145.14202938,1425.0,-4.735748288495815e-08,1446.0,ASK
120,1712300779.2033255,1859230.17574171,1425.0,-1.0459695003414009e-08,1446.0,ASK
121,1712300779.6633532,1859615.17574171,1425.0,-4.735748288495815e-08,1446.0,ASK
122,1712300779.923461,1859978.38399255,1425.0,-4.467695720215343e-08,1446.0,ASK
123,1712300779.9834328,1860249.76817969,1425.0,-3.338200518891572e-08,1446.0,ASK
124,1712300780.3781314,1860336.54745111,1425.0,-1.0674410028691213e-08,1446.0,ASK
125,1712300781.1934206,1860945.16325111,1425.0,-7.486366839481934e-08,1446.0,ASK
126,1712300782.6735094,1861848.26325111,1425.0,-1.1108712413872757e-07,1446.0,ASK
127,1712300782.675463,1862017.73325111,1425.0,-2.0845902920811785e-08,1446.0,ASK
128,1712300782.8734095,1862173.73325111,1425.0,-1.9189006052086937e-08,1446.0,ASK
129,1712300783.7562132,1862263.73325111,1425.0,-1.107058041466554e-08,1446.0,ASK
130,1712300784.1833627,1862648.73325111,1425.0,-4.735748288495815e-08,1446.0,ASK
131,1712300784.6235464,1862972.73325111,1425.0,-3.9854089492795946e-08,1446.0,ASK
132,1712300785.5321343,1863122.77224417,1425.0,-1.845576375563932e-08,1446.0,ASK
133,1712300785.6833558,1863892.77224417,1425.0,-9.471496576991629e-08,1446.0,ASK
134,1712300786.4434817,1863997.79953931,1425.0,-1.2919034628672582e-08,1446.0,ASK
135,1712300786.9933774,1864127.79953931,1425.0,-1.5990838376739114e-08,1446.0,ASK
136,1712300787.1934276,1864512.79953931,1425.0,-4.735748288495815e-08,1446.0,ASK
137,1712300787.436131,1864596.79953931,1425.0,-1.0332541720354505e-08,1446.0,ASK
138,1712300787.473483,1864766.79953931,1425.0,-2.0911096338812688e-08,1446.0,ASK
139,1712300787.7133963,1865266.79953931,1425.0,-6.150322452591967e-08,1446.0,ASK
140,1712300787.8211858,1865986.01726756,1425.0,-8.846841884715852e-08,1446.0,ASK
141,1712300788.7132945,1866781.51726756,1425.0,-9.78516302207382e-08,1446.0,ASK
142,1712300790.1105945,1868683.11346756,1425.0,-2.339085960924749e-07,1446.0,ASK
143,1712300790.1814494,1868683.11346756,1425.0,-0.0,1446.0,ASK
144,1712300790.1871898,1871556.61346756,1425.0,-3.523043966094459e-07,1446.0,ASK
145,1712300790.423427,1871880.61346755,1425.0,-3.972389925106432e-08,1446.0,ASK
146,1712300790.6880338,1871998.64367818,1425.0,-1.4471049987019649e-08,1446.0,ASK
147,1712300791.407931,1872662.10194281,1425.0,-8.134305327859461e-08,1446.0,ASK
148,1712300791.713551,1873047.10194281,1425.0,-4.720278151892698e-08,1446.0,ASK
149,1712300792.6195197,1873218.10194281,1425.0,-2.096539127204289e-08,1446.0,ASK
150,1712300793.220333,1873499.13934281,1425.0,-3.445648569051614e-08,1446.0,ASK
151,1712300794.033646,1873862.05071268,1425.0,-4.449461325378132e-08,1446.0,ASK
152,1712300794.4667184,1874294.05071267,1425.0,-5.2965199001828247e-08,1446.0,ASK
153,1712300794.6437423,1874425.54071267,1425.0,-1.6121282446553946e-08,1446.0,ASK
154,1712300794.7035153,1874507.64071267,1425.0,-1.0065839903138445e-08,1446.0,ASK
155,1712300795.0636091,1874879.76322505,1425.0,-4.5623941948421656e-08,1446.0,ASK
156,1712300795.1259315,1875649.21402505,1425.0,-9.433822857652772e-08,1446.0,ASK
157,1712300795.6635182,1875871.21402505,1425.0,-2.721822726545919e-08,1446.0,ASK
158,1712300795.8634758,1876212.65030278,1425.0,-4.186166758527872e-08,1446.0,ASK
159,1712300796.085647,1876652.33580278,1425.0,-5.390747686632645e-08,1446.0,ASK
160,1712300796.203502,1877532.33580278,1425.0,-1.0789207204326169e-07,1446.0,ASK
161,1712300796.80346,1877913.53810558,1425.0,-4.673716626904276e-08,1446.0,ASK
162,1712300796.8242328,1878119.2767156,1425.0,-2.5224505607214048e-08,1446.0,ASK
163,1712300796.833412,1878293.99988817,1425.0,-2.1421869457456683e-08,1446.0,ASK
164,1712300796.9032671,1878467.36763352,1425.0,-2.1255687808258328e-08,1446.0,ASK
165,1712300796.983299,1878678.39297079,1425.0,-2.587268283146357e-08,1446.0,ASK
166,1712300797.4364066,1878915.39297079,1425.0,-2.9057296675287523e-08,1446.0,ASK
167,1712300797.5934591,1879453.69395998,1425.0,-6.599819216665806e-08,1446.0,ASK
168,1712300797.7133043,1880333.69395998,1425.0,-1.0789207204326169e-07,1446.0,ASK
169,1712300797.8934586,1880586.73044239,1425.0,-3.1023443624724457e-08,1446.0,ASK
170,1712300798.373312,1881432.73044239,1425.0,-1.0372351471431746e-07,1446.0,ASK
171,1712300798.4537146,1881653.34083873,1425.0,-2.7047855426602683e-08,1446.0,ASK
172,1712300799.213513,1882533.34083873,1425.0,-1.0789207204326169e-07,1446.0,ASK
173,1712300800.043547,1882644.4107141,1425.0,-1.3617680676428973e-08,1446.0,ASK
174,1712300800.7235794,1882969.1463141,1425.0,-3.981408721612301e-08,1446.0,ASK
175,1712300801.7367563,1883200.33423534,1425.0,-2.8344708924951577e-08,1446.0,ASK
176,1712300802.2307773,1883545.93423534,1425.0,-4.2372159202456e-08,1446.0,ASK
177,1712300803.4332836,1883656.04482038,1425.0,-1.3500067243017809e-08,1446.0,ASK
178,1712300803.5566072,1883744.65144061,1425.0,-1.0863581651552893e-08,1446.0,ASK
179,1712300803.716624,1884512.14144061,1425.0,-9.409782542327488e-08,1446.0,ASK
180,1712300804.573477,1884710.52315401,1425.0,-2.432251603890049e-08,1446.0,ASK
181,1712300804.633412,1884992.92482122,1425.0,-3.462375116336694e-08,1446.0,ASK
182,1712300804.7356374,1885187.7490076,1425.0,-2.3886346764384065e-08,1446.0,ASK
183,1712300804.773355,1885412.93609703,1425.0,-2.7608979177286503e-08,1446.0,ASK
184,1712300804.7935054,1885483.40495003,1425.0,-8.6398074598479e-09,1446.0,ASK
185,1712300804.8033917,1886416.27893142,1425.0,-1.1437466682662529e-07,1446.0,ASK
186,1712300804.8342764,1887119.10188886,1425.0,-8.616934677020427e-08,1446.0,ASK
187,1712300804.921702,1887659.84097657,1425.0,-6.62971143270531e-08,1446.0,ASK
188,1712300805.0228362,1893634.94097657,1425.0,-7.325749087109974e-07,1446.0,ASK
189,1712300805.2034764,1893746.2939481,1425.0,-1.3652389575627074e-08,1446.0,ASK
190,1712300805.223434,1893908.6617481,1425.0,-1.9907043608090053e-08,1446.0,ASK
191,1712300805.5035212,1894019.69404515,1425.0,-1.3613073400493962e-08,1446.0,ASK
192,1712300805.5235991,1895397.24047121,1425.0,-1.6889356618570304e-07,1446.0,ASK
193,1712300805.6433527,1895749.4331505,1425.0,-4.318045218984301e-08,1446.0,ASK
194,1712300805.8036404,1895975.11029978,1425.0,-2.7669062782537405e-08,1446.0,ASK
195,1712300806.223757,1896107.85341651,1425.0,-1.6274920356214415e-08,1446.0,ASK
196,1712300806.7036762,1896229.62921651,1425.0,-1.4930276575846585e-08,1446.0,ASK
197,1712300808.0441463,1896300.10530251,1425.0,-8.640694259132964e-09,1446.0,ASK
198,1712300808.2736256,1896501.69030251,1425.0,-2.4715253798678293e-08,1446.0,ASK
199,1712300811.0836442,1897357.89019023,1424.0,-1.049740681469454e-07,1446.0,ASK
200,1712300811.0861862,1897357.89020251,1425.0,-1.505579160109868e-15,1446.0,ASK
201,1712300811.088656,1897557.89020251,1424.0,-2.452092546437765e-08,1446.0,ASK
202,1712300811.2444134,1897670.68416971,1424.0,-1.3829062312710528e-08,1446.0,ASK
203,1712300812.3325498,1897805.53906496,1424.0,-1.6533834174679774e-08,1446.0,ASK
204,1712300812.587066,1898242.63906496,1424.0,-5.359048260238023e-08,1446.0,ASK
205,1712300812.744574,1898524.84065909,1424.0,-3.45992212779681e-08,1446.0,ASK
206,1712300813.8134449,1898948.62164471,1424.0,-5.1957509808026994e-08,1446.0,ASK
207,1712300813.9735253,1899083.46441546,1424.0,-1.6532347654846704e-08,1446.0,ASK
208,1712300815.16705,1899201.35231546,1424.0,-1.4453602045285198e-08,1446.0,ASK
209,1712300816.4166925,1899419.73660665,1424.0,-2.6774924634299225e-08,1446.0,ASK
210,1712300816.7866104,1899621.1668465,1424.0,-2.4696279488162506e-08,1446.0,ASK
211,1712300816.8837264,1899787.55347616,1424.0,-2.039977072079896e-08,1446.0,ASK
212,1712300816.9851904,1900011.51931874,1424.0,-2.7459248662348333e-08,1446.0,ASK
213,1712300817.02351,1900235.84936623,1424.0,-2.750390186962217e-08,1446.0,ASK
214,1712300817.5251458,1900357.08121393,1424.0,-1.4863585506798052e-08,1446.0,ASK
215,1712300817.7833717,1900480.51938315,1424.0,-1.5134090734513882e-08,1446.0,ASK
216,1712300818.3677652,1900607.5523309,1424.0,-1.5574827216497452e-08,1446.0,ASK
217,1712300818.7236052,1900718.16366907,1424.0,-1.356146189390973e-08,1446.0,ASK
218,1712300819.0872817,1901000.13761242,1424.0,-3.4571310238898375e-08,1446.0,ASK
219,1712300819.1934285,1901224.60875818,1424.0,-2.7521201170426364e-08,1446.0,ASK
220,1712300820.2334468,1901224.60875818,1424.0,-0.0,1446.0,ASK
221,1712300820.4786246,1901368.66197092,1424.0,-1.7561755439798035e-08,1446.0,ASK
222,1712300821.0933702,1901496.29362417,1424.0,-1.5559777099859576e-08,1446.0,ASK
223,1712300821.1333923,1901881.29362417,1424.0,-4.693596009223291e-08,1446.0,ASK
224,1712300821.2577577,1903091.29362417,1424.0,-1.47513017432732e-07,1446.0,ASK
225,1712300821.413761,1904088.45187896,1424.0,-1.2156514299342777e-07,1446.0,ASK
226,1712300821.458501,1905278.45187896,1424.0,-1.45074785739629e-07,1446.0,ASK
227,1712300821.7034214,1906138.45187896,1424.0,-1.0484396280342945e-07,1446.0,ASK
228,1712300822.3434536,1906414.26553306,1424.0,-3.362487964086544e-08,1446.0,ASK
229,1712300823.1050663,1906846.56293306,1424.0,-5.2702061076306254e-08,1446.0,ASK
230,1712300823.4669452,1907578.56293306,1424.0,-8.92392799675701e-08,1446.0,ASK
231,1712300824.0270162,1907652.13563306,1424.0,-8.969364444346087e-09,1446.0,ASK
232,1712300824.273542,1907936.18112426,1424.0,-3.4628435946335325e-08,1446.0,ASK
233,1712300824.289748,1908160.81013574,1424.0,-2.7384878749063562e-08,1446.0,ASK
234,1712300824.4536428,1908341.23583175,1424.0,-2.19959825130879e-08,1446.0,ASK
235,1712300824.455839,1908520.36375604,1424.0,-2.1837769106184152e-08,1446.0,ASK
236,1712300824.5735047,1908626.76326144,1424.0,-1.29713323098219e-08,1446.0,ASK
237,1712300824.674131,1908847.03101649,1424.0,-2.6853191066575493e-08,1446.0,ASK
238,1712300824.998264,1908966.66745688,1424.0,-1.458506803044908e-08,1446.0,ASK
239,1712300825.633616,1909522.54795688,1424.0,-6.776827263389371e-08,1446.0,ASK
240,1712300826.8535752,1909656.19609179,1424.0,-1.6293255913087803e-08,1446.0,ASK
241,1712300827.1439586,1911551.69609179,1424.0,-2.310834087138376e-07,1446.0,ASK
242,1712300828.6437335,1913645.89609179,1424.0,-2.553072405848103e-07,1446.0,ASK
243,1712300828.6636434,1915632.9285139,1424.0,-2.422422713405885e-07,1446.0,ASK
244,1712300829.5654044,1917669.69767135,1424.0,-2.4830575556148706e-07,1446.0,ASK
245,1712300830.1535883,1920132.69767135,1424.0,-3.002682330056355e-07,1446.0,ASK
246,1712300831.5384846,1928854.06634519,1424.0,-1.0632358753896024e-06,1446.0,ASK
247,1712300833.5500977,1929135.93021495,1424.0,-3.4362471019497145e-08,1446.0,ASK
248,1712300833.563543,1929833.46013068,1424.0,-8.503697737098986e-08,1446.0,ASK
249,1712300834.2235408,1929986.67013067,1424.0,-1.8678073883818894e-08,1446.0,ASK
250,1712300835.73378,1930122.50819246,1424.0,-1.6560233369300948e-08,1446.0,ASK
251,1712300835.8739424,1930224.06139992,1424.0,-1.238051244824472e-08,1446.0,ASK
252,1712300836.79357,1930328.03794442,1424.0,-1.2675945306973442e-08,1446.0,ASK
253,1712300837.4135032,1930647.31308365,1424.0,-3.8923338164531696e-08,1446.0,ASK
254,1712300837.5734675,1930887.53381762,1424.0,-2.9285690345298466e-08,1446.0,ASK
255,1712300838.4247775,1930983.41386987,1424.0,-1.1688889106601324e-08,1446.0,ASK
256,1712300839.0474784,1931415.15837158,1424.0,-5.263465636963524e-08,1446.0,ASK
257,1712300839.12369,1931706.79761552,1424.0,-3.5554202376342145e-08,1446.0,ASK
258,1712300842.1229858,1931846.15333719,1424.0,-1.6989076859548136e-08,1446.0,ASK
259,1712300844.690446,1932003.16313423,1424.0,-1.9141313163547043e-08,1446.0,ASK
260,1712300845.2336464,1932010.18067808,1424.0,-8.555198911406201e-10,1446.0,ASK
261,1712300845.2366602,1933276.95463423,1424.0,-1.544344203940982e-07,1446.0,ASK
262,1712300850.2537186,1933276.95463423,1424.0,-0.0,1446.0,ASK
263,1712300852.314456,1933276.95470641,1424.0,-8.750892509140851e-15,1446.0,ASK
264,1712300852.3158624,1935056.95463423,1423.0,-2.158018141033837e-07,1446.0,ASK
265,1712300852.3537192,1937406.95463423,1423.0,-2.84906900959297e-07,1446.0,ASK
266,1712300856.213662,1937530.58513205,1423.0,-1.4988588084260032e-08,1446.0,ASK
267,1712300862.262767,1937686.2316065,1423.0,-1.8870108374791523e-08,1446.0,ASK
268,1712300862.658941,1938071.14772294,1423.0,-4.6666067176255255e-08,1446.0,ASK
269,1712300862.953611,1938367.34220299,1423.0,-3.5909723996736475e-08,1446.0,ASK
270,1712300875.4635694,1938416.67271744,1423.0,-5.98068255090943e-09,1446.0,ASK
271,1712300880.1535745,1938416.67271744,1423.0,-0.0,1446.0,ASK
272,1712300889.27375,1938526.57677454,1423.0,-1.3312631496186356e-08,1446.0,ASK
273,1712300894.1172855,1938539.60939452,1423.0,-1.578635691928763e-09,1446.0,ASK
274,1712300894.1211529,1938888.58107454,1423.0,-4.227079055403873e-08,1446.0,ASK
275,1712300896.7278893,1938958.89307244,1423.0,-8.51686227517805e-09,1446.0,ASK
276,1712300896.729625,1939099.54004853,1422.0,-1.7036508143068786e-08,1446.0,ASK
277,1712300896.7313323,1939104.04094853,1423.0,-5.451920946370323e-10,1446.0,ASK
278,1712300896.7330115,1939464.83736408,1423.0,-4.370311571840436e-08,1446.0,ASK
279,1712300896.803711,1940135.3033379,1422.0,8.121325705093048e-08,1446.0,BID
280,1712300910.1656587,1940135.3033379,1422.0,0.0,1446.0,BID
281,1712300914.7938185,1940189.65036214,1421.0,-6.581082928254689e-09,1446.0,ASK
282,1712300914.7963588,1940205.3033379,1421.0,-1.8954769463559208e-09,1446.0,ASK
283,1712300919.0338438,1940916.07040334,1421.0,-8.606942267291497e-08,1446.0,ASK
284,1712300919.0364146,1941141.1721979,1420.0,-2.7258411992427407e-08,1446.0,ASK
285,1712300919.0389552,1941351.60270748,1421.0,-2.548181162714649e-08,1446.0,ASK
286,1712300919.0414302,1943351.60270748,1420.0,-2.421874249888746e-07,1446.0,ASK
287,1712300922.3438764,1943846.98092024,1420.0,-5.998718687196398e-08,1446.0,ASK
288,1712300940.2357152,1943846.98092024,1420.0,-0.0,1446.0,ASK
289,1712300970.2540295,1943846.98092024,1420.0,-0.0,1446.0,ASK
290,1712300970.425388,1943912.42605638,1420.0,-7.919938772201496e-09,1446.0,ASK
291,1712300970.433874,1944264.9473756,1420.0,-4.266088251618594e-08,1446.0,ASK
292,1712301000.2008026,1944264.9473756,1420.0,-0.0,1446.0,ASK
293,1712301010.844114,1944375.09224278,1422.0,1.341098291621126e-08,1446.0,BID
294,1712301030.1739273,1944375.09224278,1422.0,0.0,1446.0,BID
295,1712301039.4968326,1944585.91444938,1423.0,2.5668732153087643e-08,1446.0,BID
296,1712301048.4141598,1944621.05148381,1423.0,-4.278122025098829e-09,1446.0,ASK
297,1712301060.2654102,1944621.05148381,1423.0,-0.0,1446.0,ASK
298,1712301090.2542317,1944621.05148381,1423.0,-0.0,1446.0,ASK
299,1712301100.6187887,1944831.11352047,1421.0,-2.5575087527476897e-08,1446.0,ASK
300,1712301108.504171,1945831.11352047,1424.0,1.2175016454242894e-07,1446.0,BID
301,1712301111.8343253,1945838.13599238,1424.0,8.54987110550446e-10,1446.0,BID
302,1712301116.314463,1945845.15846429,1424.0,8.54987110522099e-10,1446.0,BID
303,1712301117.4210029,1945886.62606609,1420.0,-5.0486873423426566e-09,1446.0,ASK
304,1712301117.424822,1945891.90775623,1420.0,-6.430466436097982e-10,1446.0,ASK
305,1712301117.4281564,1945957.22150643,1420.0,-7.951959833729882e-09,1446.0,ASK
306,1712301120.155724,1945957.22150643,1420.0,-0.0,1446.0,ASK
307,1712301121.934361,1945964.24397834,1424.0,8.547892067484061e-10,1446.0,BID
308,1712301127.9043298,1945971.26645025,1424.0,8.54789206776746e-10,1446.0,BID
309,1712301134.2443428,1945978.28892216,1424.0,8.547892067484061e-10,1446.0,BID
310,1712301150.185922,1945978.28892216,1424.0,0.0,1446.0,BID
311,1712301151.924365,1945985.31139407,1424.0,8.547860853890242e-10,1446.0,BID
312,1712301159.1247888,1945992.33386598,1424.0,8.54786085360684e-10,1446.0,BID
313,1712301180.248279,1945992.33386598,1424.0,0.0,1446.0,BID
314,1712301197.3135097,1946002.85001766,1424.0,1.2800390460653235e-09,1446.0,BID
315,1712301210.2450228,1946002.85001766,1424.0,0.0,1446.0,BID
316,1712301235.6024764,1946052.85001766,1424.0,6.086051018369938e-09,1446.0,BID
317,1712301240.1722393,1946052.85001766,1424.0,0.0,1446.0,BID
318,1712301270.161286,1946052.85001766,1424.0,0.0,1446.0,BID
319,1712301283.841125,1946059.88236646,1422.0,-8.55977253155378e-10,1446.0,ASK
320,1712301283.8808863,1946092.85001766,1422.0,4.0128213659188976e-09,1446.0,BID
321,1712301284.331185,1946592.85001766,1423.0,-6.085998273842845e-08,1446.0,ASK
322,1712301284.991115,1946762.85001766,1423.0,-2.069239413106568e-08,1446.0,ASK
323,1712301300.2126057,1946762.85001766,1423.0,-0.0,1446.0,ASK
324,1712301330.1615987,1946762.85001766,1423.0,-0.0,1446.0,ASK
325,1712301360.199328,1946762.85001766,1423.0,-0.0,1446.0,ASK
326,1712301390.17056,1946762.85001766,1423.0,-0.0,1446.0,ASK
327,1712301420.2502155,1946762.85001766,1423.0,-0.0,1446.0,ASK
328,1712301421.73811,1947538.45657568,1422.0,-9.486329128428957e-08,1446.0,ASK
329,1712301436.98793,1948076.62105174,1424.0,6.58221013262834e-08,1446.0,BID
330,1712301436.990721,1948771.35357325,1424.0,8.49717074606939e-08,1446.0,BID
331,1712301437.067802,1949664.8283241,1424.0,1.0927957566711001e-07,1446.0,BID
332,1712301437.0711243,1949730.27346024,1424.0,8.004497832828166e-09,1446.0,BID
333,1712301450.240426,1949730.27346024,1424.0,0.0,1446.0,BID
334,1712301480.1787782,1949730.27346024,1424.0,0.0,1446.0,BID
335,1712301489.376934,1949838.97696024,1424.0,-1.3288499003589151e-08,1446.0,ASK
336,1712301505.116721,1949935.11716024,1424.0,-1.1752693813052823e-08,1446.0,ASK
337,1712301510.1768358,1949935.11716024,1424.0,-0.0,1446.0,ASK
338,1712301540.248109,1949935.11716024,1424.0,-0.0,1446.0,ASK
339,1712301570.2456074,1949935.11716024,1424.0,-0.0,1446.0,ASK
340,1712301600.19687,1949935.11716024,1424.0,-0.0,1446.0,ASK
341,1712301611.7950673,1950076.14970777,1424.0,-1.7251886644659513e-08,1446.0,ASK
342,1712301630.1748087,1950076.14970777,1424.0,-0.0,1446.0,ASK
343,1712301660.2344315,1950076.14970777,1424.0,-0.0,1446.0,ASK
344,1712301668.834089,1950083.15741624,1427.0,8.572008684266734e-10,1446.0,BID
345,1712301690.245972,1950083.15741624,1427.0,0.0,1446.0,BID
346,1712301720.173465,1950083.15741624,1427.0,0.0,1446.0,BID
347,1712301740.0235088,1950723.04233924,1426.0,7.827226875633886e-08,1446.0,BID
348,1712301740.033282,1950723.04233933,1426.0,1.1021917312191168e-17,1446.0,BID
349,1712301750.165473,1950723.04233933,1426.0,0.0,1446.0,BID
350,1712301752.6132886,1950736.24903933,1424.0,-1.6152951378199147e-09,1446.0,ASK
351,1712301780.2649784,1950736.24903933,1424.0,-0.0,1446.0,ASK
352,1712301810.2464232,1950736.24903933,1424.0,-0.0,1446.0,ASK
353,1712301814.4627445,1950749.24133086,1427.0,1.5890674479659292e-09,1446.0,BID
354,1712301814.4664392,1950771.27006245,1427.0,2.69430070971831e-09,1446.0,BID
355,1712301838.502233,1951941.27006245,1425.0,-1.431009233315024e-07,1446.0,ASK
356,1712301838.5822148,1952173.41992549,1425.0,2.8393897224173665e-08,1446.0,BID
357,1712301838.6221912,1952616.68090161,1425.0,5.42145768885588e-08,1446.0,BID
358,1712301840.1746385,1952616.68090161,1425.0,0.0,1446.0,BID
359,1712301870.1918788,1952616.68090161,1425.0,0.0,1446.0,BID
360,1712301870.4254038,1952647.7893838,1427.0,3.803584599571257e-09,1446.0,BID
361,1712301884.7319405,1952652.7893838,1427.0,6.113420411107381e-10,1446.0,BID
362,1712301892.2517111,1952668.7893838,1427.0,1.9562945315543627e-09,1446.0,BID
363,1712301900.243034,1952668.7893838,1427.0,0.0,1446.0,BID
364,1712301904.3717704,1952678.7893838,1427.0,1.223282585829597e-09,1446.0,BID
365,1712301930.2313128,1952678.7893838,1427.0,0.0,1446.0,BID
366,1712301960.1630423,1952678.7893838,1427.0,0.0,1446.0,BID
367,1712301965.1612484,1954480.00108667,1427.0,2.203387063227423e-07,1446.0,BID
368,1712301990.1628015,1954480.00108667,1427.0,0.0,1446.0,BID
369,1712302020.2622538,1954480.00108667,1427.0,0.0,1446.0,BID
370,1712302050.23202,1954480.00108667,1427.0,0.0,1446.0,BID
371,1712302050.860268,1954581.14953136,1427.0,1.2369402269489904e-08,1446.0,BID
372,1712302065.7705245,1955124.56615072,1427.0,6.645419794034225e-08,1446.0,BID
373,1712302065.77493,1955128.98100706,1427.0,5.398909909022985e-10,1446.0,BID
374,1712302080.161307,1955128.98100706,1427.0,0.0,1446.0,BID
375,1712302081.1501615,1955258.98100706,1428.0,-1.5895847032755813e-08,1446.0,ASK
376,1712302099.5999286,1956430.11432448,1429.0,1.4320120052825074e-07,1446.0,BID
377,1712302099.682804,1956700.37585927,1429.0,3.3046430891233325e-08,1446.0,BID
378,1712302110.151024,1956700.37585927,1429.0,0.0,1446.0,BID
379,1712302121.7562284,1956707.36886626,1430.0,8.54840446758163e-10,1446.0,BID
380,1712302140.2415922,1956707.36886626,1430.0,0.0,1446.0,BID
381,1712302151.1496103,1956748.97095254,1429.0,-5.085523666757683e-09,1446.0,ASK
382,1712302170.2218392,1956748.97095254,1429.0,-0.0,1446.0,ASK
383,1712302170.525102,1957882.96495254,1429.0,-1.3862072629653066e-07,1446.0,ASK
384,1712302200.3392897,1957882.96495254,1429.0,-0.0,1446.0,ASK
385,1712302203.419729,1957940.01754512,1430.0,7.0150349373061035e-09,1446.0,BID
386,1712302225.096452,1958021.81880833,1429.0,-1.005806560896392e-08,1446.0,ASK
387,1712302225.1257954,1958104.28646223,1429.0,-1.0140003234599818e-08,1446.0,ASK
388,1712302230.2525215,1958104.28646223,1429.0,-0.0,1446.0,ASK
389,1712302238.5222433,1958340.88149383,1429.0,-2.9089963943427592e-08,1446.0,ASK
390,1712302246.6491678,1958493.82086606,1427.0,-1.8804286774820423e-08,1446.0,ASK
391,1712302246.6529377,1958510.88149383,1426.0,-2.09764779641726e-09,1446.0,ASK
392,1712302258.5488725,1958669.08412251,1430.0,1.9451417609811703e-08,1446.0,BID
393,1712302260.1590185,1958669.08412251,1430.0,0.0,1446.0,BID
394,1712302263.6289356,1958676.05762321,1430.0,8.573246822073544e-10,1446.0,BID
395,1712302268.168966,1959083.46025723,1430.0,5.00862262397645e-08,1446.0,BID
396,1712302268.1726844,1959344.18042487,1430.0,3.2053031107879184e-08,1446.0,BID
397,1712302268.2688313,1959782.94261163,1430.0,-5.3941580923676346e-08,1446.0,ASK
398,1712302268.2887971,1960074.65902181,1430.0,-3.586372030524442e-08,1446.0,ASK
399,1712302270.800495,1960304.43943257,1430.0,2.8249286277871665e-08,1446.0,BID
400,1712302271.6189196,1960311.40807368,1430.0,8.567272424697941e-10,1446.0,BID
401,1712302272.0845904,1960507.98538523,1430.0,2.416728532838007e-08,1446.0,BID
402,1712302272.1187773,1960704.05665279,1430.0,2.410507209836865e-08,1446.0,BID
403,1712302275.3790824,1960711.0252939,1430.0,8.567272424697941e-10,1446.0,BID
404,1712302278.388818,1960717.99393501,1430.0,8.567272424697941e-10,1446.0,BID
405,1712302281.0789566,1960724.96257612,1430.0,8.567272424697941e-10,1446.0,BID
406,1712302282.5702474,1962123.56397472,1430.0,1.7194455857656445e-07,1446.0,BID
407,1712302284.3487656,1962130.53261583,1430.0,8.567272424697941e-10,1446.0,BID
408,1712302287.7788134,1962137.50125694,1430.0,8.567272424697941e-10,1446.0,BID
409,1712302290.1588602,1962137.50125694,1430.0,0.0,1446.0,BID
410,1712302290.6533127,1962144.46989805,1430.0,8.562051593167662e-10,1446.0,BID
411,1712302294.3486836,1962151.43853916,1430.0,8.562051593167662e-10,1446.0,BID
412,1712302309.2309308,1962158.43154615,1430.0,8.591988839024026e-10,1446.0,BID
413,1712302309.7485151,1962174.06969482,1426.0,-1.9213880241702104e-09,1446.0,ASK
414,1712302320.223836,1962174.06969482,1426.0,-0.0,1446.0,ASK
415,1712302336.8284523,1962181.06270181,1430.0,8.59193370171767e-10,1446.0,BID
416,1712302347.7784665,1963579.66410041,1430.0,1.718386741123638e-07,1446.0,BID
417,1712302350.2415934,1963579.66410041,1430.0,0.0,1446.0,BID
418,1712302358.7011943,1964278.96479971,1430.0,8.589812383158296e-08,1446.0,BID
419,1712302380.148126,1964278.96479971,1430.0,0.0,1446.0,BID
420,1712302381.7081263,1964299.94382068,1430.0,2.576627215589998e-09,1446.0,BID
421,1712302410.1482592,1964299.94382068,1430.0,0.0,1446.0,BID
422,1712302422.678125,1964411.82375363,1426.0,-1.374095666193082e-08,1446.0,ASK
423,1712302440.229633,1964411.82375363,1426.0,-0.0,1446.0,ASK
424,1712302470.2402563,1964411.82375363,1426.0,-0.0,1446.0,ASK
425,1712302491.2153704,1964436.82375363,1426.0,-3.070409289737872e-09,1446.0,ASK
426,1712302500.167861,1964436.82375363,1426.0,-0.0,1446.0,ASK
427,1712302530.1835296,1964436.82375363,1426.0,-0.0,1446.0,ASK
428,1712302560.2285843,1964436.82375363,1426.0,-0.0,1446.0,ASK
429,1712302590.2302232,1964436.82375363,1426.0,-0.0,1446.0,ASK
430,1712302601.7471535,1964471.83775923,1428.0,4.3047041988014355e-09,1446.0,BID
431,1712302620.1895423,1964471.83775923,1428.0,0.0,1446.0,BID
432,1712302650.1589563,1964471.83775923,1428.0,0.0,1446.0,BID
433,1712302680.226666,1964471.83775923,1428.0,0.0,1446.0,BID
434,1712302710.2282653,1964471.83775923,1428.0,0.0,1446.0,BID
435,1712302740.1465218,1964471.83775923,1428.0,0.0,1446.0,BID
436,1712302740.4365115,1964515.5382894,1426.0,-5.3726129334118484e-09,1446.0,ASK
437,1712302758.906876,1964685.5382894,1428.0,-2.0900071352156537e-08,1446.0,ASK
438,1712302759.196037,1965185.5382894,1428.0,-6.147079809457806e-08,1446.0,ASK
439,1712302762.646808,1965315.5382894,1428.0,-1.5982407504590293e-08,1446.0,ASK
440,1712302766.936453,1965485.5382894,1428.0,-2.0900071352156537e-08,1446.0,ASK
441,1712302766.9763577,1965588.63549429,1428.0,-1.2674934931801002e-08,1446.0,ASK
442,1712302770.159043,1965588.63549429,1428.0,-0.0,1446.0,ASK
443,1712302800.1803656,1965588.63549429,1428.0,-0.0,1446.0,ASK
444,1712302823.576282,1965614.19229653,1426.0,-3.1456266708365227e-09,1446.0,ASK
445,1712302823.5797884,1966053.28446553,1426.0,-5.40451041093876e-08,1446.0,ASK
446,1712302823.6760583,1967357.35821024,1426.0,1.6051026703499142e-07,1446.0,BID
447,1712302823.696039,1967642.49449795,1426.0,3.509563923615567e-08,1446.0,BID
448,1712302823.916114,1968297.32232309,1426.0,8.059865441009098e-08,1446.0,BID
449,1712302823.9962113,1968790.95204909,1426.0,6.075779031522953e-08,1446.0,BID
450,1712302824.0761786,1969192.12571509,1426.0,4.937795313973343e-08,1446.0,BID
451,1712302824.4761364,1969504.3223565,1426.0,3.8426328636259705e-08,1446.0,BID
452,1712302824.5160344,1969817.56648107,1426.0,3.855525677578913e-08,1446.0,BID
453,1712302830.1662068,1969817.56648107,1426.0,0.0,1446.0,BID
454,1712302842.8062675,1969846.95354103,1426.0,3.614386314665769e-09,1446.0,BID
455,1712302860.2359865,1969846.95354103,1426.0,0.0,1446.0,BID
456,1712302890.2459216,1969846.95354103,1426.0,0.0,1446.0,BID
457,1712302895.689592,1970501.60060198,1428.0,8.051622673102415e-08,1446.0,BID
458,1712302895.6939554,1970547.23365307,1428.0,5.612491534986877e-09,1446.0,BID
459,1712302920.1782622,1970547.23365307,1428.0,0.0,1446.0,BID
460,1712302933.4155924,1970582.24765867,1428.0,-4.305906321844858e-09,1446.0,ASK
461,1712302950.1657083,1970582.24765867,1428.0,-0.0,1446.0,ASK
462,1712302980.2281966,1970582.24765867,1428.0,-0.0,1446.0,ASK
463,1712303010.2305057,1970582.24765867,1428.0,-0.0,1446.0,ASK
464,1712303040.175365,1970582.24765867,1428.0,-0.0,1446.0,ASK
465,1712303070.170385,1970582.24765867,1428.0,-0.0,1446.0,ASK
466,1712303083.3351953,1970791.04765866,1429.0,2.567737384893045e-08,1446.0,BID
467,1712303100.1867952,1970791.04765866,1429.0,0.0,1446.0,BID
468,1712303108.715066,1970875.3979567,1429.0,1.0408013897738266e-08,1446.0,BID
469,1712303119.5184467,1975649.95800813,1427.0,-5.891346981045229e-07,1446.0,ASK
470,1712303130.157026,1975649.95800813,1427.0,-0.0,1446.0,ASK
471,1712303158.3349872,1976052.80770813,1429.0,4.9665278697358425e-08,1446.0,BID
472,1712303160.1748424,1976052.80770813,1429.0,0.0,1446.0,BID
473,1712303190.1669755,1976052.80770813,1429.0,0.0,1446.0,BID
474,1712303192.6247542,1976052.8077101,1429.0,2.4285153036379727e-16,1446.0,BID
475,1712303220.2373953,1976052.8077101,1429.0,0.0,1446.0,BID
476,1712303220.4170735,1976762.28555904,1430.0,8.74616872917811e-08,1446.0,BID
477,1712303220.4205515,1977713.06255858,1430.0,1.1720811402669205e-07,1446.0,BID
478,1712303220.4745915,1978419.80305858,1430.0,-8.712423749351659e-08,1446.0,ASK
479,1712303220.6547198,1978428.20305858,1434.0,1.035519536431476e-09,1446.0,BID
480,1712303220.6582618,1978840.09512358,1434.0,5.077646193016135e-08,1446.0,BID
481,1712303250.2377777,1978840.09512358,1434.0,0.0,1446.0,BID
482,1712303280.175125,1978840.09512358,1434.0,0.0,1446.0,BID
483,1712303300.0257173,1978847.84070358,1432.0,9.543760312359314e-10,1446.0,BID
484,1712303300.030251,1979136.26433325,1433.0,3.5538281057757864e-08,1446.0,BID
485,1712303310.167124,1979136.26433325,1433.0,0.0,1446.0,BID
486,1712303340.2373936,1979136.26433325,1433.0,0.0,1446.0,BID
487,1712303359.9572062,1979389.07164403,1429.0,-3.1148167300465766e-08,1446.0,ASK
488,1712303370.234239,1979389.07164403,1429.0,-0.0,1446.0,ASK
489,1712303400.20701,1979389.07164403,1429.0,-0.0,1446.0,ASK
490,1712303430.1699898,1979389.07164403,1429.0,-0.0,1446.0,ASK
491,1712303443.92951,1979403.06744528,1429.0,-1.761992982347144e-09,1446.0,ASK
492,1712303443.9340508,1980236.39938887,1429.0,-1.0491182393525545e-07,1446.0,ASK
493,1712303460.236901,1980236.39938887,1429.0,-0.0,1446.0,ASK
494,1712303490.2469742,1980236.39938887,1429.0,-0.0,1446.0,ASK
495,1712303520.2104168,1980236.39938887,1429.0,-0.0,1446.0,ASK
496,1712303550.159768,1980236.39938887,1429.0,-0.0,1446.0,ASK
497,1712303580.2374125,1980236.39938887,1429.0,-0.0,1446.0,ASK
498,1712303610.2303643,1980236.39938887,1429.0,-0.0,1446.0,ASK
499,1712303617.4776156,1980265.39938887,1430.0,-3.650381108863405e-09,1446.0,ASK
500,1712303640.1708467,1980265.39938887,1430.0,-0.0,1446.0,ASK
501,1712303670.1499453,1980265.39938887,1430.0,-0.0,1446.0,ASK
502,1712303690.4178357,1981265.39938887,1434.0,1.2587455357963002e-07,1446.0,BID
503,1712303690.422469,1981465.39938887,1434.0,2.5174910715926005e-08,1446.0,BID
504,1712303700.1802373,1981465.39938887,1434.0,0.0,1446.0,BID
505,1712303727.6179545,1981487.02037753,1434.0,-2.7215732888607023e-09,1446.0,ASK
506,1712303730.170244,1981487.02037753,1434.0,-0.0,1446.0,ASK
507,1712303760.228001,1981487.02037753,1434.0,-0.0,1446.0,ASK
508,1712303790.2581542,1981487.02037753,1434.0,-0.0,1446.0,ASK
509,1712303808.5582936,1981500.39095862,1434.0,1.68303470794339e-09,1446.0,BID
510,1712303820.1682055,1981500.39095862,1434.0,0.0,1446.0,BID
511,1712303850.155375,1981500.39095862,1434.0,0.0,1446.0,BID
512,1712303880.2581692,1981500.39095862,1434.0,0.0,1446.0,BID
513,1712303893.859696,1981918.80100046,1433.0,5.266763787378988e-08,1446.0,BID
514,1712303910.2414837,1981918.80100046,1433.0,0.0,1446.0,BID
515,1712303940.1611009,1981918.80100046,1433.0,0.0,1446.0,BID
516,1712303970.1509707,1981918.80100046,1433.0,0.0,1446.0,BID
517,1712304000.2115722,1981918.80100046,1433.0,0.0,1446.0,BID
518,1712304030.1507769,1981918.80100046,1433.0,0.0,1446.0,BID
519,1712304060.306872,1981918.80100046,1433.0,0.0,1446.0,BID
520,1712304078.2084966,1982058.49355746,1431.0,-1.7600973966876474e-08,1446.0,ASK
521,1712304080.0986094,1982058.49355809,1431.0,-7.938370503328206e-17,1446.0,ASK
522,1712304080.1034577,1982228.15288037,1430.0,-2.1376724564435755e-08,1446.0,ASK
523,1712304090.2385738,1982228.15288037,1430.0,-0.0,1446.0,ASK
524,1712304120.1784763,1982228.15288037,1430.0,-0.0,1446.0,ASK
525,1712304150.1485698,1982228.15288037,1430.0,-0.0,1446.0,ASK
526,1712304180.2406185,1982228.15288037,1430.0,-0.0,1446.0,ASK
527,1712304185.1784818,1982231.98830575,1434.0,4.832287418488451e-10,1446.0,BID
528,1712304185.181568,1982297.81815233,1434.0,8.293962412484178e-09,1446.0,BID
529,1712304210.2384975,1982297.81815233,1434.0,0.0,1446.0,BID
530,1712304222.0286036,1982648.06074372,1432.0,4.4126828135506425e-08,1446.0,BID
531,1712304223.1385431,1982655.04398394,1432.0,8.798137308021224e-10,1446.0,BID
532,1712304236.1885736,1982797.61662529,1430.0,-1.7962631034391902e-08,1446.0,ASK
533,1712304240.1585536,1982797.61662529,1430.0,-0.0,1446.0,ASK
534,1712304250.1784852,1982966.39500262,1430.0,-2.1262357550673225e-08,1446.0,ASK
535,1712304250.298404,1983095.32457722,1430.0,-1.6242286229816247e-08,1446.0,ASK
536,1712304259.6185582,1983239.79182868,1430.0,-1.819969123709555e-08,1446.0,ASK
537,1712304260.438378,1984222.46611715,1430.0,-1.2379531316636778e-07,1446.0,ASK
538,1712304260.6786573,1985330.77277354,1430.0,-1.396222239882145e-07,1446.0,ASK
539,1712304260.6835244,1985336.34975662,1430.0,-7.02577013549369e-10,1446.0,ASK
540,1712304263.6288698,1985406.27982655,1430.0,-8.809648332439353e-09,1446.0,ASK
541,1712304263.633996,1985597.83086562,1430.0,-2.4131211274414337e-08,1446.0,ASK
542,1712304266.8186004,1985659.8733711,1430.0,-7.815988965679413e-09,1446.0,ASK
543,1712304266.8285432,1985982.83086562,1430.0,-4.068552992850785e-08,1446.0,ASK
544,1712304269.308763,1986098.48066783,1430.0,-1.4569327446751647e-08,1446.0,ASK
545,1712304269.313835,1986112.46668181,1430.0,-1.7619296657428495e-09,1446.0,ASK
546,1712304270.1510377,1986112.46668181,1430.0,-0.0,1446.0,ASK
547,1712304300.2517643,1986112.46668181,1430.0,-0.0,1446.0,ASK
548,1712304318.298789,1986115.96668181,1429.0,-4.4189051476059277e-10,1446.0,ASK
549,1712304318.3055146,1986171.94988683,1429.0,-7.068127795491093e-09,1446.0,ASK
550,1712304318.309311,1986182.26668181,1429.0,-1.302541098378904e-09,1446.0,ASK
551,1712304330.2414465,1986182.26668181,1429.0,-0.0,1446.0,ASK
552,1712304360.1510494,1986182.26668181,1429.0,-0.0,1446.0,ASK
553,1712304390.1585524,1986182.26668181,1429.0,-0.0,1446.0,ASK
554,1712304420.2316842,1986182.26668181,1429.0,-0.0,1446.0,ASK
555,1712304434.5787735,1986185.94568808,1429.0,-4.6448500053378314e-10,1446.0,ASK
556,1712304450.2385125,1986185.94568808,1429.0,-0.0,1446.0,ASK
557,1712304461.988689,1986199.95129032,1428.0,-1.7682459251908123e-09,1446.0,ASK
558,1712304461.9938917,1986238.96529592,1428.0,-4.925625849292847e-09,1446.0,ASK
559,1712304461.9972155,1986355.94568808,1428.0,-1.4769097267064548e-08,1446.0,ASK
560,1712304462.0088444,1987238.96529592,1428.0,-1.1148366180086609e-07,1446.0,ASK
561,1712304468.788772,1987261.08589592,1428.0,2.7927867822410763e-09,1446.0,BID
562,1712304472.8689055,1987265.08589592,1427.0,-5.05011036271722e-10,1446.0,ASK
563,1712304472.8741548,1987273.86993798,1425.0,-1.1090095458617251e-09,1446.0,ASK
564,1712304472.8784091,1987287.88535493,1427.0,-1.7694850594233519e-09,1446.0,ASK
565,1712304472.8823698,1987301.91060037,1426.0,-1.770725933399823e-09,1446.0,ASK
566,1712304472.886267,1987315.94568808,1425.0,-1.7719685471496227e-09,1446.0,ASK
567,1712304480.170287,1987315.94568808,1425.0,-0.0,1446.0,ASK
568,1712304480.9287891,1987319.94568808,1425.0,-5.049081803946356e-10,1446.0,ASK
569,1712304480.9342108,1987666.35054525,1425.0,-4.372566152840088e-08,1446.0,ASK
570,1712304500.7184396,1987666.59036333,1429.0,3.027152758230832e-11,1446.0,BID
571,1712304500.7224872,1988816.28657102,1429.0,1.451227550578494e-07,1446.0,BID
572,1712304508.1286595,1989656.30031758,1429.0,1.0603245307053337e-07,1446.0,BID
573,1712304508.1331692,1989967.50520727,1429.0,3.9282473645798184e-08,1446.0,BID
574,1712304508.22866,1990381.33618682,1429.0,-5.2236661718883137e-08,1446.0,ASK
575,1712304510.140953,1990381.33618682,1429.0,-0.0,1446.0,ASK
576,1712304510.4586253,1990384.99122904,1429.0,-4.6111029884749077e-10,1446.0,ASK
577,1712304540.2457535,1990384.99122904,1429.0,-0.0,1446.0,ASK
578,1712304570.231682,1990384.99122904,1429.0,-0.0,1446.0,ASK
579,1712304600.2100334,1990384.99122904,1429.0,-0.0,1446.0,ASK
580,1712304609.608564,1990755.35541285,1430.0,4.6762066723203414e-08,1446.0,BID
581,1712304609.6130648,1990759.41657004,1430.0,5.127604444334756e-10,1446.0,BID
582,1712304609.6683588,1990759.41657087,1430.0,1.0480074953506502e-16,1446.0,BID
583,1712304630.17201,1990759.41657087,1430.0,0.0,1446.0,BID
584,1712304649.6384995,1990763.92896867,1431.0,5.696954304782201e-10,1446.0,BID
585,1712304649.6439388,1990766.39007156,1433.0,3.107170804514618e-10,1446.0,BID
586,1712304660.231215,1990766.39007156,1433.0,0.0,1446.0,BID
587,1712304675.098452,1990768.94274401,1433.0,3.2227743687753745e-10,1446.0,BID
588,1712304677.0612867,1990773.36843862,1433.0,-5.58748348355685e-10,1446.0,ASK
589,1712304678.9485023,1990796.85621225,1433.0,2.9653547926066007e-09,1446.0,BID
590,1712304679.088441,1990912.93571225,1433.0,-1.465515238139394e-08,1446.0,ASK
591,1712304690.2284214,1990912.93571225,1433.0,-0.0,1446.0,ASK
592,1712304702.0984428,1991941.50544725,1434.0,1.298545097420356e-07,1446.0,BID
593,1712304708.9785438,1992091.50544725,1433.0,-1.8937147184583097e-08,1446.0,ASK
594,1712304708.9839334,1992091.50551486,1433.0,-8.535581755379851e-15,1446.0,ASK
595,1712304720.1638262,1992091.50551486,1433.0,-0.0,1446.0,ASK
596,1712304750.1785371,1992091.50551486,1433.0,-0.0,1446.0,ASK
597,1712304778.2383327,1992591.50551486,1434.0,6.311035946000556e-08,1446.0,BID
598,1712304780.238464,1992591.50551486,1434.0,0.0,1446.0,BID
599,1712304810.232381,1992591.50551486,1434.0,0.0,1446.0,BID
600,1712304840.1585338,1992591.50551486,1434.0,0.0,1446.0,BID
601,1712304870.1599617,1992591.50551486,1434.0,0.0,1446.0,BID
602,1712304894.665341,1992630.81420495,1429.0,-4.961122140138249e-09,1446.0,ASK
603,1712304894.6689382,1992664.05457076,1429.0,-4.195243199149701e-09,1446.0,ASK
604,1712304900.1911914,1992664.05457076,1429.0,-0.0,1446.0,ASK
605,1712304913.6283777,1992942.99459865,1434.0,3.528939736143477e-08,1446.0,BID
606,1712304930.1676831,1992942.99459865,1434.0,0.0,1446.0,BID
607,1712304960.228297,1992942.99459865,1434.0,0.0,1446.0,BID
608,1712304987.7181487,1993647.31816908,1434.0,8.910121937184083e-08,1446.0,BID
609,1712304990.2320943,1993647.31816908,1434.0,0.0,1446.0,BID
610,1712305020.167938,1993647.31816908,1434.0,0.0,1446.0,BID
611,1712305050.1656437,1993647.31816908,1434.0,0.0,1446.0,BID
612,1712305080.265167,1993647.31816908,1434.0,0.0,1446.0,BID
613,1712305110.2379324,1993647.31816908,1434.0,0.0,1446.0,BID
614,1712305140.1796894,1993647.31816908,1434.0,0.0,1446.0,BID
615,1712305170.1498582,1993647.31816908,1434.0,0.0,1446.0,BID
616,1712305200.2707524,1993647.31816908,1434.0,0.0,1446.0,BID
617,1712305230.1476984,1993647.31816908,1434.0,0.0,1446.0,BID
618,1712305238.6981442,1993661.29440948,1431.0,-1.774625619081827e-09,1446.0,ASK
619,1712305255.2485335,1993992.25383341,1434.0,4.2023395117283625e-08,1446.0,BID
620,1712305255.2596068,1998149.29830341,1434.0,5.278384891067228e-07,1446.0,BID
621,1712305255.4877546,1998531.97650804,1434.0,-4.859035952194152e-08,1446.0,ASK
622,1712305255.721707,1999353.77650804,1434.0,-1.0434761366600085e-07,1446.0,ASK
623,1712305256.2927933,1999853.77650804,1434.0,-6.34872314833262e-08,1446.0,ASK
624,1712305259.114329,2001705.5574648,1435.0,2.3512889251648095e-07,1446.0,BID
625,1712305259.2877483,2001709.39289018,1435.0,4.870010778638696e-10,1446.0,BID
626,1712305259.2920012,2003516.84856663,1435.0,2.295007138532571e-07,1446.0,BID
627,1712305260.244094,2003516.84856663,1435.0,0.0,1446.0,BID
628,1712305261.8182497,2003608.31226663,1436.0,-1.1592716078340595e-08,1446.0,ASK
629,1712305265.1882317,2003615.31016663,1437.0,8.869602677949804e-10,1446.0,BID
630,1712305265.1930962,2004315.10022961,1438.0,8.86960347610555e-08,1446.0,BID
631,1712305265.197297,2004319.27559495,1437.0,5.292135011985423e-10,1446.0,BID
632,1712305265.201522,2004322.88152715,1438.0,4.570397676177571e-10,1446.0,BID
633,1712305265.204522,2004332.90679862,1437.0,1.270669410482851e-09,1446.0,BID
634,1712305265.20687,2005427.90679763,1438.0,1.387875637472705e-07,1446.0,BID
635,1712305290.2381694,2005427.90679763,1438.0,0.0,1446.0,BID
636,1712305308.2980182,2005427.90682585,1436.0,-3.5755453631146646e-15,1446.0,ASK
637,1712305308.3100667,2007427.90682585,1436.0,-2.5340500973469414e-07,1446.0,ASK
638,1712305308.3153312,2008587.90682585,1435.0,-1.469749056461226e-07,1446.0,ASK
639,1712305308.3188624,2013495.71569411,1435.0,-6.218316770187078e-07,1446.0,ASK
640,1712305308.3230553,2016161.12942823,1434.0,-3.377145966208437e-07,1446.0,ASK
641,1712305308.325548,2016164.61201875,1436.0,-4.4125294231836756e-10,1446.0,ASK
642,1712305308.3280666,2016189.61201875,1435.0,-3.167562621683676e-09,1446.0,ASK
643,1712305308.3305876,2019784.52677143,1434.0,-4.5548470394912e-07,1446.0,ASK
644,1712305309.7878976,2020454.99273529,1438.0,-8.494971704936756e-08,1446.0,ASK
645,1712305320.1710498,2020454.99273529,1438.0,-0.0,1446.0,ASK
646,1712305320.7793102,2020479.9370635,1438.0,-3.151898159222669e-09,1446.0,ASK
647,1712305324.528467,2021184.2606335,1438.0,8.899643017376368e-08,1446.0,BID
648,1712305338.9384286,2021191.2341335,1440.0,8.81152686403979e-10,1446.0,BID
649,1712305338.9411116,2021225.37533127,1440.0,4.3139898376515855e-09,1446.0,BID
650,1712305338.9436543,2024121.97439559,1440.0,3.660064597428264e-07,1446.0,BID
651,1712305338.9461443,2024133.12326093,1439.0,1.408740610160147e-09,1446.0,BID
652,1712305338.9486544,2024184.2606335,1440.0,6.461580729444695e-09,1446.0,BID
653,1712305339.548205,2024404.90744359,1436.0,-2.788033691280913e-08,1446.0,ASK
654,1712305350.1700718,2024404.90744359,1436.0,-0.0,1446.0,ASK
655,1712305354.0988226,2024713.30837859,1440.0,3.894073656890861e-08,1446.0,BID
656,1712305354.1180432,2024713.30837927,1440.0,8.5844300498976e-17,1446.0,BID
657,1712305361.9584453,2024717.48374461,1441.0,5.272091726685552e-10,1446.0,BID
658,1712305361.964342,2024727.48374461,1441.0,1.262665969832529e-09,1446.0,BID
659,1712305362.078267,2025414.21053055,1441.0,-8.67106543178761e-08,1446.0,ASK
660,1712305362.278558,2025540.80642055,1439.0,1.5984832222365822e-08,1446.0,BID
661,1712305362.298145,2025540.80642132,1439.0,9.722161018839512e-17,1446.0,BID
662,1712305368.9186182,2025670.80642132,1437.0,-1.6414657607822877e-08,1446.0,ASK
663,1712305380.2105331,2025670.80642132,1437.0,-0.0,1446.0,ASK
664,1712305389.8307595,2025767.32127212,1440.0,1.2183797132367471e-08,1446.0,BID
665,1712305389.8342352,2025863.83612292,1440.0,1.2183797132338078e-08,1446.0,BID
666,1712305389.8373735,2025965.25159332,1440.0,1.2802439284648364e-08,1446.0,BID
667,1712305389.848431,2025965.25159346,1440.0,1.769396425094535e-17,1446.0,BID
668,1712305410.1487374,2025965.25159346,1440.0,0.0,1446.0,BID
669,1712305425.1785705,2025972.22509346,1442.0,8.80270353941323e-10,1446.0,BID
670,1712305425.1889577,2027326.6999649,1442.0,1.709764213828512e-07,1446.0,BID
671,1712305440.2587478,2027326.6999649,1442.0,0.0,1446.0,BID
672,1712305466.378875,2027437.02336995,1438.0,-1.3922759322761078e-08,1446.0,ASK
673,1712305470.2353923,2027437.02336995,1438.0,-0.0,1446.0,ASK
674,1712305500.1520188,2027437.02336995,1438.0,-0.0,1446.0,ASK
675,1712305527.809207,2028132.43366202,1442.0,8.81501512536596e-08,1446.0,BID
676,1712305530.1624503,2028132.43366202,1442.0,0.0,1446.0,BID
677,1712305556.979115,2028262.43366202,1439.0,-1.6476694881240238e-08,1446.0,ASK
678,1712305560.2483528,2028262.43366202,1439.0,-0.0,1446.0,ASK
679,1712305586.4395463,2029148.56457156,1442.0,1.123089419384706e-07,1446.0,BID
680,1712305586.4454308,2029191.66670683,1443.0,5.462799181658928e-09,1446.0,BID
681,1712305586.4511747,2029201.63428683,1442.0,1.263299080788518e-09,1446.0,BID
682,1712305586.4545734,2029526.12544745,1443.0,4.112626986066581e-08,1446.0,BID
683,1712305590.2333343,2029526.12544745,1443.0,0.0,1446.0,BID
684,1712305605.2393212,2029595.42456675,1443.0,8.780997537876432e-09,1446.0,BID
685,1712305620.18954,2029595.42456675,1443.0,0.0,1446.0,BID
686,1712305641.49975,2029604.12082195,1439.0,-1.1019018525126464e-09,1446.0,ASK
687,1712305641.5058565,2029613.47506675,1439.0,-1.1852756660065174e-09,1446.0,ASK
688,1712305650.1694946,2029613.47506675,1439.0,-0.0,1446.0,ASK
689,1712305651.3893511,2029618.0193626,1439.0,-5.75805495562392e-10,1446.0,ASK
690,1712305651.4026556,2034903.15392448,1438.0,-6.696768049405535e-07,1446.0,ASK
691,1712305651.407664,2035269.46290151,1437.0,-4.64148305944403e-08,1446.0,ASK
692,1712305651.4105272,2040606.03179868,1437.0,-6.76194024307053e-07,1446.0,ASK
693,1712305651.4132104,2041646.30895745,1436.0,-1.318130079340736e-07,1446.0,ASK
694,1712305651.415938,2041650.48432279,1437.0,-5.29058491811114e-10,1446.0,ASK
695,1712305651.4186225,2043970.09504055,1436.0,-2.939167349454893e-07,1446.0,ASK
696,1712305658.5194137,2044006.00588785,1437.0,4.550245826474123e-09,1446.0,BID
697,1712305663.2396743,2044012.94551311,1441.0,8.79316508815234e-10,1446.0,BID
698,1712305680.2500858,2044012.94551311,1441.0,0.0,1446.0,BID
699,1712305689.3793936,2044026.84405376,1439.0,-1.756471569509236e-09,1446.0,ASK
700,1712305702.3496697,2044096.37417419,1441.0,8.787086560752054e-09,1446.0,BID
701,1712305710.245056,2044096.37417419,1441.0,0.0,1446.0,BID
702,1712305740.161672,2044096.37417419,1441.0,0.0,1446.0,BID
703,1712305762.0797777,2044110.30175079,1436.0,-1.7601143428628015e-09,1446.0,ASK
704,1712305762.090209,2044113.78434131,1436.0,-4.4011659029116766e-10,1446.0,ASK
705,1712305762.1862347,2045490.25120531,1436.0,1.7395266523129905e-07,1446.0,BID
706,1712305762.1996868,2045490.25120602,1436.0,8.971455129258098e-17,1446.0,BID
707,1712305762.209517,2045605.15120602,1440.0,1.4520626509683621e-08,1446.0,BID
708,1712305770.171768,2045605.15120602,1440.0,0.0,1446.0,BID
709,1712305800.2051332,2045605.15120602,1440.0,0.0,1446.0,BID
710,1712305812.6998217,2046299.59565046,1439.0,8.82858545429438e-08,1446.0,BID
711,1712305822.1697934,2046402.93894441,1439.0,1.3138201465505913e-08,1446.0,BID
712,1712305830.1628304,2046402.93894441,1439.0,0.0,1446.0,BID
713,1712305860.2642946,2046402.93894441,1439.0,0.0,1446.0,BID
714,1712305867.430184,2046416.87622664,1435.0,-1.771610850018011e-09,1446.0,ASK
715,1712305867.4363058,2046512.69525102,1435.0,-1.217985116667678e-08,1446.0,ASK
716,1712305890.2401345,2046512.69525102,1435.0,-0.0,1446.0,ASK
717,1712305896.5701396,2046596.69525102,1438.0,1.0677284830068929e-08,1446.0,BID
718,1712305920.1533332,2046596.69525102,1438.0,0.0,1446.0,BID
719,1712305920.3801105,2047652.69525102,1438.0,1.3422666267047686e-07,1446.0,BID
720,1712305920.385909,2048195.68082452,1438.0,6.901812633441444e-08,1446.0,BID
721,1712305920.4868715,2049378.3364193,1438.0,-1.5032567573472604e-07,1446.0,ASK
722,1712305931.4408572,2049634.43446808,1435.0,-3.2552259852439035e-08,1446.0,ASK
723,1712305931.4501758,2050282.88812529,1434.0,-8.242402490885103e-08,1446.0,ASK
724,1712305931.4550295,2050338.3364193,1433.0,-7.04795403005254e-09,1446.0,ASK
725,1712305950.1719236,2050338.3364193,1433.0,-0.0,1446.0,ASK
726,1712305970.1102686,2050345.3002076,1436.0,8.84552715685679e-10,1446.0,BID
727,1712305980.1902251,2050345.3002076,1436.0,0.0,1446.0,BID
728,1712306010.1618886,2050345.3002076,1436.0,0.0,1446.0,BID
729,1712306040.2473514,2050345.3002076,1436.0,0.0,1446.0,BID
730,1712306062.2423778,2050380.1191491,1436.0,4.422757960533379e-09,1446.0,BID
731,1712306062.3203034,2051315.0965753,1436.0,1.187623367195208e-07,1446.0,BID
732,1712306062.325169,2051405.92985388,1436.0,1.1537789163437364e-08,1446.0,BID
733,1712306070.2402267,2051405.92985388,1436.0,0.0,1446.0,BID
734,1712306070.5903244,2051516.25325893,1434.0,-1.4010745832501364e-08,1446.0,ASK
735,1712306096.5203469,2051550.58378593,1435.0,-4.359875294580448e-09,1446.0,ASK
736,1712306100.180305,2051550.58378593,1435.0,-0.0,1446.0,ASK
737,1712306118.6513517,2051863.44388932,1435.0,-4.0778871143475006e-08,1446.0,ASK
738,1712306118.6576474,2051877.38117155,1435.0,-1.816615893140253e-09,1446.0,ASK
739,1712306130.153491,2051877.38117155,1435.0,-0.0,1446.0,ASK
740,1712306149.105008,2051891.35741195,1435.0,-1.8215824429879473e-09,1446.0,ASK
741,1712306160.2234116,2051891.35741195,1435.0,-0.0,1446.0,ASK
742,1712306164.1515176,2051924.68687291,1435.0,-4.3439580660981455e-09,1446.0,ASK
743,1712306164.1572945,2052397.06207317,1435.0,-6.15664940951076e-08,1446.0,ASK
744,1712306164.160196,2052400.54709059,1435.0,-4.5421585276549126e-10,1446.0,ASK
745,1712306190.2401826,2052400.54709059,1435.0,-0.0,1446.0,ASK
746,1712306193.30015,2052405.80926786,1435.0,-6.857746881727962e-10,1446.0,ASK
747,1712306220.160137,2052405.80926786,1435.0,-0.0,1446.0,ASK
748,1712306226.3200295,2052467.41330904,1435.0,-8.028321432253751e-09,1446.0,ASK
749,1712306241.7902255,2052481.36031043,1434.0,-1.817591963602774e-09,1446.0,ASK
750,1712306250.1634245,2052481.36031043,1434.0,-0.0,1446.0,ASK
751,1712306274.1702158,2052495.31704455,1433.0,-1.81883465128332e-09,1446.0,ASK
752,1712306280.2435172,2052495.31704455,1433.0,-0.0,1446.0,ASK
753,1712306282.1003485,2052514.15304455,1433.0,2.454691756888569e-09,1446.0,BID
754,1712306289.7601535,2052523.13852174,1433.0,1.170979867812981e-09,1446.0,BID
755,1712306301.7101195,2052526.63084017,1432.0,-4.5511601521344487e-10,1446.0,ASK
756,1712306301.7151597,2052861.82637021,1432.0,-4.3682400963029016e-08,1446.0,ASK
757,1712306301.7900558,2053529.94074289,1432.0,8.706810592936552e-08,1446.0,BID
758,1712306301.7949276,2053598.55751615,1432.0,8.9420804686084e-09,1446.0,BID
759,1712306301.8099556,2054298.45210415,1436.0,9.12096769942956e-08,1446.0,BID
760,1712306310.2601418,2054298.45210415,1436.0,0.0,1446.0,BID
761,1712306340.1568632,2054298.45210415,1436.0,0.0,1446.0,BID
762,1712306359.7602773,2054879.18441612,1435.0,7.565506342216277e-08,1446.0,BID
763,1712306370.179696,2054879.18441612,1435.0,0.0,1446.0,BID
764,1712306400.181991,2054879.18441612,1435.0,0.0,1446.0,BID
765,1712306430.160282,2054879.18441612,1435.0,0.0,1446.0,BID
766,1712306431.3616123,2054943.28213531,1431.0,-8.400584742485699e-09,1446.0,ASK
767,1712306431.3667965,2055321.24479618,1431.0,-4.953541876779247e-08,1446.0,ASK
768,1712306444.2499814,2055376.96606446,1434.0,7.302775232286908e-09,1446.0,BID
769,1712306460.244255,2055376.96606446,1434.0,0.0,1446.0,BID
770,1712306485.550015,2055390.91306585,1432.0,1.827709769829308e-09,1446.0,BID
771,1712306486.9300785,2055396.69654861,1431.0,-7.579068538452845e-10,1446.0,ASK
772,1712306490.2643647,2055396.69654861,1431.0,-0.0,1446.0,ASK
773,1712306520.1703625,2055396.69654861,1431.0,-0.0,1446.0,ASK
774,1712306543.5903149,2055526.69654861,1430.0,-1.7036019705704124e-08,1446.0,ASK
775,1712306543.9341831,2055571.52172343,1430.0,-5.8741735503356485e-09,1446.0,ASK
776,1712306543.9394643,2055696.69654861,1430.0,-1.6403698372508205e-08,1446.0,ASK
777,1712306550.1499617,2055696.69654861,1430.0,-0.0,1446.0,ASK
778,1712306563.6323378,2056304.89995272,1430.0,-7.969832850806512e-08,1446.0,ASK
779,1712306580.2036717,2056304.89995272,1430.0,-0.0,1446.0,ASK
780,1712306582.3000245,2057514.89995272,1430.0,-1.585390471925895e-07,1446.0,ASK
781,1712306582.8998835,2057684.89995272,1430.0,-2.2274081010529103e-08,1446.0,ASK
782,1712306610.1600077,2057684.89995272,1430.0,-0.0,1446.0,ASK
783,1712306631.1111286,2057727.89314144,1430.0,-5.631683670690543e-09,1446.0,ASK
784,1712306631.1162274,2058766.61281424,1430.0,-1.3606203200703122e-07,1446.0,ASK
785,1712306631.1212263,2058780.59882822,1430.0,-1.8320298841400487e-09,1446.0,ASK
786,1712306640.233673,2058780.59882822,1430.0,-0.0,1446.0,ASK
787,1712306643.4502606,2058784.16526178,1430.0,4.670717571372709e-10,1446.0,BID
788,1712306654.9900663,2058812.12331072,1430.0,3.661477166306723e-09,1446.0,BID
789,1712306666.5601532,2058819.11631771,1430.0,9.158269760476798e-10,1446.0,BID
790,1712306670.244425,2058819.11631771,1430.0,0.0,1446.0,BID
791,1712306686.372744,2059574.39068971,1430.0,9.891247866393296e-08,1446.0,BID
792,1712306686.3899117,2059574.39069012,1430.0,5.3696481765522834e-17,1446.0,BID
793,1712306700.1820931,2059574.39069012,1430.0,0.0,1446.0,BID
794,1712306721.3400545,2059644.32076005,1430.0,-9.17182404068298e-09,1446.0,ASK
795,1712306723.7098885,2059648.06551529,1430.0,4.911511767443929e-10,1446.0,BID
796,1712306730.1500242,2059648.06551529,1430.0,0.0,1446.0,BID
797,1712306760.2435226,2059648.06551529,1430.0,0.0,1446.0,BID
798,1712306787.0400443,2059662.06131654,1429.0,-1.8356231123946907e-09,1446.0,ASK
799,1712306787.0453491,2060148.06551529,1429.0,-6.374201262306218e-08,1446.0,ASK
800,1712306790.243266,2060148.06551529,1429.0,-0.0,1446.0,ASK
801,1712306795.3498168,2060371.25431529,1429.0,-2.9269644781918602e-08,1446.0,ASK
802,1712306798.3601136,2060385.25011654,1429.0,-1.8354511114607467e-09,1446.0,ASK
803,1712306798.3668735,2060385.25018783,1429.0,-9.349207048508416e-15,1446.0,ASK
804,1712306820.1598625,2060385.25018783,1429.0,-0.0,1446.0,ASK
805,1712306850.2064078,2060385.25018783,1429.0,-0.0,1446.0,ASK
806,1712306880.2442632,2060385.25018783,1429.0,-0.0,1446.0,ASK
807,1712306910.2333307,2060385.25018783,1429.0,-0.0,1446.0,ASK
808,1712306940.1834147,2060385.25018783,1429.0,-0.0,1446.0,ASK
809,1712306951.2030602,2063448.25179883,1431.0,4.016733110946338e-07,1446.0,BID
810,1712306951.2198548,2063448.25179899,1431.0,2.0975997707443936e-17,1446.0,BID
811,1712306951.279827,2064729.51672399,1432.0,1.6802143458428301e-07,1446.0,BID
812,1712306961.3799565,2065229.51672399,1432.0,6.556857653161767e-08,1446.0,BID
813,1712306970.1602387,2065229.51672399,1432.0,0.0,1446.0,BID
814,1712307000.1799097,2065229.51672399,1432.0,0.0,1446.0,BID
815,1712307030.1480842,2065229.51672399,1432.0,0.0,1446.0,BID
816,1712307034.2267172,2065250.52512399,1428.0,-2.7696984549838844e-09,1446.0,ASK
817,1712307034.2299707,2065254.02722483,1428.0,-4.617088062734833e-10,1446.0,ASK
818,1712307034.233081,2065368.03282399,1428.0,-1.5030232281114046e-08,1446.0,ASK
819,1712307034.427148,2065368.03282707,1428.0,-4.060446904910726e-16,1446.0,ASK
820,1712307036.837347,2065371.96139849,1428.0,5.179336928260453e-10,1446.0,BID
821,1712307060.2519617,2065371.96139849,1428.0,0.0,1446.0,BID
822,1712307070.0697532,2065381.96139849,1427.0,-1.318341321252822e-09,1446.0,ASK
823,1712307070.0732152,2065417.70141249,1427.0,-4.711753727848263e-09,1446.0,ASK
824,1712307090.229925,2065417.70141249,1427.0,-0.0,1446.0,ASK
825,1712307120.1699462,2065417.70141249,1427.0,-0.0,1446.0,ASK
826,1712307146.3897152,2065487.77849728,1427.0,9.238472158606673e-09,1446.0,BID
827,1712307150.159681,2065487.77849728,1427.0,0.0,1446.0,BID
828,1712307174.3596275,2065497.77849728,1427.0,1.3183125973848782e-09,1446.0,BID
829,1712307180.2471995,2065497.77849728,1427.0,0.0,1446.0,BID
830,1712307197.7301898,2065501.75991728,1426.0,-5.24874626717372e-10,1446.0,ASK
831,1712307197.7372751,2065547.55947542,1426.0,-6.037802086569152e-09,1446.0,ASK
832,1712307197.9305005,2065547.55947593,1426.0,6.722051550097161e-17,1446.0,BID
833,1712307197.9404185,2068905.77533293,1426.0,4.4271699404867733e-07,1446.0,BID
834,1712307201.7699049,2070866.46142296,1427.0,2.584792309409659e-07,1446.0,BID
835,1712307210.2577136,2070866.46142296,1427.0,0.0,1446.0,BID
836,1712307211.899884,2073025.90314896,1427.0,2.843942850398196e-07,1446.0,BID
837,1712307217.3448656,2073025.90314989,1427.0,1.2246939583429319e-16,1446.0,BID
838,1712307233.610162,2073032.89615688,1429.0,9.209654510566124e-10,1446.0,BID
839,1712307240.163247,2073032.89615688,1429.0,0.0,1446.0,BID
840,1712307246.229702,2073036.63620688,1426.0,-4.923568661568287e-10,1446.0,ASK
841,1712307246.3696854,2073039.90877961,1426.0,4.3081607295053115e-10,1446.0,BID
842,1712307270.1719668,2073039.90877961,1426.0,0.0,1446.0,BID
843,1712307286.5196867,2073682.34560315,1430.0,8.45731379923495e-08,1446.0,BID
844,1712307300.1877372,2073682.34560315,1430.0,0.0,1446.0,BID
845,1712307330.1641746,2073682.34560315,1430.0,0.0,1446.0,BID
846,1712307360.2531464,2073682.34560315,1430.0,0.0,1446.0,BID
847,1712307378.3800309,2073690.73721154,1430.0,1.1064454142443047e-09,1446.0,BID
848,1712307378.3847234,2074252.52157764,1430.0,7.407206184742205e-08,1446.0,BID
849,1712307378.3900197,2074381.64630245,1430.0,1.7025277275975945e-08,1446.0,BID
850,1712307385.4301212,2074385.74770105,1430.0,5.407751961337749e-10,1446.0,BID
851,1712307390.253441,2074385.74770105,1430.0,0.0,1446.0,BID
852,1712307391.429865,2074664.68772894,1426.0,-3.6773759400092295e-08,1446.0,ASK
853,1712307398.7599769,2075769.68772894,1430.0,1.4567648983358618e-07,1446.0,BID
854,1712307398.7656882,2077460.49262404,1430.0,2.2290544987475645e-07,1446.0,BID
855,1712307420.1499565,2077460.49262404,1430.0,0.0,1446.0,BID
856,1712307435.9400911,2077801.30275789,1426.0,-4.490431589069975e-08,1446.0,ASK
857,1712307450.163767,2077801.30275789,1426.0,-0.0,1446.0,ASK
858,1712307480.2439437,2077801.30275789,1426.0,-0.0,1446.0,ASK
859,1712307498.6901968,2077859.82619349,1427.0,7.710412078997009e-09,1446.0,BID
860,1712307510.2348332,2077859.82619349,1427.0,0.0,1446.0,BID
861,1712307540.164046,2077859.82619349,1427.0,0.0,1446.0,BID
862,1712307553.840309,2077887.79822146,1430.0,3.685249970704575e-09,1446.0,BID
863,1712307570.185284,2077887.79822146,1430.0,0.0,1446.0,BID
864,1712307595.030472,2077957.69334382,1430.0,9.208472138121529e-09,1446.0,BID
865,1712307600.2029223,2077957.69334382,1430.0,0.0,1446.0,BID
866,1712307605.690353,2077975.91338586,1427.0,-2.407060623122149e-09,1446.0,ASK
867,1712307605.7003362,2078757.4392312,1427.0,-1.0324784565004436e-07,1446.0,ASK
868,1712307605.790468,2079716.6281712,1427.0,1.2671902307116796e-07,1446.0,BID
869,1712307605.800326,2079716.62817214,1427.0,1.2420643793513708e-16,1446.0,BID
870,1712307606.8202405,2079720.90789241,1430.0,5.653963979320388e-10,1446.0,BID
871,1712307630.152566,2079720.90789241,1430.0,0.0,1446.0,BID
872,1712307660.235753,2079720.90789241,1430.0,0.0,1446.0,BID
873,1712307662.3106608,2079755.63409228,1426.0,-4.5861745084229915e-09,1446.0,ASK
874,1712307690.2449548,2079755.63409228,1426.0,-0.0,1446.0,ASK
875,1712307720.1606882,2079755.63409228,1426.0,-0.0,1446.0,ASK
876,1712307731.5706851,2080708.05702634,1426.0,-1.257825282320105e-07,1446.0,ASK
877,1712307750.1602964,2080708.05702634,1426.0,-0.0,1446.0,ASK
878,1712307758.1499846,2080714.36838678,1426.0,-8.333655970224404e-10,1446.0,ASK
879,1712307758.1534393,2083600.62966614,1426.0,-3.811081425485473e-07,1446.0,ASK
880,1712307758.2805662,2084818.5298733,1426.0,1.6081416089369064e-07,1446.0,BID
881,1712307758.3009305,2085399.4250813,1430.0,7.670265173820266e-08,1446.0,BID
882,1712307780.2313972,2085399.4250813,1430.0,0.0,1446.0,BID
883,1712307810.2408326,2085399.4250813,1430.0,0.0,1446.0,BID
884,1712307840.1867712,2085399.4250813,1430.0,0.0,1446.0,BID
885,1712307861.981019,2085414.6239809,1426.0,-2.005123532832802e-09,1446.0,ASK
886,1712307861.9851685,2086098.7257806,1426.0,-9.0250521651947e-08,1446.0,ASK
887,1712307870.1608503,2086098.7257806,1426.0,-0.0,1446.0,ASK
888,1712307900.236157,2086098.7257806,1426.0,-0.0,1446.0,ASK
889,1712307930.2359152,2086098.7257806,1426.0,-0.0,1446.0,ASK
890,1712307950.5708368,2086311.83203508,1426.0,-2.8537216790967134e-08,1446.0,ASK
891,1712307955.798701,2086316.46839871,1430.0,6.208588966684292e-10,1446.0,BID
892,1712307960.1607995,2086316.46839871,1430.0,0.0,1446.0,BID
893,1712307962.5407698,2086351.53151232,1426.0,-4.695132349003461e-09,1446.0,ASK
894,1712307964.6909373,2086405.13851232,1426.0,-7.178254693283e-09,1446.0,ASK
895,1712307985.0708756,2086440.12801546,1429.0,4.6852755261768935e-09,1446.0,BID
896,1712307990.1548395,2086440.12801546,1429.0,0.0,1446.0,BID
897,1712308020.2449586,2086440.12801546,1429.0,0.0,1446.0,BID
898,1712308031.131031,2086510.20501546,1427.0,-9.383451218450204e-09,1446.0,ASK
899,1712308050.254706,2086510.20501546,1427.0,-0.0,1446.0,ASK
900,1712308053.4410195,2086550.36847689,1426.0,-5.377896239502812e-09,1446.0,ASK
901,1712308053.4467711,2087010.20501546,1426.0,-6.157221274047214e-08,1446.0,ASK
902,1712308054.214187,2087183.31233546,1426.0,-2.317910787845636e-08,1446.0,ASK
903,1712308065.8955705,2087183.3123363,1426.0,-1.1248327475029494e-16,1446.0,ASK
904,1712308066.163612,2087201.55795015,1425.0,-2.4430916713220128e-09,1446.0,ASK
905,1712308066.1670904,2088586.1936123,1425.0,-1.854030169570185e-07,1446.0,ASK
1106,1712308066.180807,2088586.19361248,1425.0,-2.409910515021563e-17,1446.0,ASK
906,1712308066.180807,2088586.19361248,1425.0,-2.4099105150215628e-17,1446.0,ASK
907,1712308068.5546136,2088593.21608439,1424.0,-9.40310519350144e-10,1446.0,ASK
908,1712308068.558183,2090520.07074548,1424.0,-2.580062590971054e-07,1446.0,ASK
909,1712308068.675399,2092855.72654948,1424.0,-3.1274482123503497e-07,1446.0,ASK
910,1712308069.4667509,2096734.85351348,1424.0,-5.194159459738949e-07,1446.0,ASK
911,1712308070.7842095,2096738.41103296,1425.0,-4.763526337848881e-10,1446.0,ASK
912,1712308070.8108213,2106441.28923596,1424.0,-1.2992175062205707e-06,1446.0,ASK
913,1712308070.8208308,2113082.28829196,1424.0,-8.892312210701945e-07,1446.0,ASK
914,1712308072.221088,2114042.28829196,1424.0,-1.2854420924155194e-07,1446.0,ASK
915,1712308074.1359737,2114316.16033444,1424.0,-3.667152618119861e-08,1446.0,ASK
916,1712308074.1870692,2114595.85160232,1424.0,-3.7450721730646216e-08,1446.0,ASK
917,1712308074.5111334,2115000.56310765,1424.0,-5.419095877454655e-08,1446.0,ASK
918,1712308074.7057662,2115670.05272568,1424.0,-8.964480577619108e-08,1446.0,ASK
919,1712308076.3351552,2115920.05272568,1424.0,-3.347505448998748e-08,1446.0,ASK
920,1712308076.4639466,2117007.65272568,1424.0,-1.4562987705319165e-07,1446.0,ASK
921,1712308076.680982,2117148.62890246,1424.0,-1.887674079802692e-08,1446.0,ASK
922,1712308076.8207846,2117292.8405456,1424.0,-1.9309970448785984e-08,1446.0,ASK
923,1712308076.9660895,2117490.7887626,1424.0,-2.6505309401129883e-08,1446.0,ASK
924,1712308078.1610825,2117891.55198437,1424.0,-5.3662282745342696e-08,1446.0,ASK
925,1712308078.2714405,2118001.66253037,1424.0,-1.4743826109067156e-08,1446.0,ASK
926,1712308080.1444206,2118001.66253037,1424.0,-0.0,1446.0,ASK
1127,1712308080.7310464,2118308.46819334,1424.0,-4.0836125518965254e-08,1446.0,ASK
927,1712308080.7310464,2118308.46819334,1424.0,-4.083612551896525e-08,1446.0,ASK
928,1712308080.87235,2118777.1762931,1424.0,-6.238549382782303e-08,1446.0,ASK
929,1712308081.4202957,2118781.41586261,1424.0,-5.642907336694957e-10,1446.0,ASK
930,1712308081.4238122,2119205.4770931,1424.0,-5.6442953068000665e-08,1446.0,ASK
931,1712308083.5412154,2119219.53190687,1423.0,-1.870709079180106e-09,1446.0,ASK
932,1712308083.5487406,2119219.53195736,1424.0,-6.720239163868751e-15,1446.0,ASK
933,1712308083.5559783,2120165.4770931,1423.0,-1.259061971776807e-07,1446.0,ASK
934,1712308089.041674,2129346.43989832,1423.0,-1.221994880633935e-06,1446.0,ASK
935,1712308089.0512064,2129473.35114402,1423.0,-1.6892007497521523e-08,1446.0,ASK
936,1712308095.8110712,2130165.4770931,1423.0,9.212262204666765e-08,1446.0,BID
937,1712308110.237253,2130165.4770931,1423.0,0.0,1446.0,BID
938,1712308111.7785714,2130415.4770931,1423.0,-3.3198747210724884e-08,1446.0,ASK
939,1712308112.8908458,2130473.35114402,1423.0,-7.685383946201236e-09,1446.0,ASK
940,1712308117.7920098,2130480.38349282,1422.0,-9.33860680433373e-10,1446.0,ASK
941,1712308117.7997797,2130483.90037045,1422.0,-4.670237256721987e-10,1446.0,ASK
942,1712308117.8044682,2130712.8123919,1422.0,-3.0398369334427395e-08,1446.0,ASK
943,1712308138.1312056,2130802.3572919,1423.0,1.1891113996451222e-08,1446.0,BID
944,1712308138.1910222,2130802.35738785,1423.0,1.2741675714993986e-14,1446.0,BID
945,1712308140.2463078,2130802.35738785,1423.0,0.0,1446.0,BID
946,1712308170.2212942,2130802.35738785,1423.0,0.0,1446.0,BID
947,1712308179.4347446,2130939.12748785,1422.0,-1.8160198909598426e-08,1446.0,ASK
948,1712308184.751314,2130939.12750422,1422.0,-2.1736352742224155e-15,1446.0,ASK
949,1712308184.8909807,2133718.19247613,1422.0,3.690015045147762e-07,1446.0,BID
950,1712308196.4409945,2133743.19247613,1421.0,-3.319475329333404e-09,1446.0,ASK
951,1712308200.225164,2133743.19247613,1421.0,-0.0,1446.0,ASK
952,1712308204.460916,2133818.19247613,1421.0,-1.0026662769295305e-08,1446.0,ASK
953,1712308204.464594,2133898.76298782,1421.0,-1.0771377998185927e-08,1446.0,ASK
954,1712308204.5159757,2134153.41061594,1421.0,3.404354522882174e-08,1446.0,BID
955,1712308208.2747414,2134158.06651481,1424.0,6.22441704761623e-10,1446.0,BID
956,1712308226.9411256,2136230.12360167,1421.0,-2.7701090198229257e-07,1446.0,ASK
957,1712308226.948912,2136235.62884167,1422.0,-7.35989132629748e-10,1446.0,ASK
958,1712308230.1638925,2136235.62884167,1422.0,-0.0,1446.0,ASK
959,1712308260.2455237,2136235.62884167,1422.0,-0.0,1446.0,ASK
960,1712308265.9116268,2136241.93843855,1420.0,-8.431234533207367e-10,1446.0,ASK
961,1712308290.2356143,2136241.93843855,1420.0,-0.0,1446.0,ASK
962,1712308306.3870342,2136388.93843855,1424.0,1.96429346618558e-08,1446.0,BID
963,1712308319.4714549,2136599.50731141,1424.0,2.8137351097984604e-08,1446.0,BID
964,1712308320.164112,2136599.50731141,1424.0,0.0,1446.0,BID
965,1712308327.0814593,2136624.50731141,1423.0,-3.340407868139203e-09,1446.0,ASK
966,1712308350.1770954,2136624.50731141,1423.0,-0.0,1446.0,ASK
967,1712308375.967275,2137326.40355429,1424.0,9.37843434988474e-08,1446.0,BID
968,1712308380.240177,2137326.40355429,1424.0,0.0,1446.0,BID
969,1712308382.3413868,2137631.94681551,1424.0,4.081991903858636e-08,1446.0,BID
970,1712308382.3814652,2137740.06872755,1424.0,1.4444853662170112e-08,1446.0,BID
971,1712308382.5014975,2137977.04110529,1424.0,3.1658997272942194e-08,1446.0,BID
972,1712308410.2315116,2137977.04110529,1424.0,0.0,1446.0,BID
973,1712308415.3115723,2138002.04110529,1423.0,-3.339532578293968e-09,1446.0,ASK
974,1712308422.2814815,2138207.33286455,1424.0,2.7423140724161946e-08,1446.0,BID
975,1712308422.3814628,2139171.49376455,1424.0,1.2879386945069168e-07,1446.0,BID
976,1712308423.101696,2139624.00738512,1424.0,6.044735912058897e-08,1446.0,BID
977,1712308426.1515172,2140135.65608512,1424.0,6.834670009170404e-08,1446.0,BID
978,1712308426.9746077,2140601.72438512,1424.0,6.225801086239362e-08,1446.0,BID
979,1712308430.0951655,2141758.96948512,1424.0,1.5458630850083468e-07,1446.0,BID
980,1712308433.8216164,2142041.29549593,1424.0,3.771347643201903e-08,1446.0,BID
981,1712308440.171521,2142041.29549593,1424.0,0.0,1446.0,BID
982,1712308442.311424,2142401.9395049,1424.0,4.813808122000792e-08,1446.0,BID
983,1712308442.4117415,2142753.0631004,1424.0,4.686731440989117e-08,1446.0,BID
1183,1712308442.4117415,2142753.0631004,1424.0,4.6867314409891174e-08,1446.0,BID
984,1712308445.8915246,2142921.27666919,1424.0,2.2452829480916023e-08,1446.0,BID
985,1712308445.8963633,2144162.15466502,1424.0,1.656300514127604e-07,1446.0,BID
986,1712308445.9113832,2146287.28253968,1424.0,2.8365805528143985e-07,1446.0,BID
987,1712308445.9153297,2147125.63781104,1424.0,1.1190207833818337e-07,1446.0,BID
988,1712308445.9312558,2147345.01569951,1424.0,2.9282146245003503e-08,1446.0,BID
989,1712308445.9512672,2147797.21569951,1424.0,6.035880199389105e-08,1446.0,BID
990,1712308445.9715276,2149254.23190975,1424.0,1.944797720825303e-07,1446.0,BID
991,1712308445.975885,2149752.47498785,1424.0,6.650454510361365e-08,1446.0,BID
992,1712308445.991508,2149866.14305333,1427.0,1.5172198711478362e-08,1446.0,BID
993,1712308445.995567,2150062.6344991,1427.0,2.6227307095801043e-08,1446.0,BID
994,1712308445.9999096,2150254.89931662,1427.0,2.566314473922865e-08,1446.0,BID
995,1712308470.1716895,2150254.89931662,1427.0,0.0,1446.0,BID
996,1712308492.5415025,2150314.02352714,1423.0,-7.879485676836319e-09,1446.0,ASK
997,1712308500.1642432,2150314.02352714,1423.0,-0.0,1446.0,ASK
998,1712308530.1723824,2150314.02352714,1423.0,-0.0,1446.0,ASK
999,1712308560.1638277,2150314.02352714,1423.0,-0.0,1446.0,ASK
1000,1712308590.163848,2150314.02352714,1423.0,-0.0,1446.0,ASK
1201,1712308599.4427648,2151274.02352714,1423.0,-1.28104917564476e-07,1446.0,ASK
1202,1712308606.7114232,2151278.85171788,1426.0,6.442864341235604e-10,1446.0,BID
1203,1712308620.2371695,2151278.85171788,1426.0,0.0,1446.0,BID
1204,1712308644.6911693,2152328.85171788,1423.0,-1.4008908757720708e-07,1446.0,ASK
1205,1712308646.1811967,2152347.82571647,1423.0,-2.531476333477393e-09,1446.0,ASK
1206,1712308646.1827416,2155079.35692313,1423.0,-3.644359185044409e-07,1446.0,ASK
1207,1712308648.1843328,2155100.46881313,1421.0,-2.816709911591573e-09,1446.0,ASK
1208,1712308648.1869652,2155254.40731503,1422.0,-2.053819454683984e-08,1446.0,ASK
1209,1712308648.191139,2155268.48191038,1421.0,-1.877806876740573e-09,1446.0,ASK
1210,1712308648.3012755,2155520.81027808,1421.0,3.3665191238972044e-08,1446.0,BID
1211,1712308648.303934,2156052.61585373,1421.0,7.095253129648173e-08,1446.0,BID
1212,1712308648.851107,2156184.2119748,1421.0,1.7557314789897617e-08,1446.0,BID
1213,1712308649.7188332,2156345.9961048,1421.0,2.158494395826511e-08,1446.0,BID
1214,1712308650.2384722,2156345.9961048,1421.0,0.0,1446.0,BID
1215,1712308651.0332549,2156614.2602048,1421.0,3.5756920168764533e-08,1446.0,BID
1216,1712308652.9492445,2156727.34814548,1421.0,1.5073490888057363e-08,1446.0,BID
1217,1712308653.002983,2156986.97274945,1421.0,3.4605361798349415e-08,1446.0,BID
1218,1712308653.0043902,2157606.08905245,1421.0,8.252200805688569e-08,1446.0,BID
1219,1712308653.0470772,2157867.13807797,1421.0,3.479522293764704e-08,1446.0,BID
1220,1712308658.7412798,2157956.55643218,1421.0,1.1918571859264516e-08,1446.0,BID
1221,1712308658.86126,2157996.68354789,1420.0,-5.348542995636997e-09,1446.0,ASK
1222,1712308658.8712993,2158019.86143521,1420.0,-3.0893804522646783e-09,1446.0,ASK
1223,1712308658.8734436,2161175.08417048,1420.0,-4.2055961815167654e-07,1446.0,ASK
1224,1712308661.0113516,2161304.42009201,1420.0,1.7239184151403545e-08,1446.0,BID
1225,1712308663.4866462,2161526.06644101,1420.0,2.9543240436969023e-08,1446.0,BID
1226,1712308663.6813602,2161626.74939222,1420.0,1.3420029921111495e-08,1446.0,BID
1227,1712308663.7043166,2161733.79582355,1420.0,1.4268218145558847e-08,1446.0,BID
1228,1712308665.77151,2161974.73058155,1420.0,3.2114192348867566e-08,1446.0,BID
1229,1712308666.511103,2162049.95291954,1420.0,1.0026384948342773e-08,1446.0,BID
1230,1712308668.2011025,2162352.04228388,1420.0,4.026548943577858e-08,1446.0,BID
1231,1712308668.9712696,2162453.86147952,1420.0,1.3571479933927733e-08,1446.0,BID
1232,1712308668.9911766,2162456.55643218,1420.0,3.592102228023901e-10,1446.0,BID
1233,1712308668.993791,2162555.48081596,1420.0,1.318563047969492e-08,1446.0,BID
1234,1712308669.5172925,2162755.8042003,1420.0,2.6701102614120663e-08,1446.0,BID
1235,1712308674.1714878,2162756.55643218,1420.0,1.0026498247375851e-10,1446.0,BID
1236,1712308674.1743643,2162896.73843146,1420.0,1.8684857785148173e-08,1446.0,BID
1237,1712308674.6727395,2163900.45640747,1420.0,1.3378556258615485e-07,1446.0,BID
1238,1712308674.7713945,2164019.89905475,1420.0,1.592050969000168e-08,1446.0,BID
1239,1712308674.791128,2164140.1442937,1420.0,1.6027487128590062e-08,1446.0,BID
1240,1712308675.3248832,2164604.2581857,1420.0,6.1861737688633e-08,1446.0,BID
1241,1712308675.4911213,2164686.89427705,1420.0,1.1014564086163344e-08,1446.0,BID
1242,1712308677.525077,2164703.69127705,1420.0,2.238872022263137e-09,1446.0,BID
1243,1712308678.313419,2164850.69127705,1420.0,1.959362905738177e-08,1446.0,BID
1244,1712308680.1512933,2164850.69127705,1420.0,0.0,1446.0,BID
1245,1712308683.9314098,2165089.92483937,1420.0,3.1836186479336674e-08,1446.0,BID
1246,1712308683.9911227,2165241.92483937,1420.0,2.0227514475524404e-08,1446.0,BID
1247,1712308686.2833476,2166277.68319237,1420.0,1.3783432288456346e-07,1446.0,BID
1248,1712308686.6413295,2166277.68319274,1420.0,4.926474007643656e-17,1446.0,BID
1249,1712308704.711306,2167744.94604266,1421.0,-1.9525710879049525e-07,1446.0,ASK
1250,1712308704.7912264,2169931.40104084,1421.0,2.909641455642413e-07,1446.0,BID
1251,1712308704.8312657,2170634.96506791,1421.0,9.362731277643449e-08,1446.0,BID
1252,1712308708.881668,2170641.96506791,1419.0,-9.315302718991502e-10,1446.0,ASK
1253,1712308708.8846135,2172674.87216815,1419.0,-2.7053064340458066e-07,1446.0,ASK
1254,1712308708.8874764,2172691.06935087,1420.0,-2.1554522890312864e-09,1446.0,ASK
1255,1712308708.8903248,2173134.96506791,1419.0,-5.9071756855613976e-08,1446.0,ASK
1256,1712308709.0012364,2174277.68319274,1421.0,1.5206807507530426e-07,1446.0,BID
1257,1712308710.165846,2174277.68319274,1421.0,0.0,1446.0,BID
1258,1712308719.1612134,2174628.1052433,1424.0,4.6549736104778695e-08,1446.0,BID
1259,1712308740.255124,2174628.1052433,1424.0,0.0,1446.0,BID
1260,1712308770.2372534,2174628.1052433,1424.0,0.0,1446.0,BID
1261,1712308778.87747,2174683.98225238,1419.0,-7.422157419181761e-09,1446.0,ASK
1262,1712308785.801288,2175609.29257575,1419.0,-1.2290920710949554e-07,1446.0,ASK
1263,1712308785.8812714,2175683.98225238,1419.0,9.921048865426468e-09,1446.0,BID
1264,1712308785.9211996,2175754.93744438,1423.0,9.424996316128269e-09,1446.0,BID
1265,1712308790.7474024,2175854.93744438,1418.0,-1.32830255974922e-08,1446.0,ASK
1266,1712308790.74886,2175869.04181673,1418.0,-1.873487389620545e-09,1446.0,ASK
1267,1712308790.7502584,2176252.95754309,1418.0,-5.0995624205188095e-08,1446.0,ASK
1268,1712308790.7516274,2176605.81569411,1417.0,-4.6870238522826486e-08,1446.0,ASK
1269,1712308790.752999,2176956.23774467,1418.0,-4.6546650675127684e-08,1446.0,ASK
1270,1712308790.754384,2177430.47825061,1417.0,-6.299348779772403e-08,1446.0,ASK
1271,1712308790.7557786,2177570.47825061,1418.0,-1.8596235836489083e-08,1446.0,ASK
1272,1712308790.881344,2177770.34113361,1418.0,2.6547837908736483e-08,1446.0,BID
1273,1712308790.901111,2177780.86023367,1418.0,1.3972547536249474e-09,1446.0,BID
1274,1712308800.20606,2177780.86023367,1418.0,0.0,1446.0,BID
1275,1712308810.5717587,2177916.93774064,1422.0,1.8094517341560562e-08,1446.0,BID
1276,1712308810.5811749,2177990.2540452,1422.0,9.749025932557505e-09,1446.0,BID
1277,1712308812.5413294,2178200.6540452,1418.0,-2.79773383084601e-08,1446.0,ASK
1278,1712308812.543867,2178490.2540452,1418.0,-3.850873181623688e-08,1446.0,ASK
1279,1712308816.4012337,2178495.27514224,1422.0,6.67666019782616e-10,1446.0,BID
1280,1712308830.143972,2178495.27514224,1422.0,0.0,1446.0,BID
1281,1712308842.6511736,2178500.28172224,1420.0,-6.656459154598912e-10,1446.0,ASK
1282,1712308854.8772972,2181505.72129661,1421.0,3.9958586035372933e-07,1446.0,BID
1283,1712308860.2413292,2181505.72129661,1421.0,0.0,1446.0,BID
1284,1712308883.0713017,2181893.22212747,1420.0,5.1490583294044434e-08,1446.0,BID
1285,1712308890.6458511,2181893.22212747,1420.0,0.0,1446.0,BID
1286,1712308891.31846,2181928.48305835,1418.0,-4.685081973099323e-09,1446.0,ASK
1287,1712308895.823026,2181932.37273304,1416.0,-5.168168937908885e-10,1446.0,ASK
1288,1712308900.35254,2181936.52065907,1420.0,5.511304717410825e-10,1446.0,BID
1289,1712308907.431296,2182136.52065907,1416.0,-2.6573784957902543e-08,1446.0,ASK
1290,1712308920.2206645,2182136.52065907,1416.0,-0.0,1446.0,ASK
1291,1712308948.1421807,2182156.52065907,1416.0,-2.657256829715671e-09,1446.0,ASK
1292,1712308948.1454494,2182177.72207248,1415.0,-2.8168800291387555e-09,1446.0,ASK
1293,1712308948.148175,2182196.0836544,1416.0,-2.4395719480891668e-09,1446.0,ASK
1294,1712308948.1506088,2182203.0836544,1416.0,-9.300398904004847e-10,1446.0,ASK
1295,1712308948.153058,2182242.41934344,1415.0,-5.226251417642425e-09,1446.0,ASK
1296,1712308948.1555402,2183612.58351761,1416.0,-1.820439054822793e-07,1446.0,ASK
1297,1712308948.157985,2183648.58351761,1415.0,-4.783062293488208e-09,1446.0,ASK
1298,1712308948.159677,2183652.18944981,1416.0,-4.79094398278728e-10,1446.0,ASK
1299,1712308948.1610773,2183655.72372542,1415.0,-4.695739001384871e-10,1446.0,ASK
1300,1712308948.16249,2183778.01770438,1414.0,-1.6248325541261884e-08,1446.0,ASK
1301,1712308948.2815387,2183909.54452337,1415.0,1.7475026902567965e-08,1446.0,BID
1302,1712308948.2848096,2183916.81020958,1415.0,9.653397152372108e-10,1446.0,BID
1303,1712308950.1660533,2183916.81020958,1415.0,0.0,1446.0,BID
1304,1712308952.074593,2184055.58450958,1417.0,1.8431775604394272e-08,1446.0,BID
1305,1712308980.2313344,2184055.58450958,1417.0,0.0,1446.0,BID
1306,1712308992.8016713,2184126.25588767,1415.0,-9.386211729742333e-09,1446.0,ASK
1307,1712308992.92117,2184321.25588767,1415.0,2.5898904715960867e-08,1446.0,BID
1308,1712308994.3913746,2185935.51648767,1415.0,2.143978536724811e-07,1446.0,BID
1309,1712309003.792023,2185935.51655764,1415.0,9.293031624961464e-15,1446.0,BID
1310,1712309003.7938857,2186434.53458767,1416.0,6.627702775024778e-08,1446.0,BID
1311,1712309004.091409,2186564.88458767,1416.0,1.7312421690912366e-08,1446.0,BID
1312,1712309010.2431383,2186564.88458767,1416.0,0.0,1446.0,BID
1313,1712309015.4363077,2187684.50658767,1417.0,1.486323749142987e-07,1446.0,BID
1314,1712309015.4398031,2187889.88458767,1417.0,2.72643980693068e-08,1446.0,BID
1315,1712309040.168723,2187889.88458767,1417.0,0.0,1446.0,BID
1316,1712309055.141467,2187895.88458767,1418.0,7.963152108184692e-10,1446.0,BID
1317,1712309055.1449893,2188279.47224986,1419.0,5.0909448347330254e-08,1446.0,BID
1318,1712309055.148326,2188456.02592218,1418.0,2.3432062465740435e-08,1446.0,BID
1319,1712309070.1673503,2188456.02592218,1418.0,0.0,1446.0,BID
1320,1712309091.3170934,2188749.31214127,1415.0,-3.892056410748807e-08,1446.0,ASK
1321,1712309091.3191586,2189456.02592218,1415.0,-9.378449182143293e-08,1446.0,ASK
1322,1712309100.241794,2189456.02592218,1415.0,-0.0,1446.0,ASK
1323,1712309112.5208735,2189525.92592218,1415.0,-9.296368324043569e-09,1446.0,ASK
1324,1712309112.8937988,2190162.73970309,1415.0,-8.469321117557685e-08,1446.0,ASK
1325,1712309117.1245463,2190288.73970309,1414.0,-1.6757402129199575e-08,1446.0,ASK
1326,1712309117.1262026,2190617.96109433,1414.0,-4.378488287734509e-08,1446.0,ASK
1327,1712309117.1279626,2190757.96109433,1414.0,-1.861933569911064e-08,1446.0,ASK
1328,1712309117.335081,2190772.115376,1413.0,-1.8824522999219052e-09,1446.0,ASK
1329,1712309117.3366792,2191064.28282133,1413.0,-3.885688389249914e-08,1446.0,ASK
1330,1712309117.338276,2191067.96109433,1413.0,-4.891928556096515e-10,1446.0,ASK
1331,1712309117.847358,2191073.3712782,1414.0,7.195287833223044e-10,1446.0,BID
1332,1712309119.541276,2191778.4112782,1414.0,9.376697458072613e-08,1446.0,BID
1333,1712309119.9618175,2191902.8009782,1414.0,1.654323987010649e-08,1446.0,BID
1334,1712309121.154857,2192108.1789782,1414.0,2.73142994800888e-08,1446.0,BID
1335,1712309121.21776,2192180.0789782,1414.0,9.562358834030864e-09,1446.0,BID
1336,1712309122.6945024,2192437.26335578,1414.0,3.420430187662792e-08,1446.0,BID
1337,1712309122.7628956,2192772.89518169,1414.0,4.463744027087727e-08,1446.0,BID
1338,1712309122.7645786,2192890.11505578,1414.0,1.5589687044929366e-08,1446.0,BID
1339,1712309122.771204,2193037.3602368,1414.0,1.95829103963252e-08,1446.0,BID
1340,1712309124.6719897,2193120.3602368,1412.0,-1.1038606164472736e-08,1446.0,ASK
1341,1712309124.741291,2193220.58805578,1417.0,1.3329824342748432e-08,1446.0,BID
1342,1712309126.1264858,2195886.61209658,1414.0,-3.545685471253974e-07,1446.0,ASK
1343,1712309130.2491956,2195886.61209658,1414.0,-0.0,1446.0,ASK
1344,1712309133.037202,2195956.39415812,1414.0,-9.269472786581652e-09,1446.0,ASK
1345,1712309133.361015,2196754.15696012,1414.0,-1.0597050904109758e-07,1446.0,ASK
1346,1712309133.5310664,2196754.15696037,1414.0,-3.3216636846475685e-17,1446.0,ASK
1347,1712309135.2612934,2196969.95696037,1414.0,2.8665708395669977e-08,1446.0,BID
1348,1712309135.8084004,2197020.25796037,1414.0,6.6817136145097286e-09,1446.0,BID
1349,1712309136.8013244,2197092.15796037,1414.0,9.550808311682713e-09,1446.0,BID
1350,1712309138.3407178,2197297.53596037,1414.0,2.72813061116392e-08,1446.0,BID
1351,1712309139.99169,2197963.04651504,1414.0,8.840283361642324e-08,1446.0,BID
1352,1712309140.0034394,2199405.99464965,1414.0,1.916734497536649e-07,1446.0,BID
1353,1712309140.0050764,2199420.88409498,1414.0,1.9778336330115212e-09,1446.0,BID
1354,1712309153.0811198,2199434.99842102,1417.0,1.8748709659801638e-09,1446.0,BID
1355,1712309156.5044496,2199953.59842102,1417.0,6.888802768308598e-08,1446.0,BID
1356,1712309158.0013266,2200025.49842102,1417.0,9.550808311620856e-09,1446.0,BID
1357,1712309158.9112208,2200467.26198157,1417.0,5.8681489372466944e-08,1446.0,BID
1358,1712309159.0120244,2200669.86458157,1417.0,2.691263694071259e-08,1446.0,BID
1359,1712309159.5607386,2200741.56458157,1417.0,9.52424139006789e-09,1446.0,BID
1360,1712309160.1599402,2200741.56458157,1417.0,0.0,1446.0,BID
1361,1712309161.061637,2204144.08408157,1417.0,4.515603298087498e-07,1446.0,BID
1362,1712309161.4044745,2204973.02585957,1417.0,1.1001177882035025e-07,1446.0,BID
1363,1712309161.6012812,2204973.02586012,1417.0,7.298526525593259e-17,1446.0,BID
1364,1712309166.481193,2208873.02586012,1417.0,5.175827166469308e-07,1446.0,BID
1365,1712309166.5214007,2210884.44557339,1417.0,2.669425844901116e-07,1446.0,BID
1366,1712309166.9938922,2210988.19787469,1417.0,1.3769332811588765e-08,1446.0,BID
1367,1712309167.5673575,2211686.42358168,1417.0,9.266398929654985e-08,1446.0,BID
1368,1712309167.6415362,2213664.63181423,1417.0,2.6253497207603253e-07,1446.0,BID
1369,1712309167.7813797,2213855.28851458,1417.0,2.5302721260069484e-08,1446.0,BID
1370,1712309167.8213046,2216642.86790748,1417.0,3.699494653964256e-07,1446.0,BID
1371,1712309168.2019656,2217054.63257128,1417.0,5.4646736745867264e-08,1446.0,BID
1372,1712309188.702,2217190.63257128,1417.0,-1.80490383240981e-08,1446.0,ASK
1373,1712309190.155225,2217190.63257128,1417.0,-0.0,1446.0,ASK
1374,1712309220.25694,2217190.63257128,1417.0,-0.0,1446.0,ASK
1375,1712309250.2489026,2217190.63257128,1417.0,-0.0,1446.0,ASK
1376,1712309272.181965,2217195.70529532,1417.0,-6.71142981623732e-10,1446.0,ASK
1377,1712309272.1918986,2217261.20420149,1417.0,-8.665784070306921e-09,1446.0,ASK
1378,1712309280.1358223,2217261.20420149,1417.0,-0.0,1446.0,ASK
1379,1712309290.312101,2217401.20420149,1417.0,-1.852235082559335e-08,1446.0,ASK
1380,1712309295.4719512,2217453.86645566,1417.0,-6.967348192887241e-09,1446.0,ASK
1381,1712309295.475032,2217467.13960312,1417.0,-1.756070670047747e-09,1446.0,ASK
1382,1712309310.151819,2217467.13960312,1417.0,-0.0,1446.0,ASK
1383,1712309311.0001204,2217482.76568989,1417.0,-2.0672906246308702e-09,1446.0,ASK
1384,1712309318.9855216,2218299.1780277,1419.0,1.080092281977188e-07,1446.0,BID
1385,1712309318.9974482,2219444.1780277,1421.0,1.51480521004974e-07,1446.0,BID
1386,1712309318.9996195,2220420.55444757,1421.0,1.2917206006885236e-07,1446.0,BID
1387,1712309319.0013857,2222537.65444757,1420.0,2.800868218512179e-07,1446.0,BID
1388,1712309333.772151,2223497.65444757,1420.0,-1.270055023273144e-07,1446.0,ASK
1389,1712309333.917415,2223997.65444757,1420.0,-6.614869912880958e-08,1446.0,ASK
1390,1712309334.845178,2225997.65444757,1420.0,-2.645947965152384e-07,1446.0,ASK
1391,1712309334.941945,2226058.78120813,1420.0,-8.086911386016071e-09,1446.0,ASK
1392,1712309340.2420144,2226058.78120813,1420.0,-0.0,1446.0,ASK
1393,1712309370.2532656,2226058.78120813,1420.0,-0.0,1446.0,ASK
1394,1712309383.642028,2228058.78120813,1419.0,-2.6416837274692724e-07,1446.0,ASK
1395,1712309390.851944,2228158.78120813,1420.0,1.3208418637346362e-08,1446.0,BID
1396,1712309400.227642,2228158.78120813,1420.0,0.0,1446.0,BID
1397,1712309402.6720498,2228977.66774794,1419.0,-1.0899316716625565e-07,1446.0,ASK
1398,1712309402.676113,2229156.47937585,1419.0,-2.3799689828325508e-08,1446.0,ASK
1399,1712309407.232029,2229162.04627725,1420.0,7.409502848258784e-10,1446.0,BID
1400,1712309430.1721594,2229162.04627725,1420.0,0.0,1446.0,BID
1401,1712309442.132085,2229171.20644501,1418.0,-1.21898028847784e-09,1446.0,ASK
1402,1712309460.2377374,2229171.20644501,1418.0,-0.0,1446.0,ASK
1403,1712309490.2392688,2229171.20644501,1418.0,-0.0,1446.0,ASK
1404,1712309494.222129,2230481.20644501,1419.0,-1.7432665640963661e-07,1446.0,ASK
1405,1712309494.3019114,2231691.20644501,1419.0,1.6101927805775597e-07,1446.0,BID
1406,1712309509.3283892,2233480.20644501,1418.0,-2.3806899871514497e-07,1446.0,ASK
1407,1712309509.3302991,2234442.60757743,1417.0,-1.2807035995393614e-07,1446.0,ASK
1408,1712309520.1975565,2234442.60757743,1417.0,-0.0,1446.0,ASK
1409,1712309530.082335,2234588.80757743,1421.0,1.9436049963447778e-08,1446.0,BID
1410,1712309530.0863829,2234731.03826004,1421.0,1.8908362883377952e-08,1446.0,BID
1411,1712309531.6521835,2234928.35937241,1417.0,-2.6232168254966112e-08,1446.0,ASK
1412,1712309531.6564069,2239051.94721782,1417.0,-5.481960286745019e-07,1446.0,ASK
1413,1712309531.7186987,2239278.95873495,1417.0,3.0179255740232926e-08,1446.0,BID
1414,1712309531.723374,2245197.30645412,1417.0,7.867941311290569e-07,1446.0,BID
1415,1712309531.752212,2245307.87397797,1417.0,1.4699014486189116e-08,1446.0,BID
1416,1712309531.7610006,2245536.22597744,1417.0,3.0357461497682893e-08,1446.0,BID
1417,1712309531.7963426,2245717.77533556,1417.0,2.413544730001773e-08,1446.0,BID
1418,1712309531.8120604,2245828.62593009,1417.0,1.4736646332180548e-08,1446.0,BID
1419,1712309532.0322533,2246011.8908542,1417.0,2.4363517247295137e-08,1446.0,BID
1420,1712309532.0923426,2246148.74392519,1417.0,1.8193455030243056e-08,1446.0,BID
1421,1712309532.1320176,2246302.87205302,1417.0,2.0490027313845922e-08,1446.0,BID
1422,1712309532.1519792,2246455.92298534,1417.0,2.034682330729315e-08,1446.0,BID
1423,1712309532.1918895,2246589.5234863,1417.0,1.7761053432307044e-08,1446.0,BID
1424,1712309532.251997,2246713.63340247,1417.0,1.649936068157679e-08,1446.0,BID
1425,1712309533.2119138,2247153.63340247,1417.0,5.8494268015960086e-08,1446.0,BID
1426,1712309533.221845,2247857.78440247,1417.0,9.361090299479649e-08,1446.0,BID
1427,1712309533.5269456,2247969.5442014,1417.0,1.4857517345506329e-08,1446.0,BID
1428,1712309533.5819569,2248052.61562719,1417.0,1.1043641465059725e-08,1446.0,BID
1429,1712309533.610032,2248974.09126119,1417.0,1.225023697849113e-07,1446.0,BID
1430,1712309533.881955,2249108.60642738,1417.0,1.7882650416655738e-08,1446.0,BID
1431,1712309534.041947,2249499.55292738,1417.0,5.197302125205937e-08,1446.0,BID
1432,1712309534.467958,2255307.67582738,1417.0,7.721406763232412e-07,1446.0,BID
1433,1712309534.6679504,2256816.59212738,1417.0,2.005976237860456e-07,1446.0,BID
1434,1712309534.685773,2259176.59212738,1417.0,3.137419829946951e-07,1446.0,BID
1435,1712309534.7021158,2261909.50362738,1417.0,3.633174039656713e-07,1446.0,BID
1436,1712309534.7078006,2262128.01856666,1417.0,2.9049707781247347e-08,1446.0,BID
1437,1712309534.71481,2262829.50362738,1419.0,9.325648897939649e-08,1446.0,BID
1438,1712309534.7167475,2263120.87921126,1419.0,3.873591249270528e-08,1446.0,BID
1439,1712309534.7286236,2263564.39415054,1419.0,5.8961549380317873e-08,1446.0,BID
1440,1712309550.1490135,2263564.39415054,1419.0,0.0,1446.0,BID
1441,1712309563.0020378,2263852.8248897,1417.0,-3.813519673508729e-08,1446.0,ASK
1442,1712309580.2357738,2263852.8248897,1417.0,-0.0,1446.0,ASK
1443,1712309595.0745409,2263873.93678273,1421.0,2.7911820108204713e-09,1446.0,BID
1444,1712309610.172085,2263873.93678273,1421.0,0.0,1446.0,BID
1445,1712309616.482124,2263958.08343225,1420.0,1.1124899246651421e-08,1446.0,BID
1446,1712309616.6034293,2264567.42263556,1420.0,-8.05597998552983e-08,1446.0,ASK
1447,1712309618.2520952,2265335.95765532,1420.0,-1.0160683415306845e-07,1446.0,ASK
1448,1712309619.1720204,2265658.19148554,1420.0,4.2602039599837495e-08,1446.0,BID
1449,1712309620.0221694,2266012.12379579,1420.0,4.6792846941738415e-08,1446.0,BID
1450,1712309621.8620374,2266276.88933599,1420.0,3.50042452729493e-08,1446.0,BID
1451,1712309640.2488878,2266276.88933599,1420.0,0.0,1446.0,BID
1452,1712309670.249638,2266276.88933599,1420.0,0.0,1446.0,BID
1453,1712309700.1720278,2266276.88933599,1420.0,0.0,1446.0,BID
1454,1712309715.4419754,2266776.88933599,1417.0,-6.635367369097036e-08,1446.0,ASK
1455,1712309716.8121877,2267014.88488699,1417.0,-3.158375826189793e-08,1446.0,ASK
1456,1712309716.8919957,2267320.18488699,1417.0,-4.0515553155743574e-08,1446.0,ASK
1457,1712309716.8955371,2267884.3438864,1417.0,-7.48680443133499e-08,1446.0,ASK
1458,1712309717.0522008,2268237.45123103,1416.0,-4.68599390468894e-08,1446.0,ASK
1459,1712309717.060798,2268272.76196549,1416.0,-4.68599390431198e-09,1446.0,ASK
1460,1712309717.0635214,2268348.78343441,1416.0,-1.008860748447408e-08,1446.0,ASK
1461,1712309719.0221574,2268615.75343441,1416.0,3.54288805305221e-08,1446.0,BID
1462,1712309719.411868,2268615.75391905,1416.0,6.431532126813497e-14,1446.0,BID
1463,1712309725.1021118,2269090.69891905,1417.0,6.302869110229358e-08,1446.0,BID
1464,1712309725.7820055,2269096.27760641,1417.0,7.403328014246762e-10,1446.0,BID
1465,1712309726.7325995,2269610.44360641,1417.0,6.823360597400964e-08,1446.0,BID
1466,1712309728.786584,2269896.81857176,1416.0,-3.800406200815095e-08,1446.0,ASK
1467,1712309730.1048424,2270316.65829476,1416.0,-5.571581596493895e-08,1446.0,ASK
1468,1712309730.165637,2270316.65829476,1416.0,-0.0,1446.0,ASK
1469,1712309731.8934124,2270316.65829567,1416.0,-1.206590641347146e-16,1446.0,ASK
1470,1712309732.4919982,2270420.07156545,1416.0,1.3713285848084272e-08,1446.0,BID
1471,1712309732.672799,2270523.03226829,1416.0,1.3653272468452854e-08,1446.0,BID
1472,1712309732.868534,2270875.96314748,1416.0,4.680097671450248e-08,1446.0,BID
1473,1712309735.312113,2271060.00114748,1416.0,2.4404660120296565e-08,1446.0,BID
1474,1712309735.872291,2272480.49584712,1415.0,-1.88367023915482e-07,1446.0,ASK
1475,1712309735.877397,2272912.51080998,1414.0,-5.72880510300525e-08,1446.0,ASK
1476,1712309735.8814151,2272918.01080998,1415.0,-7.29336499318094e-10,1446.0,ASK
1477,1712309759.6320524,2272934.20151421,1414.0,-2.146994826320486e-09,1446.0,ASK
1478,1712309760.2464328,2272934.20151421,1414.0,-0.0,1446.0,ASK
1479,1712309779.472134,2272952.74911908,1414.0,-2.458327984194368e-09,1446.0,ASK
1480,1712309779.476017,2273641.41509272,1414.0,-9.127684391721249e-08,1446.0,ASK
1481,1712309782.602002,2274348.62867123,1414.0,-9.373517190134513e-08,1446.0,ASK
1482,1712309790.248066,2274348.62867123,1414.0,-0.0,1446.0,ASK
1483,1712309817.3123882,2274362.7729428,1414.0,-1.874206617598776e-09,1446.0,ASK
1484,1712309817.3171277,2274981.58411679,1414.0,-8.19964458102385e-08,1446.0,ASK
1485,1712309817.3215766,2274985.12089189,1414.0,-4.686453639225409e-10,1446.0,ASK
1486,1712309820.1658173,2274985.12089189,1414.0,-0.0,1446.0,ASK
1487,1712309850.1719651,2274985.12089189,1414.0,-0.0,1446.0,ASK
1488,1712309858.8723116,2275027.19421665,1417.0,5.574320360900512e-09,1446.0,BID
1489,1712309858.8770254,2275067.72089188,1417.0,5.369403824929e-09,1446.0,BID
1490,1712309859.2120178,2275347.83168933,1417.0,3.7112049747478333e-08,1446.0,BID
1491,1712309880.2419925,2275347.83168933,1417.0,0.0,1446.0,BID
1492,1712309901.4520383,2275831.75668933,1416.0,6.411115162853654e-08,1446.0,BID
