,time,acc_trade_volume,trade_price,dev,high,ask_bid
0,1712300395.4536922,2822510.84956854,1549.0,0.0,1605.0,ASK
1,1712300400.766735,2822510.84956854,1549.0,-0.0,1605.0,ASK
2,1712300407.1453476,2822565.31878054,1552.0,4.502639516536319e-09,1605.0,BID
3,1712300430.6455278,2822565.31878054,1552.0,0.0,1605.0,BID
4,1712300460.9055538,2822565.31878054,1552.0,0.0,1605.0,BID
5,1712300465.735669,2822586.1370795,1552.0,1.7209105306039383e-09,1605.0,BID
6,1712300490.8855517,2822586.1370795,1552.0,0.0,1605.0,BID
7,1712300520.615547,2822586.1370795,1552.0,0.0,1605.0,BID
8,1712300539.7387738,2822589.39094548,1552.0,2.689747748035616e-10,1605.0,BID
9,1712300550.0757124,2822835.84083548,1552.0,-2.0372321438230543e-08,1605.0,ASK
10,1712300550.098547,2822835.84083586,1552.0,-3.1410307239035884e-17,1605.0,ASK
11,1712300550.4179947,2822842.28413482,1552.0,-5.326233155874651e-10,1605.0,ASK
12,1712300550.6156352,2822842.28413482,1552.0,-0.0,1605.0,ASK
13,1712300580.8359442,2822842.28413482,1552.0,-0.0,1605.0,ASK
14,1712300581.975809,2822971.31639282,1550.0,-1.0665860938360236e-08,1605.0,ASK
15,1712300585.255782,2822971.31639288,1550.0,-4.965436867660445e-18,1605.0,ASK
16,1712300589.586594,2823544.89013788,1549.0,-4.7411847989808816e-08,1605.0,ASK
17,1712300589.6659975,2826635.14719988,1549.0,-2.554419538030296e-07,1605.0,ASK
18,1712300590.2959087,2828812.82035989,1549.0,-1.800073830678039e-07,1605.0,ASK
19,1712300590.315956,2829505.81689387,1549.0,-5.728338616078057e-08,1605.0,ASK
20,1712300610.8860445,2829505.81689387,1549.0,-0.0,1605.0,ASK
21,1712300630.7660444,2829509.49505478,1549.0,-3.0377914492651366e-10,1605.0,ASK
22,1712300633.7359352,2829513.16676731,1550.0,3.032465734957909e-10,1605.0,BID
23,1712300636.4859476,2829516.83847984,1549.0,-3.0324657353424976e-10,1605.0,ASK
24,1712300640.647581,2829516.83847984,1549.0,-0.0,1605.0,ASK
25,1712300648.6660705,2829520.50438882,1550.0,3.0276683155388016e-10,1605.0,BID
26,1712300650.9776895,2829726.31754074,1549.0,-1.6998075032348518e-08,1605.0,ASK
27,1712300651.1160245,2830017.76451146,1549.0,-2.4070558319650427e-08,1605.0,ASK
28,1712300651.216064,2831789.76451146,1549.0,-1.46349194287633e-07,1605.0,ASK
29,1712300651.296107,2832550.62841291,1549.0,-6.283962694115581e-08,1605.0,ASK
30,1712300651.3061,2832671.30691516,1549.0,-9.96681804296015e-09,1605.0,ASK
31,1712300651.3074715,2832686.31877656,1549.0,-1.2398272125726891e-09,1605.0,ASK
32,1712300653.0861151,2832747.36457759,1548.0,-5.041762864212513e-09,1605.0,ASK
33,1712300653.087474,2833463.94386731,1548.0,-5.918216799871096e-08,1605.0,ASK
34,1712300653.0888312,2833545.76644852,1547.0,-6.757713789302109e-09,1605.0,ASK
35,1712300653.989709,2834810.66907557,1547.0,1.0446810401866245e-07,1605.0,BID
36,1712300660.2273948,2834814.33498455,1546.0,-3.0276683155388016e-10,1605.0,ASK
37,1712300670.6278963,2834814.33498455,1546.0,-0.0,1605.0,ASK
38,1712300700.886135,2834814.33498455,1546.0,-0.0,1605.0,ASK
39,1712300709.9564502,2835457.66899087,1546.0,-5.310937968217231e-08,1605.0,ASK
40,1712300709.9619594,2835480.7363705,1546.0,-1.904289546356976e-09,1605.0,ASK
41,1712300714.256277,2835484.39883422,1545.0,-3.0234866238135256e-10,1605.0,ASK
42,1712300723.1862907,2835681.97527017,1545.0,-1.6310597372459697e-08,1605.0,ASK
43,1712300723.1877947,2837558.9037684,1545.0,-1.5494674192489574e-07,1605.0,ASK
44,1712300723.1991053,2838104.58824689,1545.0,-4.504808368602149e-08,1605.0,ASK
45,1712300723.2861352,2839962.19342506,1545.0,-1.5335153705195049e-07,1605.0,ASK
46,1712300723.326197,2840808.40497944,1545.0,-6.985760163694185e-08,1605.0,ASK
47,1712300723.3497632,2841706.18035206,1545.0,-7.411436775511819e-08,1605.0,ASK
48,1712300723.5490916,2841709.83871705,1545.0,-3.0201029846115167e-10,1605.0,ASK
49,1712300723.5562403,2841713.11379795,1545.0,-2.703689114959902e-10,1605.0,ASK
50,1712300723.5577283,2841876.90224357,1545.0,-1.3521285460617374e-08,1605.0,ASK
51,1712300726.8462744,2841880.56060856,1544.0,-3.0201029849959365e-10,1605.0,ASK
52,1712300730.879116,2841880.56060856,1544.0,-0.0,1605.0,ASK
53,1712300760.5864413,2841880.56060856,1544.0,-0.0,1605.0,ASK
54,1712300761.0822666,2841884.21551685,1544.0,-3.0145323166052656e-10,1605.0,ASK
55,1712300761.0832295,2841945.32399123,1544.0,-5.040166708389355e-09,1605.0,ASK
56,1712300765.7862985,2841948.97889952,1543.0,-3.0145323166052656e-10,1605.0,ASK
57,1712300766.1262844,2841964.75828986,1543.0,-1.30146855534941e-09,1605.0,ASK
58,1712300778.8217788,2842010.13280522,1543.0,-3.742445283483145e-09,1605.0,ASK
59,1712300778.822503,2842042.53721221,1543.0,-2.672683534843264e-09,1605.0,ASK
60,1712300778.8232222,2842130.34295287,1543.0,-7.242130905213539e-09,1605.0,ASK
61,1712300779.2403328,2842195.19379593,1542.0,-5.3488335867972945e-09,1605.0,ASK
62,1712300782.00639,2842198.84524305,1541.0,-3.0116775777110725e-10,1605.0,ASK
63,1712300786.00637,2842407.2145686,1542.0,1.7186096500323777e-08,1605.0,BID
64,1712300790.5791564,2842407.2145686,1542.0,0.0,1605.0,BID
65,1712300816.802321,2842468.45604815,1541.0,-5.050798405372245e-09,1605.0,ASK
66,1712300816.8123028,2842502.10728427,1541.0,-2.775334805482737e-09,1605.0,ASK
67,1712300820.8806117,2842502.10728427,1541.0,-0.0,1605.0,ASK
68,1712300821.217173,2844107.40555456,1541.0,-1.323929503494044e-07,1605.0,ASK
69,1712300832.256568,2845711.40555456,1541.0,1.3228587876202594e-07,1605.0,BID
70,1712300834.3281865,2846198.96781136,1542.0,-4.021047480797132e-08,1605.0,ASK
71,1712300850.8766,2846198.96781136,1542.0,-0.0,1605.0,ASK
72,1712300867.7418494,2846231.43534382,1540.0,-2.6764207611329664e-09,1605.0,ASK
73,1712300867.7439308,2846897.01164217,1540.0,-5.48659564816163e-08,1605.0,ASK
74,1712300867.7459264,2848540.4735034,1540.0,-1.35476739753167e-07,1605.0,ASK
75,1712300867.746835,2849240.4735034,1540.0,-5.7703631623214745e-08,1605.0,ASK
76,1712300867.7967486,2849826.9445774,1540.0,4.834501544538167e-08,1605.0,BID
77,1712300867.7987905,2849826.94457785,1540.0,3.708107938991689e-17,1605.0,BID
78,1712300874.9064703,2849830.1934408,1539.0,-2.678159869552672e-10,1605.0,ASK
79,1712300874.90759,2849830.59233216,1539.0,-3.2882114424349806e-11,1605.0,ASK
80,1712300880.5706549,2849830.59233216,1539.0,-0.0,1605.0,ASK
81,1712300888.276719,2850159.8282395,1540.0,-2.7127647010553547e-08,1605.0,ASK
82,1712300889.7566698,2851090.03676085,1540.0,-7.664524995850727e-08,1605.0,ASK
83,1712300889.916745,2853327.29344927,1540.0,1.843404937384161e-07,1605.0,BID
84,1712300889.937343,2854160.68526707,1540.0,6.86679628519728e-08,1605.0,BID
85,1712300909.996739,2854225.620332,1540.0,5.350374855102317e-09,1605.0,BID
86,1712300910.606655,2854225.620332,1540.0,0.0,1605.0,BID
87,1712300912.5067456,2857028.68526707,1540.0,2.3083197042973895e-07,1605.0,BID
88,1712300925.2369869,2857223.61704094,1539.0,-1.6052601885482526e-08,1605.0,ASK
89,1712300925.2383978,2858467.51867636,1539.0,-1.0243511020111748e-07,1605.0,ASK
90,1712300925.239771,2863994.49183808,1539.0,-4.5514539797851414e-07,1605.0,ASK
91,1712300925.3366842,2865191.49183808,1539.0,9.857276766850845e-08,1605.0,BID
92,1712300925.4194753,2865191.63299169,1539.0,1.1623978308104927e-11,1605.0,BID
93,1712300929.5998578,2865698.06095069,1539.0,4.1704265282640186e-08,1605.0,BID
94,1712300930.0665789,2866674.95936715,1539.0,-8.044743579068333e-08,1605.0,ASK
95,1712300930.067441,2867424.16807975,1538.0,-6.169722336036678e-08,1605.0,ASK
96,1712300930.0682554,2867722.20405155,1538.0,-2.4543216879771333e-08,1605.0,ASK
97,1712300932.753178,2867726.10268702,1540.0,3.21052037086893e-10,1605.0,BID
98,1712300935.736932,2867730.00132312,1538.0,-3.2105208900891515e-10,1605.0,ASK
99,1712300940.5970848,2867833.30120012,1540.0,8.506729135893624e-09,1605.0,BID
100,1712300940.6183224,2867833.30120015,1540.0,2.492563845104664e-18,1605.0,BID
101,1712300940.6968184,2871083.30120015,1540.0,-2.676370049479135e-07,1605.0,ASK
102,1712300940.846808,2871083.30120015,1540.0,-0.0,1605.0,ASK
103,1712300941.8543022,2871826.8076915,1540.0,-6.109708777208291e-08,1605.0,ASK
104,1712300941.8553874,2877205.51199361,1538.0,-4.419909882015809e-07,1605.0,ASK
105,1712300957.5870874,2877663.99834676,1538.0,-3.7675771881764464e-08,1605.0,ASK
106,1712300966.4568248,2877771.22886674,1538.0,-8.811587480803511e-09,1605.0,ASK
107,1712300966.4668212,2881864.10629852,1538.0,-3.363291304098749e-07,1605.0,ASK
108,1712300966.5780132,2882031.72732852,1538.0,1.3774132306142511e-08,1605.0,BID
109,1712300966.5868125,2882255.65644186,1538.0,1.8401206783847823e-08,1605.0,BID
110,1712300970.888141,2882255.65644186,1538.0,0.0,1605.0,BID
111,1712300980.4969316,2883132.66332203,1538.0,-7.196575706499345e-08,1605.0,ASK
112,1712300980.4982383,2885699.40001318,1537.0,-2.1062223494671977e-07,1605.0,ASK
113,1712301000.6968825,2885699.40001318,1537.0,-0.0,1605.0,ASK
114,1712301016.147026,2885712.41237492,1537.0,-1.0766358106436107e-09,1605.0,ASK
115,1712301016.1569247,2887628.67898016,1537.0,-1.58550868099794e-07,1605.0,ASK
116,1712301016.158529,2887830.48695483,1537.0,-1.6697483265590945e-08,1605.0,ASK
117,1712301021.868908,2889852.48307684,1537.0,1.672988714422584e-07,1605.0,BID
118,1712301021.8783438,2890499.8942307,1537.0,5.356645060833465e-08,1605.0,BID
119,1712301021.9470172,2891424.8942307,1537.0,7.653400241453065e-08,1605.0,BID
120,1712301021.9907544,2892385.38141612,1537.0,7.947019304655164e-08,1605.0,BID
121,1712301022.917065,2893478.23784312,1537.0,9.042235288945517e-08,1605.0,BID
122,1712301024.1479871,2894159.50531488,1537.0,5.6367704139053584e-08,1605.0,BID
123,1712301024.1606526,2897198.38356288,1537.0,2.5143515153502775e-07,1605.0,BID
124,1712301024.1769755,2900745.09087513,1537.0,2.934526551344632e-07,1605.0,BID
125,1712301030.5871024,2900745.09087513,1537.0,0.0,1605.0,BID
126,1712301044.4571064,2901395.70896231,1537.0,-5.372898717678512e-08,1605.0,ASK
127,1712301044.597509,2907251.27174695,1537.0,4.835608845927581e-07,1605.0,BID
128,1712301044.5995934,2907659.17174695,1541.0,3.3684974797424813e-08,1605.0,BID
129,1712301059.8974116,2907686.19298252,1537.0,-2.231452903078561e-09,1605.0,ASK
130,1712301059.8996556,2908643.00701078,1537.0,-7.901509298299171e-08,1605.0,ASK
131,1712301060.887402,2908643.00701078,1537.0,-0.0,1605.0,ASK
132,1712301063.3472693,2908649.49630344,1541.0,5.35358468839365e-10,1605.0,BID
133,1712301083.987256,2908653.38483227,1543.0,3.2079872944612875e-10,1605.0,BID
134,1712301087.6498346,2908906.85327182,1537.0,-2.0910826926886974e-08,1605.0,ASK
135,1712301090.8972566,2908906.85327182,1537.0,-0.0,1605.0,ASK
136,1712301093.0871751,2908919.8402848,1540.0,1.0713763608028222e-09,1605.0,BID
137,1712301100.1073017,2909550.22010221,1541.0,-5.200380069983457e-08,1605.0,ASK
138,1712301100.12422,2911482.11502749,1541.0,-1.593735647820639e-07,1605.0,ASK
139,1712301100.2072086,2911502.11502749,1541.0,1.6499195965222003e-09,1605.0,BID
140,1712301106.7173126,2911502.64796329,1541.0,4.396506100795495e-11,1605.0,BID
141,1712301106.7200897,2912968.20731843,1541.0,1.2090275499557417e-07,1605.0,BID
142,1712301106.797207,2913096.82382416,1541.0,-1.0610344662004029e-08,1605.0,ASK
143,1712301106.7993076,2913526.33151425,1541.0,-3.5432657736841945e-08,1605.0,ASK
144,1712301106.877151,2914012.12415969,1541.0,-4.007594027788848e-08,1605.0,ASK
145,1712301113.137184,2915859.67466106,1541.0,1.5241548888872838e-07,1605.0,BID
146,1712301113.1572857,2915932.54298594,1541.0,6.0113438592647716e-09,1605.0,BID
147,1712301113.1595123,2916458.51254981,1541.0,4.339037453018597e-08,1605.0,BID
148,1712301120.5613158,2916458.51254981,1541.0,0.0,1605.0,BID
149,1712301129.2072957,2916546.40651476,1541.0,7.243944475089832e-09,1605.0,BID
150,1712301150.6272967,2916546.40651476,1541.0,0.0,1605.0,BID
151,1712301167.0474932,2918161.40651476,1541.0,1.3310174072511177e-07,1605.0,BID
152,1712301167.7171595,2918483.51227363,1541.0,2.6546648423023427e-08,1605.0,BID
153,1712301167.7771952,2918745.27345629,1541.0,-2.1573293539491948e-08,1605.0,ASK
154,1712301167.779961,2919197.92565847,1541.0,-3.7305756070111046e-08,1605.0,ASK
155,1712301167.797132,2920546.63519513,1541.0,-1.1115516226749505e-07,1605.0,ASK
156,1712301170.0771196,2921453.63519513,1541.0,7.475125624623926e-08,1605.0,BID
157,1712301177.9097035,2921453.68993952,1541.0,4.511810267843733e-12,1605.0,BID
158,1712301180.8505676,2921453.68993952,1541.0,0.0,1605.0,BID
159,1712301182.9267347,2921775.68993952,1542.0,2.6521403019825924e-08,1605.0,BID
160,1712301199.156479,2923228.51925867,1542.0,1.19661713950936e-07,1605.0,BID
161,1712301199.158813,2923459.4608349,1542.0,1.902141185474018e-08,1605.0,BID
162,1712301199.296358,2923463.4925014,1542.0,-3.32066621393725e-10,1605.0,ASK
163,1712301199.2987144,2924173.80164364,1542.0,-5.850433239133575e-08,1605.0,ASK
164,1712301206.1760986,2924486.47570564,1542.0,2.5753275814134374e-08,1605.0,BID
165,1712301206.1981328,2924486.47570614,1542.0,4.119220491026255e-17,1605.0,BID
166,1712301208.378287,2924490.35920128,1545.0,3.198625457470264e-10,1605.0,BID
167,1712301210.8757267,2924490.35920128,1545.0,0.0,1605.0,BID
168,1712301240.59855,2924490.35920128,1545.0,0.0,1605.0,BID
169,1712301254.344897,2926254.60437232,1544.0,1.452553361650739e-07,1605.0,BID
170,1712301254.3556314,2926843.77186448,1544.0,4.8507839803648064e-08,1605.0,BID
171,1712301254.7872157,2928848.84715848,1544.0,1.6508356698209498e-07,1605.0,BID
172,1712301254.789497,2928848.84715876,1544.0,2.3041872269387934e-17,1605.0,BID
173,1712301270.5742557,2928848.84715876,1544.0,0.0,1605.0,BID
174,1712301300.6869676,2928848.84715876,1544.0,0.0,1605.0,BID
175,1712301330.64286,2928848.84715876,1544.0,0.0,1605.0,BID
176,1712301360.586414,2928848.84715876,1544.0,0.0,1605.0,BID
177,1712301390.565895,2928848.84715876,1544.0,0.0,1605.0,BID
178,1712301398.6814964,2930492.93880676,1546.0,1.362399978836098e-07,1605.0,BID
179,1712301398.7415342,2932589.96293176,1546.0,1.7377289319568845e-07,1605.0,BID
180,1712301398.744043,2932754.33244976,1546.0,1.3620714399739638e-08,1605.0,BID
181,1712301420.860935,2932754.33244976,1546.0,0.0,1605.0,BID
182,1712301436.870854,2933331.43875966,1550.0,4.779882142612705e-08,1605.0,BID
183,1712301450.7394972,2935043.07097062,1550.0,1.4176591209522397e-07,1605.0,BID
184,1712301450.740651,2935614.78708962,1550.0,4.735237894598685e-08,1605.0,BID
185,1712301450.860468,2935614.78708962,1550.0,0.0,1605.0,BID
186,1712301456.7813363,2937283.62849531,1550.0,1.381710249187898e-07,1605.0,BID
187,1712301456.783893,2937841.05171134,1550.0,4.615162160393563e-08,1605.0,BID
188,1712301461.900405,2939468.82391716,1550.0,1.347707177240311e-07,1605.0,BID
189,1712301462.0004687,2940012.52014007,1550.0,4.5015100960362027e-08,1605.0,BID
190,1712301480.5947044,2940012.52014007,1550.0,0.0,1605.0,BID
191,1712301510.6135874,2940012.52014007,1550.0,0.0,1605.0,BID
192,1712301531.744165,2940015.74659168,1550.0,2.669820329960306e-10,1605.0,BID
193,1712301540.9015396,2940015.74659168,1550.0,0.0,1605.0,BID
194,1712301542.0489402,2940019.04659168,1550.0,2.7306789336426755e-10,1605.0,BID
195,1712301555.478885,2940049.04659168,1550.0,2.4824353943607323e-09,1605.0,BID
196,1712301570.8885827,2940049.04659168,1550.0,0.0,1605.0,BID
197,1712301600.6280496,2940049.04659168,1550.0,0.0,1605.0,BID
198,1712301630.6326578,2940049.04659168,1550.0,0.0,1605.0,BID
199,1712301643.72737,2940360.48490901,1548.0,2.589538331958291e-08,1605.0,BID
200,1712301660.853752,2940360.48490901,1548.0,0.0,1605.0,BID
201,1712301674.007364,2941948.21506618,1548.0,1.320108370517297e-07,1605.0,BID
202,1712301674.0481193,2942470.74164767,1548.0,4.344514783747472e-08,1605.0,BID
203,1712301675.607177,2942659.28218579,1548.0,1.567608585313982e-08,1605.0,BID
204,1712301676.7599678,2942840.78514566,1548.0,1.5090950783782284e-08,1605.0,BID
205,1712301676.8404758,2943020.48514565,1548.0,1.4941044805215197e-08,1605.0,BID
206,1712301677.6293864,2943243.73514565,1548.0,1.8561982487206425e-08,1605.0,BID
207,1712301677.837941,2943441.13514564,1548.0,1.6412700303656454e-08,1605.0,BID
208,1712301677.9568956,2943857.96875564,1548.0,3.465737141724829e-08,1605.0,BID
209,1712301678.1570456,2943948.46875564,1548.0,7.52456624901313e-09,1605.0,BID
210,1712301683.2771485,2945496.50565888,1548.0,1.2871056612535805e-07,1605.0,BID
211,1712301683.2971096,2946005.96907583,1548.0,4.235901914133942e-08,1605.0,BID
212,1712301684.8468833,2946178.81558745,1548.0,1.4371215774505337e-08,1605.0,BID
213,1712301684.9468906,2946185.27553577,1548.0,5.371083878685825e-10,1605.0,BID
214,1712301688.6802137,2946191.73548409,1548.0,5.371083878298656e-10,1605.0,BID
215,1712301689.5269115,2946198.1996082,1547.0,-5.374555813038908e-10,1605.0,ASK
216,1712301690.9067476,2946198.1996082,1547.0,-0.0,1605.0,ASK
217,1712301701.408483,2946352.43633145,1546.0,-1.28142883808119e-08,1605.0,ASK
218,1712301703.3367183,2946845.0301386,1546.0,-4.092565613703848e-08,1605.0,ASK
219,1712301703.3768055,2948357.63373432,1546.0,1.256700626997584e-07,1605.0,BID
220,1712301703.3966606,2948855.40620266,1546.0,4.135590942896929e-08,1605.0,BID
221,1712301709.276684,2948980.50620266,1546.0,1.0393552473522665e-08,1605.0,BID
222,1712301714.5794892,2950455.29470849,1546.0,1.2252831113252946e-07,1605.0,BID
223,1712301714.6412735,2950766.97237278,1546.0,2.5894789437430684e-08,1605.0,BID
224,1712301720.6294754,2950766.97237278,1546.0,0.0,1605.0,BID
225,1712301750.6000433,2950766.97237278,1546.0,0.0,1605.0,BID
226,1712301780.9008434,2950766.97237278,1546.0,0.0,1605.0,BID
227,1712301782.295842,2951244.50858781,1546.0,3.9651373157990185e-08,1605.0,BID
228,1712301794.287105,2951407.7085878,1546.0,1.3551022718930294e-08,1605.0,BID
229,1712301810.879537,2951407.7085878,1546.0,0.0,1605.0,BID
230,1712301820.077569,2951588.9085878,1546.0,1.5044383399698915e-08,1605.0,BID
231,1712301827.525326,2951834.75436879,1546.0,2.0411689770524145e-08,1605.0,BID
232,1712301840.615965,2951834.75436879,1546.0,0.0,1605.0,BID
233,1712301843.2852662,2951913.56769703,1546.0,6.543228126250731e-09,1605.0,BID
234,1712301852.835076,2951967.31904399,1546.0,4.462536135798294e-09,1605.0,BID
235,1712301854.08503,2952153.63460321,1546.0,1.546826196363896e-08,1605.0,BID
236,1712301854.086491,2952463.46434237,1546.0,2.5722637387522965e-08,1605.0,BID
237,1712301857.6250432,2952559.94111878,1546.0,8.009680228353823e-09,1605.0,BID
238,1712301858.47519,2952632.14259278,1546.0,5.994299771137869e-09,1605.0,BID
239,1712301858.4951563,2952846.96571842,1546.0,1.7835012798568026e-08,1605.0,BID
240,1712301870.689351,2952846.96571842,1546.0,0.0,1605.0,BID
241,1712301900.9044893,2952846.96571842,1546.0,0.0,1605.0,BID
242,1712301930.8743658,2952846.96571842,1546.0,0.0,1605.0,BID
243,1712301935.764405,2953084.5272301,1550.0,1.9802220770064223e-08,1605.0,BID
244,1712301942.7955587,2953738.23241454,1550.0,5.449036878617055e-08,1605.0,BID
245,1712301942.7980387,2953741.87646645,1551.0,3.0375425677117406e-10,1605.0,BID
246,1712301942.7999344,2954229.23486225,1552.0,4.062433548071456e-08,1605.0,BID
247,1712301942.8016307,2954275.6332155,1553.0,3.867589610508423e-09,1605.0,BID
248,1712301942.8032973,2955212.43900668,1550.0,7.80885546840879e-08,1605.0,BID
249,1712301942.8049338,2955228.66465568,1551.0,1.352508162444426e-09,1605.0,BID
250,1712301942.8065746,2955913.90303867,1553.0,5.7118855845611553e-08,1605.0,BID
251,1712301960.6540215,2955913.90303867,1553.0,0.0,1605.0,BID
252,1712301990.623823,2955913.90303867,1553.0,0.0,1605.0,BID
253,1712301999.763899,2955933.22048876,1553.0,1.6095906632441915e-09,1605.0,BID
254,1712302020.9091303,2955933.22048876,1553.0,0.0,1605.0,BID
255,1712302050.873181,2955933.22048876,1553.0,0.0,1605.0,BID
256,1712302080.5874293,2955933.22048876,1553.0,0.0,1605.0,BID
257,1712302103.7629848,2956528.66465568,1553.0,4.961415566350415e-08,1605.0,BID
258,1712302103.7730515,2956660.6994271,1553.0,1.1001524687223518e-08,1605.0,BID
259,1712302103.7753377,2957220.56393873,1553.0,4.6649554355666297e-08,1605.0,BID
260,1712302110.5954158,2957220.56393873,1553.0,0.0,1605.0,BID
261,1712302119.937385,2957251.21997796,1553.0,2.553925726171882e-09,1605.0,BID
262,1712302140.8726516,2957251.21997796,1553.0,0.0,1605.0,BID
263,1712302170.8654404,2957251.21997796,1553.0,0.0,1605.0,BID
264,1712302178.472451,2957257.66327692,1552.0,5.36783032700394e-10,1605.0,BID
265,1712302181.1825662,2957579.62077852,1552.0,2.682186953912528e-08,1605.0,BID
266,1712302200.978194,2957579.62077852,1552.0,0.0,1605.0,BID
267,1712302201.3723369,2959027.35751189,1551.0,1.2088256735858873e-07,1605.0,BID
268,1712302206.5123806,2959193.1551908,1551.0,1.3843711102121373e-08,1605.0,BID
269,1712302228.7220862,2959196.80023722,1549.0,-3.0435269011698637e-10,1605.0,ASK
270,1712302228.7246687,2959817.76480978,1548.0,-5.1849062083998864e-08,1605.0,ASK
271,1712302230.8920133,2959817.76480978,1548.0,-0.0,1605.0,ASK
272,1712302254.0719686,2960284.93562776,1548.0,-3.8996353039533976e-08,1605.0,ASK
273,1712302254.0750213,2960548.45992683,1548.0,-2.199727852324249e-08,1605.0,ASK
274,1712302260.6462955,2960548.45992683,1548.0,-0.0,1605.0,ASK
275,1712302282.241736,2960667.6037851,1548.0,-9.944408209792788e-09,1605.0,ASK
276,1712302290.618289,2960667.6037851,1548.0,-0.0,1605.0,ASK
277,1712302307.1515017,2960767.6037851,1548.0,-8.346426977351564e-09,1605.0,ASK
278,1712302320.9078195,2960767.6037851,1548.0,-0.0,1605.0,ASK
279,1712302349.9114392,2961931.71783148,1552.0,9.71606734721592e-08,1605.0,BID
280,1712302349.9139743,2962064.00815407,1550.0,1.1041372515587395e-08,1605.0,BID
281,1712302350.851241,2962064.00815407,1550.0,0.0,1605.0,BID
282,1712302379.0213056,2962067.87413345,1552.0,3.2261280785724e-10,1605.0,BID
283,1712302380.635888,2962067.87413345,1552.0,0.0,1605.0,BID
284,1712302410.5856965,2962067.87413345,1552.0,0.0,1605.0,BID
285,1712302410.901059,2962241.52053565,1547.0,-1.44906425598398e-08,1605.0,ASK
286,1712302410.9042983,2962251.98465976,1547.0,-8.732221356312501e-10,1605.0,ASK
287,1712302440.8407326,2962251.98465976,1547.0,-0.0,1605.0,ASK
288,1712302451.6009889,2962351.98465976,1547.0,-8.344715451802844e-09,1605.0,ASK
289,1712302470.8763156,2962351.98465976,1547.0,-0.0,1605.0,ASK
290,1712302500.6204386,2962351.98465976,1547.0,-0.0,1605.0,ASK
291,1712302526.6717024,2962365.23287436,1550.0,1.115003494491077e-09,1605.0,BID
292,1712302530.64028,2962365.23287436,1550.0,0.0,1605.0,BID
293,1712302560.8404546,2962365.23287436,1550.0,0.0,1605.0,BID
294,1712302590.8367913,2962365.23287436,1550.0,0.0,1605.0,BID
295,1712302620.613045,2962365.23287436,1550.0,0.0,1605.0,BID
296,1712302650.5947683,2962365.23287436,1550.0,0.0,1605.0,BID
297,1712302658.1863437,2963830.7922295,1550.0,-1.23344996102646e-07,1605.0,ASK
298,1712302658.3799157,2964137.1117433,1550.0,2.5780586165493054e-08,1605.0,BID
299,1712302661.03065,2965909.1117433,1550.0,1.491357769491227e-07,1605.0,BID
300,1712302661.0497577,2966062.7117433,1550.0,1.2927344999621722e-08,1605.0,BID
301,1712302661.0698328,2966200.46294542,1550.0,1.1593472095845856e-08,1605.0,BID
302,1712302661.089768,2966524.5588219,1550.0,2.727668755352696e-08,1605.0,BID
303,1712302661.1099026,2966530.9165878,1550.0,5.350848516663841e-10,1605.0,BID
304,1712302661.4047527,2966754.1665878,1550.0,1.8789256322737952e-08,1605.0,BID
305,1712302661.419728,2967376.42071851,1550.0,5.237040250750213e-08,1605.0,BID
306,1712302661.4797988,2967526.52319694,1550.0,1.2632985182053344e-08,1605.0,BID
307,1712302664.309761,2968219.34492519,1552.0,5.8309541043904894e-08,1605.0,BID
308,1712302667.85969,2968413.25788069,1552.0,1.6320180180034323e-08,1605.0,BID
309,1712302667.8798883,2968671.47797488,1552.0,2.1732423459874825e-08,1605.0,BID
310,1712302673.9799442,2968767.47797488,1552.0,8.079590624783172e-09,1605.0,BID
311,1712302680.829764,2968767.47797488,1552.0,0.0,1605.0,BID
312,1712302683.4598608,2968891.87143023,1552.0,1.0460513400307085e-08,1605.0,BID
313,1712302683.4633064,2968924.39034601,1552.0,2.7345856204989687e-09,1605.0,BID
314,1712302696.6998217,2968983.25483498,1552.0,4.950041575230431e-09,1605.0,BID
315,1712302696.7095895,2969115.37468035,1552.0,1.1110242167127488e-08,1605.0,BID
316,1712302696.9922743,2969301.45499447,1553.0,1.5647894126820282e-08,1605.0,BID
317,1712302699.8196416,2969443.85339353,1553.0,1.1974587870089591e-08,1605.0,BID
318,1712302710.883026,2969443.85339353,1553.0,0.0,1605.0,BID
319,1712302740.2093644,2969541.59233532,1553.0,8.218352287355267e-09,1605.0,BID
320,1712302740.572635,2969541.59233532,1553.0,0.0,1605.0,BID
321,1712302751.4530652,2969673.02788052,1553.0,1.105158095058654e-08,1605.0,BID
322,1712302752.934162,2969749.97314774,1553.0,6.469839252027111e-09,1605.0,BID
323,1712302756.2893748,2969973.22314774,1553.0,1.877167583140316e-08,1605.0,BID
324,1712302770.618265,2969973.22314774,1553.0,0.0,1605.0,BID
325,1712302776.6251752,2969979.71081934,1553.0,5.454763914794991e-10,1605.0,BID
326,1712302776.6279476,2970617.13815095,1553.0,5.359419867860096e-08,1605.0,BID
327,1712302800.62911,2970617.13815095,1553.0,0.0,1605.0,BID
328,1712302830.615415,2970617.13815095,1553.0,0.0,1605.0,BID
329,1712302856.266607,2970623.46989545,1550.0,-5.323805027646029e-10,1605.0,ASK
330,1712302856.2694595,2971085.21208197,1550.0,-3.882382452552103e-08,1605.0,ASK
331,1712302856.2710228,2971236.27379933,1549.0,-1.2701446344981338e-08,1605.0,ASK
332,1712302856.2725804,2971261.05315416,1550.0,-2.083477212723458e-09,1605.0,ASK
333,1712302860.828993,2971261.05315416,1550.0,-0.0,1605.0,ASK
334,1712302890.8842292,2971261.05315416,1550.0,-0.0,1605.0,ASK
335,1712302920.628599,2971261.05315416,1550.0,-0.0,1605.0,ASK
336,1712302950.604112,2971261.05315416,1550.0,-0.0,1605.0,ASK
337,1712302960.5886424,2972199.4381131,1549.0,-7.889388811297526e-08,1605.0,ASK
338,1712302960.5922503,2972385.63231311,1549.0,-1.5654113211137635e-08,1605.0,ASK
339,1712302960.5949955,2972422.08392601,1550.0,-3.064637217671524e-09,1605.0,ASK
340,1712302980.8584008,2972422.08392601,1550.0,-0.0,1605.0,ASK
341,1712303010.8249364,2972422.08392601,1550.0,-0.0,1605.0,ASK
342,1712303028.0382946,2974357.56779697,1550.0,-1.626994990824916e-07,1605.0,ASK
343,1712303028.279954,2974441.86779697,1550.0,7.086376682590336e-09,1605.0,BID
344,1712303028.2982707,2975087.02908729,1550.0,5.423316636084357e-08,1605.0,BID
345,1712303040.6280882,2975087.02908729,1550.0,0.0,1605.0,BID
346,1712303044.138457,2975456.57297715,1550.0,3.105359692212243e-08,1605.0,BID
347,1712303070.6136806,2975456.57297715,1550.0,0.0,1605.0,BID
348,1712303100.6221268,2975456.57297715,1550.0,0.0,1605.0,BID
349,1712303130.627776,2975456.57297715,1550.0,0.0,1605.0,BID
350,1712303132.5877917,2975491.11297715,1550.0,-2.908460605307981e-09,1605.0,ASK
351,1712303160.6420577,2975491.11297715,1550.0,-0.0,1605.0,ASK
352,1712303183.8698845,2975528.24269661,1551.0,3.12651533018789e-09,1605.0,BID
353,1712303183.8728018,2975611.49595587,1551.0,7.010357071136474e-09,1605.0,BID
354,1712303190.637597,2975611.49595587,1551.0,0.0,1605.0,BID
355,1712303197.2577744,2977077.05531101,1551.0,1.2340577354003238e-07,1605.0,BID
356,1712303197.2614574,2977612.66094711,1551.0,4.5100068860040345e-08,1605.0,BID
357,1712303197.3776777,2979007.44065571,1551.0,-1.174458531850286e-07,1605.0,ASK
358,1712303197.381293,2982055.72709626,1551.0,-2.566775237374569e-07,1605.0,ASK
359,1712303199.580014,2982194.85099345,1548.0,-1.1714770944204726e-08,1605.0,ASK
360,1712303220.8906868,2982194.85099345,1548.0,-0.0,1605.0,ASK
361,1712303224.2794971,2982297.1251342,1548.0,-8.604481016697827e-09,1605.0,ASK
362,1712303250.887946,2982297.1251342,1548.0,-0.0,1605.0,ASK
363,1712303265.8082948,2982801.61320024,1548.0,-4.2442792843255403e-08,1605.0,ASK
364,1712303265.8102543,2982811.61924785,1548.0,-8.418129872383101e-10,1605.0,ASK
365,1712303265.8120255,2982876.17702706,1549.0,-5.4312730743962654e-09,1605.0,ASK
366,1712303265.8148868,2983280.77382116,1548.0,-3.4038898188071786e-08,1605.0,ASK
367,1712303265.8892996,2983975.90662551,1548.0,5.8481814733829615e-08,1605.0,BID
368,1712303280.5384204,2983975.90662551,1548.0,0.0,1605.0,BID
369,1712303310.618581,2983975.90662551,1548.0,0.0,1605.0,BID
370,1712303340.8589668,2983975.90662551,1548.0,0.0,1605.0,BID
371,1712303350.6091304,2984097.15981865,1548.0,-1.0198852182425665e-08,1605.0,ASK
372,1712303350.6129613,2984114.94728634,1548.0,-1.496140010577806e-09,1605.0,ASK
373,1712303369.8392425,2984306.54772364,1550.0,-1.6115901672436463e-08,1605.0,ASK
374,1712303369.8431752,2984890.93917181,1548.0,-4.91543508439887e-08,1605.0,ASK
375,1712303370.862043,2984890.93917181,1548.0,-0.0,1605.0,ASK
376,1712303400.6493957,2984890.93917181,1548.0,-0.0,1605.0,ASK
377,1712303430.6194088,2984890.93917181,1548.0,-0.0,1605.0,ASK
378,1712303449.179832,2985681.78454186,1554.0,6.655931975335269e-08,1605.0,BID
379,1712303449.1837094,2987147.343897,1552.0,1.233447617327379e-07,1605.0,BID
380,1712303449.187615,2991008.347758,1553.0,3.2495074294606026e-07,1605.0,BID
381,1712303449.1903129,2992217.73245531,1554.0,1.017845280778263e-07,1605.0,BID
382,1712303449.1922526,2993455.91245531,1552.0,1.042080053234697e-07,1605.0,BID
383,1712303460.8814642,2993455.91245531,1552.0,0.0,1605.0,BID
384,1712303490.888813,2993455.91245531,1552.0,0.0,1605.0,BID
385,1712303520.629833,2993455.91245531,1552.0,0.0,1605.0,BID
386,1712303550.6201236,2993455.91245531,1552.0,0.0,1605.0,BID
387,1712303580.8704338,2993455.91245531,1552.0,0.0,1605.0,BID
388,1712303610.8404255,2993455.91245531,1552.0,0.0,1605.0,BID
389,1712303640.6338148,2993455.91245531,1552.0,0.0,1605.0,BID
390,1712303648.8710237,2994695.26245531,1551.0,1.0418984329260841e-07,1605.0,BID
391,1712303648.8807576,2996160.82181045,1551.0,1.2320684193166856e-07,1605.0,BID
392,1712303648.8842578,2999160.94165582,1552.0,2.522144806133083e-07,1605.0,BID
393,1712303648.982395,2999445.51741082,1552.0,-2.3923753030488088e-08,1605.0,ASK
394,1712303649.020667,3000461.44630002,1552.0,-8.540724715551157e-08,1605.0,ASK
395,1712303649.0245268,3013664.42804287,1552.0,-1.109950053481754e-06,1605.0,ASK
396,1712303670.5523307,3013664.42804287,1552.0,-0.0,1605.0,ASK
397,1712303700.6741366,3013664.42804287,1552.0,-0.0,1605.0,ASK
398,1712303730.6003733,3013664.42804287,1552.0,-0.0,1605.0,ASK
399,1712303760.8536344,3013664.42804287,1552.0,-0.0,1605.0,ASK
400,1712303775.0811305,3016779.17797652,1550.0,2.6122303194166097e-07,1605.0,BID
401,1712303775.0909967,3016817.88765392,1550.0,3.246443377905585e-09,1605.0,BID
402,1712303790.890861,3016817.88765392,1550.0,0.0,1605.0,BID
403,1712303808.8712804,3016821.14571843,1550.0,-2.731303535937064e-10,1605.0,ASK
404,1712303808.8909683,3018016.66989182,1550.0,-1.0022328875790037e-07,1605.0,ASK
405,1712303820.6093752,3018016.66989182,1550.0,-0.0,1605.0,ASK
406,1712303828.951357,3018019.92795633,1550.0,-2.730878148550877e-10,1605.0,ASK
407,1712303850.6134713,3018019.92795633,1550.0,-0.0,1605.0,ASK
408,1712303880.8744717,3018019.92795633,1550.0,-0.0,1605.0,ASK
409,1712303910.8912082,3018019.92795633,1550.0,-0.0,1605.0,ASK
410,1712303937.9913387,3020584.4432773,1550.0,-2.149551018737186e-07,1605.0,ASK
411,1712303940.60386,3020584.4432773,1550.0,-0.0,1605.0,ASK
412,1712303954.9515202,3021823.9632773,1550.0,-1.0386071874627328e-07,1605.0,ASK
413,1712303959.491478,3021927.99809046,1550.0,-8.717189290563812e-09,1605.0,ASK
414,1712303970.543802,3021927.99809046,1550.0,-0.0,1605.0,ASK
415,1712303973.101513,3022218.99002207,1550.0,-2.437827414283303e-08,1605.0,ASK
416,1712303973.1048284,3022236.05761646,1550.0,-1.429862651878799e-09,1605.0,ASK
417,1712303973.1212726,3022236.0576173,1550.0,-7.037666404093214e-17,1605.0,ASK
418,1712303974.1667778,3022544.10761646,1550.0,2.5807338669739868e-08,1605.0,BID
419,1712303974.1713398,3022671.43476743,1550.0,1.0667018068186058e-08,1605.0,BID
420,1712303995.2614377,3022745.26476743,1550.0,-6.185216098600425e-09,1605.0,ASK
421,1712304000.7914689,3022745.26476743,1550.0,-0.0,1605.0,ASK
422,1712304004.9115222,3022745.27268717,1550.0,-6.64222600373593e-13,1605.0,ASK
423,1712304004.9147253,3022748.49913878,1550.0,-2.7060004124483005e-10,1605.0,ASK
424,1712304006.1315255,3022751.75720329,1550.0,2.732513911182399e-10,1605.0,BID
425,1712304008.821363,3022755.0152678,1550.0,2.732513911572945e-10,1605.0,BID
426,1712304011.095832,3022758.27333231,1550.0,2.732513911182399e-10,1605.0,BID
427,1712304013.4414144,3022761.53139682,1550.0,2.732513911572945e-10,1605.0,BID
428,1712304015.751426,3022764.78946133,1550.0,2.732513911182399e-10,1605.0,BID
429,1712304017.9314828,3022768.04752584,1550.0,2.732513911182399e-10,1605.0,BID
430,1712304020.5912716,3022771.30559035,1550.0,2.732513911572945e-10,1605.0,BID
431,1712304021.331492,3022835.86336956,1549.0,-5.4144118151437045e-09,1605.0,ASK
432,1712304021.335051,3022970.85655726,1549.0,-1.1321775925289853e-08,1605.0,ASK
433,1712304024.461377,3023100.88579699,1549.0,1.0905453386514438e-08,1605.0,BID
434,1712304030.021633,3023104.14596484,1549.0,2.7342779667248967e-10,1605.0,BID
435,1712304030.6013267,3023104.14596484,1549.0,0.0,1605.0,BID
436,1712304033.0015233,3023107.40613269,1549.0,2.734150485102137e-10,1605.0,BID
437,1712304035.9913292,3023110.66630054,1549.0,2.7341504847116084e-10,1605.0,BID
438,1712304038.4214044,3023113.92646839,1549.0,2.734150485102137e-10,1605.0,BID
439,1712304041.6114516,3023117.18663624,1549.0,2.734150485102137e-10,1605.0,BID
440,1712304044.1039696,3023120.44680409,1549.0,2.7341504847116084e-10,1605.0,BID
441,1712304055.1416242,3023123.70697194,1549.0,2.734150485102137e-10,1605.0,BID
442,1712304057.8313615,3023126.96713979,1549.0,2.7341504847116084e-10,1605.0,BID
443,1712304059.5815532,3024503.48675603,1549.0,1.1544227013606646e-07,1605.0,BID
444,1712304060.4492898,3024506.74692388,1549.0,2.734150485102137e-10,1605.0,BID
445,1712304060.8678284,3024506.74692388,1549.0,0.0,1605.0,BID
446,1712304063.051232,3024510.00709173,1549.0,2.733652390732417e-10,1605.0,BID
447,1712304066.836041,3024513.26725958,1549.0,2.733652391122874e-10,1605.0,BID
448,1712304070.0215712,3024516.52742743,1549.0,2.733652390732417e-10,1605.0,BID
449,1712304071.4112985,3024522.98320535,1549.0,5.413173051028733e-10,1605.0,BID
450,1712304078.3012214,3024609.04346766,1549.0,7.216157346956749e-09,1605.0,BID
451,1712304087.4745314,3024615.49924558,1549.0,5.413173050638276e-10,1605.0,BID
452,1712304090.9113083,3024615.49924558,1549.0,0.0,1605.0,BID
453,1712304091.7513626,3024618.75941343,1549.0,2.7336137783990553e-10,1605.0,BID
454,1712304093.661358,3024622.01958128,1549.0,2.7336137783990553e-10,1605.0,BID
455,1712304099.5433488,3024742.01958128,1548.0,-1.0061863943282196e-08,1605.0,ASK
456,1712304106.0713568,3025022.01958128,1548.0,-2.3477682534325123e-08,1605.0,ASK
457,1712304120.633808,3025022.01958128,1548.0,-0.0,1605.0,ASK
458,1712304136.432166,3025025.27974914,1549.0,2.733469552094055e-10,1605.0,BID
459,1712304136.4353075,3025028.40247136,1550.0,2.618229021874697e-10,1605.0,BID
460,1712304136.438723,3025034.92280708,1549.0,5.46693910457854e-10,1605.0,BID
461,1712304150.5738115,3025034.92280708,1549.0,0.0,1605.0,BID
462,1712304152.1121154,3025059.35373547,1549.0,2.048394126386843e-09,1605.0,BID
463,1712304152.11645,3025303.66373547,1549.0,2.0484001304732134e-08,1605.0,BID
464,1712304152.711413,3026184.92760559,1550.0,7.38889536465255e-08,1605.0,BID
465,1712304152.7211535,3026277.14132947,1550.0,7.731595269453521e-09,1605.0,BID
466,1712304152.7944305,3026577.76874265,1550.0,2.520589547632954e-08,1605.0,BID
467,1712304152.8014865,3027223.1407346,1550.0,5.411076388672317e-08,1605.0,BID
468,1712304157.211434,3027423.58718621,1550.0,1.6806292727739824e-08,1605.0,BID
469,1712304164.6012309,3027444.28570042,1550.0,1.7354524664794795e-09,1605.0,BID
470,1712304180.8640432,3027444.28570042,1550.0,0.0,1605.0,BID
471,1712304183.6012647,3027447.54376494,1550.0,2.7308464254660176e-10,1605.0,BID
472,1712304183.603865,3028547.27296129,1550.0,9.217716611578489e-08,1605.0,BID
473,1712304207.2218418,3028659.89510025,1550.0,-9.439769031929644e-09,1605.0,ASK
474,1712304207.22644,3028664.51666043,1550.0,-3.8737020154461316e-10,1605.0,ASK
475,1712304210.6911414,3029013.54885559,1550.0,-2.925520095293865e-08,1605.0,ASK
476,1712304210.693373,3029657.09666043,1550.0,-5.3940927554762144e-08,1605.0,ASK
477,1712304210.907327,3029657.09666043,1550.0,-0.0,1605.0,ASK
478,1712304211.3914497,3029657.09804873,1550.0,-1.1633114587114186e-13,1605.0,ASK
479,1712304240.5643926,3029657.09804873,1550.0,-0.0,1605.0,ASK
480,1712304242.221123,3029660.35401262,1551.0,2.72830137505013e-10,1605.0,BID
481,1712304242.3845596,3029673.35401262,1550.0,-1.0893215978468631e-09,1605.0,ASK
482,1712304242.703819,3029768.99401262,1550.0,-8.014055201362213e-09,1605.0,ASK
483,1712304251.8815098,3029898.02626995,1550.0,-1.0812124979127217e-08,1605.0,ASK
484,1712304251.8861375,3029898.03388235,1550.0,-6.378732287614959e-13,1605.0,ASK
485,1712304251.8906095,3029988.45274468,1548.0,-7.576555352968374e-09,1605.0,ASK
486,1712304251.8929396,3030020.53388162,1548.0,-2.688205796328937e-09,1605.0,ASK
487,1712304267.081222,3030026.98549452,1549.0,5.40606251763821e-10,1605.0,BID
488,1712304268.2003074,3031136.61549452,1548.0,-9.298030189374565e-08,1605.0,ASK
489,1712304270.6163557,3031136.61549452,1548.0,-0.0,1605.0,ASK
490,1712304275.521413,3031143.07544284,1549.0,5.41200824057078e-10,1605.0,BID
491,1712304283.9513376,3031146.33561069,1549.0,2.731299756123291e-10,1605.0,BID
492,1712304286.6834416,3031149.59577854,1549.0,2.73129975573317e-10,1605.0,BID
493,1712304289.67138,3031152.85594639,1549.0,2.731299756123291e-10,1605.0,BID
494,1712304292.181221,3031156.11611424,1549.0,2.731299756123291e-10,1605.0,BID
495,1712304293.121393,3031156.1220256,1548.0,-4.95241255907247e-13,1605.0,ASK
496,1712304296.5817077,3031159.3842995,1548.0,2.733064159958969e-10,1605.0,BID
497,1712304300.901448,3031159.3842995,1548.0,0.0,1605.0,BID
498,1712304302.6812742,3031162.64735486,1549.0,2.7356650991559514e-10,1605.0,BID
499,1712304305.4513838,3031165.90962876,1548.0,-2.735009942597312e-10,1605.0,ASK
500,1712304307.5013828,3031166.28814393,1548.0,3.173377787763572e-11,1605.0,BID
501,1712304311.34137,3031169.92052128,1550.0,3.0452955425503557e-10,1605.0,BID
502,1712304314.2113552,3031173.18279518,1548.0,-2.735009942597312e-10,1605.0,ASK
503,1712304317.8611796,3031173.55289863,1548.0,3.102856003434428e-11,1605.0,BID
504,1712304322.201678,3031177.17689308,1550.0,3.03826752629782e-10,1605.0,BID
505,1712304327.281513,3031177.90871708,1548.0,-6.135431840439509e-11,1605.0,ASK
506,1712304327.2837038,3031180.80088753,1548.0,-2.424724342253869e-10,1605.0,ASK
507,1712304330.8887937,3031180.80088753,1548.0,-0.0,1605.0,ASK
508,1712304331.6412787,3031184.41649907,1550.0,3.0312310713768225e-10,1605.0,BID
509,1712304333.412767,3031187.68088174,1547.0,-2.736770272486395e-10,1605.0,ASK
510,1712304333.4166625,3031196.70422569,1548.0,-7.564927882560941e-10,1605.0,ASK
511,1712304333.4188445,3031782.52110621,1547.0,-4.91133052009902e-08,1605.0,ASK
512,1712304333.4209878,3031793.87621617,1546.0,-9.519817533312867e-10,1605.0,ASK
513,1712304333.4231365,3031797.14059884,1547.0,-2.736770272486395e-10,1605.0,ASK
514,1712304333.4254594,3033284.93173151,1545.0,-1.2473239062228238e-07,1605.0,ASK
515,1712304333.4276562,3033288.93173151,1546.0,-3.353491975676599e-10,1605.0,ASK
516,1712304333.429835,3033295.46049685,1547.0,-5.47354054458239e-10,1605.0,ASK
517,1712304333.4321606,3033430.48122815,1545.0,-1.1319773474123096e-08,1605.0,ASK
518,1712304336.661648,3033434.09683969,1548.0,3.0312310717672207e-10,1605.0,BID
519,1712304339.9314568,3033437.35490421,1550.0,2.731473306080928e-10,1605.0,BID
520,1712304339.9366045,3033498.57347287,1551.0,5.132399469080615e-09,1605.0,BID
521,1712304347.3914056,3033540.02394737,1551.0,3.475095840570364e-09,1605.0,BID
522,1712304347.395215,3033661.90464087,1551.0,1.0218148191086914e-08,1605.0,BID
523,1712304347.4111829,3034039.30514642,1551.0,3.164023917443362e-08,1605.0,BID
524,1712304352.8713467,3034042.90605041,1553.0,3.0189006590901406e-10,1605.0,BID
525,1712304355.8812742,3034046.5069544,1548.0,-3.0189006586997435e-10,1605.0,ASK
526,1712304360.5777676,3034046.5069544,1548.0,-0.0,1605.0,ASK
527,1712304361.8112433,3034050.09241215,1553.0,3.0048343375237587e-10,1605.0,BID
528,1712304364.941513,3034053.6778699,1548.0,-3.0048343375237587e-10,1605.0,ASK
529,1712304368.4841251,3034057.24788141,1553.0,2.9918894373688216e-10,1605.0,BID
530,1712304371.7533002,3034060.81789292,1548.0,-2.9918894373688216e-10,1605.0,ASK
531,1712304375.301345,3034064.37310179,1553.0,2.9794839134521726e-10,1605.0,BID
532,1712304378.741349,3034067.92831066,1548.0,-2.9794839138424256e-10,1605.0,ASK
533,1712304380.7514007,3034127.1681085,1548.0,-4.964659775751251e-09,1605.0,ASK
534,1712304387.601412,3034130.70851472,1552.0,2.9670783817304645e-10,1605.0,BID
535,1712304390.631218,3034130.70851472,1552.0,0.0,1605.0,BID
536,1712304390.9912086,3034134.24892094,1548.0,-2.967045953587361e-10,1605.0,ASK
537,1712304395.6914103,3034137.7787282,1552.0,2.958163470151119e-10,1605.0,BID
538,1712304399.4215572,3034141.30853546,1548.0,-2.9581634697608705e-10,1605.0,ASK
539,1712304403.387478,3034144.82610657,1552.0,2.9479089352085365e-10,1605.0,BID
540,1712304407.971297,3034148.34367768,1548.0,-2.9479089348182887e-10,1605.0,ASK
541,1712304413.2714343,3034151.85289081,1550.0,2.940904509711361e-10,1605.0,BID
542,1712304416.7314482,3034155.11516471,1548.0,-2.7339564938512777e-10,1605.0,ASK
543,1712304416.7366228,3034155.36210394,1548.0,-2.0694801586008587e-11,1605.0,ASK
544,1712304418.1940498,3034161.81371684,1550.0,5.406789718870736e-10,1605.0,BID
545,1712304420.8713248,3034161.81371684,1550.0,0.0,1605.0,BID
546,1712304422.1915226,3034165.3151919,1550.0,2.934407748413532e-10,1605.0,BID
547,1712304425.6554148,3034165.80133229,1548.0,-4.074094781818543e-11,1605.0,ASK
548,1712304425.6578918,3034168.81666696,1548.0,-2.5269982702316773e-10,1605.0,ASK
549,1712304430.1514635,3034172.30975912,1550.0,2.9273824675321764e-10,1605.0,BID
550,1712304433.621298,3034175.08589263,1548.0,-2.3265359719828286e-10,1605.0,ASK
551,1712304433.6263576,3034175.80285128,1548.0,-6.008464955493468e-11,1605.0,ASK
552,1712304436.5520303,3034182.25446418,1550.0,5.40676787917384e-10,1605.0,BID
553,1712304437.1251528,3034185.73981827,1550.0,-2.9208975850675235e-10,1605.0,ASK
554,1712304440.5714798,3034188.28513352,1548.0,-2.1330989553958308e-10,1605.0,ASK
555,1712304440.5764785,3034189.22517236,1548.0,-7.877986300619402e-11,1605.0,ASK
556,1712304450.8414736,3034189.22517236,1548.0,-0.0,1605.0,ASK
557,1712304467.041463,3034191.54740742,1548.0,-1.9461398939354548e-10,1605.0,ASK
558,1712304467.0466022,3034262.50494491,1548.0,-5.946568324099514e-09,1605.0,ASK
559,1712304467.3013666,3037335.28334391,1548.0,2.5751297664550494e-07,1605.0,BID
560,1712304480.604947,3037335.28334391,1548.0,0.0,1605.0,BID
561,1712304499.0017717,3037338.76480731,1548.0,2.916436308443431e-10,1605.0,BID
562,1712304501.611236,3037394.01453716,1548.0,4.6282927506128225e-09,1605.0,BID
563,1712304502.1213698,3037397.49600056,1548.0,-2.916436308443431e-10,1605.0,ASK
564,1712304506.231429,3037400.96974755,1550.0,2.90997223955522e-10,1605.0,BID
565,1712304509.7314696,3037404.44349454,1547.0,-2.9099722399453056e-10,1605.0,ASK
566,1712304510.5949686,3037404.44349454,1547.0,-0.0,1605.0,ASK
567,1712304512.981262,3037543.56739173,1547.0,-1.165436195927929e-08,1605.0,ASK
568,1712304519.191297,3037547.0308213,1550.0,2.9013032733341205e-10,1605.0,BID
569,1712304522.601142,3037550.49425087,1547.0,-2.9013032729440397e-10,1605.0,ASK
570,1712304530.9616034,3037553.94736302,1550.0,2.8926604052856956e-10,1605.0,BID
571,1712304533.653298,3037557.40047517,1546.0,-2.8926604052856956e-10,1605.0,ASK
572,1712304540.865952,3037557.40047517,1546.0,-0.0,1605.0,ASK
573,1712304551.3113036,3037560.8391169,1551.0,2.8804814824356963e-10,1605.0,BID
574,1712304557.581269,3037564.27775863,1547.0,-2.8804814820456207e-10,1605.0,ASK
575,1712304568.031324,3037567.53162461,1552.0,2.7256985278641065e-10,1605.0,BID
576,1712304568.044905,3037567.70194859,1552.0,1.4267699545702653e-11,1605.0,BID
577,1712304570.8711069,3037567.70194859,1552.0,0.0,1605.0,BID
578,1712304600.668561,3037567.70194859,1552.0,0.0,1605.0,BID
579,1712304603.8812678,3037571.12613855,1548.0,-2.8852291344201675e-10,1605.0,ASK
580,1712304616.5313437,3037574.20968055,1552.0,2.5981984989124125e-10,1605.0,BID
581,1712304616.5368218,3037574.38000452,1552.0,1.4351530931798387e-11,1605.0,BID
582,1712304617.7112095,3037577.46354653,1552.0,2.5981985075444904e-10,1605.0,BID
583,1712304617.7161255,3037577.79195833,1552.0,2.767204230519154e-11,1605.0,BID
584,1712304620.1412358,3037581.20391214,1548.0,-2.874918930204039e-10,1605.0,ASK
585,1712304623.1912208,3037681.20391214,1552.0,8.426019490812412e-09,1605.0,BID
586,1712304628.861199,3037684.6036298,1552.0,2.8646087267726436e-10,1605.0,BID
587,1712304630.6043396,3037684.6036298,1552.0,0.0,1605.0,BID
588,1712304631.3111768,3037688.00334746,1548.0,-2.8645649414911876e-10,1605.0,ASK
589,1712304657.3411262,3037691.39082897,1552.0,2.854254894865584e-10,1605.0,BID
590,1712304659.761182,3038009.29858978,1548.0,-2.678656045228885e-08,1605.0,ASK
591,1712304660.871057,3038009.29858978,1548.0,-0.0,1605.0,ASK
592,1712304664.2812555,3038012.68607129,1548.0,-2.854134016943826e-10,1605.0,ASK
593,1712304666.8511798,3038016.06196066,1552.0,2.8443670197790665e-10,1605.0,BID
594,1712304672.0310605,3038019.31582663,1552.0,2.7415557913789336e-10,1605.0,BID
595,1712304674.481173,3038022.691716,1548.0,-2.8443670197790665e-10,1605.0,ASK
596,1712304682.361401,3038022.80143254,1553.0,9.244204246513932e-12,1605.0,BID
597,1712304682.3668394,3038026.05320331,1553.0,2.7397904730296244e-10,1605.0,BID
598,1712304682.4013202,3038029.30706928,1552.0,-2.7415557913789336e-10,1605.0,ASK
599,1712304690.7953105,3038032.66855659,1549.0,-2.832232515494764e-10,1605.0,ASK
600,1712304690.861123,3038032.66855659,1549.0,-0.0,1605.0,ASK
601,1712304693.1812496,3038037.88704885,1552.0,-4.396844900023785e-10,1605.0,ASK
602,1712304697.325235,3038041.23846592,1552.0,2.8237391797806966e-10,1605.0,BID
603,1712304700.311128,3038044.58988299,1550.0,-2.823739179388353e-10,1605.0,ASK
604,1712304712.071068,3038047.93357197,1552.0,2.8172278712252465e-10,1605.0,BID
605,1712304712.7145352,3038134.89877815,1552.0,7.327260523527008e-09,1605.0,BID
606,1712304712.791123,3038216.726549,1552.0,6.8944054917683524e-09,1605.0,BID
607,1712304716.5112402,3038219.86860323,1553.0,2.6473403483324515e-10,1605.0,BID
608,1712304716.5166392,3038394.41803318,1553.0,1.4706676424497956e-08,1605.0,BID
609,1712304720.5979948,3038394.41803318,1553.0,0.0,1605.0,BID
610,1712304729.6016512,3038397.76172216,1552.0,-2.8170945714538965e-10,1605.0,ASK
611,1712304733.6411047,3038401.09789191,1554.0,2.8107595376530803e-10,1605.0,BID
612,1712304750.622744,3038401.09789191,1554.0,0.0,1605.0,BID
613,1712304780.886202,3038401.09789191,1554.0,0.0,1605.0,BID
614,1712304808.4210927,3038404.43406166,1554.0,-2.8107570810370297e-10,1605.0,ASK
615,1712304810.7710464,3038407.76487213,1555.0,2.8062418329764683e-10,1605.0,BID
616,1712304810.850878,3038407.76487213,1555.0,0.0,1605.0,BID
617,1712304840.5908518,3038407.76487213,1555.0,0.0,1605.0,BID
618,1712304870.635348,3038407.76487213,1555.0,0.0,1605.0,BID
619,1712304900.6535754,3038407.76487213,1555.0,0.0,1605.0,BID
620,1712304930.627143,3038407.76487213,1555.0,0.0,1605.0,BID
621,1712304960.860835,3038407.76487213,1555.0,0.0,1605.0,BID
622,1712304964.8208988,3038409.91270466,1555.0,1.821473657873868e-10,1605.0,BID
623,1712304964.8256693,3038606.6255705,1555.0,1.6682273793373113e-08,1605.0,BID
624,1712304974.600884,3038609.95638097,1557.0,2.8247004575863557e-10,1605.0,BID
625,1712304983.6721635,3038613.28141934,1558.0,2.8198054168212675e-10,1605.0,BID
626,1712304988.8909254,3038748.32965086,1557.0,-1.1452792189806217e-08,1605.0,ASK
627,1712304990.8761628,3038748.32965086,1557.0,-0.0,1605.0,ASK
628,1712304992.4709642,3038751.65468923,1557.0,-2.819678713701404e-10,1605.0,ASK
629,1712304995.1009312,3038751.98137338,1558.0,2.770326958832481e-11,1605.0,BID
630,1712305020.60077,3038751.98137338,1558.0,0.0,1605.0,BID
631,1712305021.1153684,3038755.30145035,1559.0,2.8154700197734103e-10,1605.0,BID
632,1712305050.5906334,3038755.30145035,1559.0,0.0,1605.0,BID
633,1712305057.8771603,3038758.94821147,1555.0,-3.0925012250733577e-10,1605.0,ASK
634,1712305080.9006467,3038758.94821147,1555.0,-0.0,1605.0,ASK
635,1712305110.843762,3038758.94821147,1555.0,-0.0,1605.0,ASK
636,1712305140.596634,3038758.94821147,1555.0,-0.0,1605.0,ASK
637,1712305156.5308695,3038761.8214197,1559.0,2.4365170640174727e-10,1605.0,BID
638,1712305156.5352075,3038764.08451679,1559.0,1.9191350701213919e-10,1605.0,BID
639,1712305170.6005526,3038764.08451679,1559.0,0.0,1605.0,BID
640,1712305200.730504,3038764.08451679,1559.0,0.0,1605.0,BID
641,1712305230.550438,3038764.08451679,1559.0,0.0,1605.0,BID
642,1712305255.0527632,3041330.94856318,1559.0,2.180139785213272e-07,1605.0,BID
643,1712305255.055511,3041701.86514323,1559.0,3.1503421238852345e-08,1605.0,BID
644,1712305257.6741335,3041722.35541131,1559.0,1.7403200108626275e-09,1605.0,BID
645,1712305257.6768117,3041839.02979812,1559.0,9.909619987731516e-09,1605.0,BID
646,1712305257.6807413,3042117.11698434,1559.0,2.3619051398112577e-08,1605.0,BID
647,1712305257.6972532,3042139.77979655,1559.0,1.9248428296647004e-09,1605.0,BID
648,1712305257.7873144,3042145.97308174,1560.0,5.260203579132908e-10,1605.0,BID
649,1712305257.7939267,3042689.90468244,1560.0,4.6198275471152944e-08,1605.0,BID
650,1712305258.201208,3042694.79873389,1561.0,4.15671265943427e-10,1605.0,BID
651,1712305258.2068918,3042946.04720843,1561.0,2.133953280808209e-08,1605.0,BID
652,1712305259.0004437,3043598.06587034,1561.0,5.537853972169984e-08,1605.0,BID
653,1712305259.030736,3043732.59501832,1561.0,1.1426095908512529e-08,1605.0,BID
654,1712305260.850562,3043732.59501832,1561.0,0.0,1605.0,BID
655,1712305261.1747112,3043848.2586956,1562.0,9.817315486302145e-09,1605.0,BID
656,1712305261.1792166,3043864.3692686,1562.0,1.3674351492468042e-09,1605.0,BID
657,1712305261.1835847,3044100.5906746,1562.0,2.005002885825384e-08,1605.0,BID
658,1712305262.5610533,3044107.432871,1564.0,5.807527674691241e-10,1605.0,BID
659,1712305262.563795,3044117.22097389,1563.0,8.30795772208168e-10,1605.0,BID
660,1712305272.0852373,3044190.82829631,1564.0,6.247651149356093e-09,1605.0,BID
661,1712305272.0879028,3044194.49796649,1564.0,3.114747061389682e-10,1605.0,BID
662,1712305272.300561,3045966.49796649,1565.0,1.5040402873901962e-07,1605.0,BID
663,1712305283.7043889,3045998.44684827,1565.0,2.711761023356763e-09,1605.0,BID
664,1712305283.7606256,3046030.39573005,1565.0,2.711761023356763e-09,1605.0,BID
665,1712305283.8057044,3046062.34461183,1565.0,2.711761023396288e-09,1605.0,BID
666,1712305285.1021488,3047341.93514286,1565.0,1.0860923871510957e-07,1605.0,BID
667,1712305285.8733668,3049113.93514286,1565.0,1.5040402873901962e-07,1605.0,BID
668,1712305290.8705597,3049113.93514286,1565.0,0.0,1605.0,BID
669,1712305292.4706886,3049177.78617099,1564.0,-5.415684512641071e-09,1605.0,ASK
670,1712305299.0007415,3049212.17162732,1564.0,-2.916488406802922e-09,1605.0,ASK
671,1712305304.85111,3049236.90649787,1564.0,-2.0979498574004422e-09,1605.0,ASK
672,1712305320.606234,3049236.90649787,1564.0,-0.0,1605.0,ASK
673,1712305334.5647614,3051140.45649787,1565.0,1.6145171644772844e-07,1605.0,BID
674,1712305335.0887394,3052897.86289787,1565.0,1.49056384006874e-07,1605.0,BID
675,1712305339.5409636,3052995.05139627,1565.0,8.243150894701036e-09,1605.0,BID
676,1712305350.6176622,3052995.05139627,1565.0,0.0,1605.0,BID
677,1712305353.0010426,3052997.96488307,1565.0,2.469874240084088e-10,1605.0,BID
678,1712305353.006291,3053268.78189627,1565.0,2.2958194443957144e-08,1605.0,BID
679,1712305353.8609543,3053282.54705348,1565.0,1.166925046727248e-09,1605.0,BID
680,1712305353.8638706,3053323.52799627,1565.0,3.474111326873757e-09,1605.0,BID
681,1712305354.4811456,3053327.52799627,1565.0,3.3909530531614395e-10,1605.0,BID
682,1712305380.707886,3053327.52799627,1565.0,0.0,1605.0,BID
683,1712305392.0916057,3053337.21455912,1565.0,8.211307766916102e-10,1605.0,BID
684,1712305392.0975382,3053977.87952076,1565.0,5.4309224612399857e-08,1605.0,BID
685,1712305398.0293963,3053994.87952076,1565.0,-1.4410914810257571e-09,1605.0,ASK
686,1712305405.1313238,3055700.4512091,1565.0,-1.4458146060856222e-07,1605.0,ASK
687,1712305408.8221726,3055706.83690515,1566.0,5.41316010495785e-10,1605.0,BID
688,1712305408.8250525,3055830.3712091,1567.0,1.0472013708019452e-08,1605.0,BID
689,1712305410.5847628,3055830.3712091,1567.0,0.0,1605.0,BID
690,1712305413.128623,3055910.47120909,1567.0,6.787829999417674e-09,1605.0,BID
691,1712305413.5012498,3056343.19870909,1567.0,3.66701711164205e-08,1605.0,BID
692,1712305413.861477,3056443.19870909,1567.0,8.474194756852015e-09,1605.0,BID
693,1712305413.8660817,3056451.38061926,1567.0,6.933510026570055e-10,1605.0,BID
694,1712305421.2713296,3056454.68761408,1568.0,2.802411816469638e-10,1605.0,BID
695,1712305421.2760632,3056534.02621926,1568.0,6.723307920316053e-09,1605.0,BID
696,1712305440.8714726,3056534.02621926,1568.0,0.0,1605.0,BID
697,1712305451.0417695,3056554.68761408,1568.0,1.75072323880768e-09,1605.0,BID
698,1712305451.0480046,3056852.71370262,1569.0,2.5252951386938265e-08,1605.0,BID
699,1712305452.0270393,3058154.63370262,1568.0,-1.103169277251736e-07,1605.0,ASK
700,1712305452.121633,3060067.90370262,1568.0,1.6211907667810388e-07,1605.0,BID
701,1712305454.4335308,3061981.17370262,1568.0,1.6211907667810388e-07,1605.0,BID
702,1712305455.201577,3063894.44370262,1568.0,1.6211907667810388e-07,1605.0,BID
703,1712305457.591526,3065807.71370262,1568.0,1.6211907667810388e-07,1605.0,BID
704,1712305458.11136,3066985.64120262,1568.0,9.981054356874965e-08,1605.0,BID
705,1712305460.081518,3067221.22670262,1568.0,1.9962108713710466e-08,1605.0,BID
706,1712305460.8815367,3067228.87307262,1568.0,6.47907741391715e-10,1605.0,BID
707,1712305460.8869722,3067280.12302651,1568.0,4.342615106285147e-09,1605.0,BID
708,1712305460.9816377,3067620.42302651,1569.0,2.8834990248947364e-08,1605.0,BID
709,1712305461.1824806,3067892.72302651,1569.0,2.3073076240894938e-08,1605.0,BID
710,1712305461.6616738,3068764.22212651,1569.0,7.384563047443307e-08,1605.0,BID
711,1712305461.667801,3068982.09693797,1569.0,1.84614107079911e-08,1605.0,BID
712,1712305470.8612938,3068982.09693797,1569.0,0.0,1605.0,BID
713,1712305487.7929564,3068985.59693797,1570.0,2.9607937120631555e-10,1605.0,BID
714,1712305487.7993486,3071526.9798423,1572.0,2.1498601494531025e-07,1605.0,BID
715,1712305487.8026347,3071652.7826521,1570.0,1.0642176234736581e-08,1605.0,BID
716,1712305487.805415,3072290.94474527,1572.0,5.39847517924217e-08,1605.0,BID
717,1712305487.8083673,3072532.7814032,1572.0,2.0457955889846392e-08,1605.0,BID
718,1712305487.8111346,3072536.09306855,1571.0,2.801473698585751e-10,1605.0,BID
719,1712305491.4115908,3072552.63250875,1572.0,1.3991391584512035e-09,1605.0,BID
720,1712305500.6276956,3072552.63250875,1572.0,0.0,1605.0,BID
721,1712305518.7617407,3072623.25370074,1569.0,-5.975920467561437e-09,1605.0,ASK
722,1712305518.892669,3075739.37565725,1569.0,-2.636842632440588e-07,1605.0,ASK
723,1712305522.091807,3077511.37565725,1568.0,-1.4994551592960804e-07,1605.0,ASK
724,1712305522.0976915,3078290.39606541,1568.0,-6.592021276594414e-08,1605.0,ASK
725,1712305530.6175852,3078290.39606541,1568.0,-0.0,1605.0,ASK
726,1712305538.621629,3079808.97219023,1567.0,-1.284031598262329e-07,1605.0,ASK
727,1712305538.705288,3080683.25425764,1567.0,-7.392489464308616e-08,1605.0,ASK
728,1712305538.8017406,3082455.25425764,1567.0,-1.4983140818117718e-07,1605.0,ASK
729,1712305538.8817484,3082570.31108864,1567.0,-9.728626980575509e-09,1605.0,ASK
730,1712305540.0117989,3082663.72227564,1567.0,-7.898380185158751e-09,1605.0,ASK
731,1712305541.9817247,3082880.99683579,1567.0,-1.8371644079714475e-08,1605.0,ASK
732,1712305545.371904,3082898.47168975,1567.0,-1.477585765557067e-09,1605.0,ASK
733,1712305546.4717622,3084560.64587109,1567.0,-1.4054508929601416e-07,1605.0,ASK
734,1712305550.6317904,3084753.82148775,1565.0,-1.6333958617640152e-08,1605.0,ASK
735,1712305557.4617643,3084860.64148775,1565.0,9.032161976274264e-09,1605.0,BID
736,1712305557.6876614,3084860.64587109,1565.0,3.706331471819662e-13,1605.0,BID
737,1712305560.8817737,3084860.64587109,1565.0,0.0,1605.0,BID
738,1712305590.8619113,3084860.64587109,1565.0,0.0,1605.0,BID
739,1712305593.2319174,3085179.33335445,1564.0,-2.6923174432035337e-08,1605.0,ASK
740,1712305615.06253,3087092.60335445,1566.0,-1.6163578626457145e-07,1605.0,ASK
741,1712305615.202139,3089005.87335445,1566.0,1.6163578626457145e-07,1605.0,BID
742,1712305615.881955,3090696.27335445,1566.0,1.4280740988026458e-07,1605.0,BID
743,1712305616.006765,3092609.54335445,1566.0,1.6163578626457145e-07,1605.0,BID
744,1712305616.3879611,3093579.24335445,1566.0,8.192164301995199e-08,1605.0,BID
745,1712305617.3819933,3094354.94335445,1566.0,6.553224553014313e-08,1605.0,BID
746,1712305617.591873,3094975.54335445,1566.0,5.2429175681284864e-08,1605.0,BID
747,1712305620.4833856,3095472.04335445,1566.0,4.194503017366024e-08,1605.0,BID
748,1712305620.6518545,3095472.04335445,1566.0,0.0,1605.0,BID
749,1712305621.262386,3095869.24335445,1566.0,3.350898382639973e-08,1605.0,BID
750,1712305626.7621057,3095875.62585764,1566.0,5.38447120262242e-10,1605.0,BID
751,1712305629.6720295,3095886.48613861,1566.0,9.162058896713292e-10,1605.0,BID
752,1712305630.7022293,3096208.94590653,1566.0,2.7203673584817856e-08,1605.0,BID
753,1712305630.7086596,3096348.8328819,1566.0,1.180128498285788e-08,1605.0,BID
754,1712305634.2324383,3097236.2986819,1566.0,7.486927779120149e-08,1605.0,BID
755,1712305634.272129,3097458.0986819,1566.0,1.871171352643841e-08,1605.0,BID
756,1712305634.3321424,3097458.16514451,1566.0,5.606985198301924e-12,1605.0,BID
757,1712305647.5419867,3097470.24054387,1565.0,-1.0187169230637423e-09,1605.0,ASK
758,1712305650.6248307,3097470.24054387,1565.0,-0.0,1605.0,ASK
759,1712305668.6807096,3097548.20481224,1565.0,6.5755637619704205e-09,1605.0,BID
760,1712305680.882127,3097548.20481224,1565.0,0.0,1605.0,BID
761,1712305706.1440704,3098139.85339689,1565.0,4.98995634717576e-08,1605.0,BID
762,1712305710.8721778,3098139.85339689,1565.0,0.0,1605.0,BID
763,1712305740.2123132,3099139.85339689,1564.0,-8.43332820749693e-08,1605.0,ASK
764,1712305740.223223,3101838.66094305,1564.0,-2.275992980563432e-07,1605.0,ASK
765,1712305740.572139,3101838.66094305,1564.0,-0.0,1605.0,ASK
766,1712305747.498388,3101853.58954189,1563.0,-1.2583638283864631e-09,1605.0,ASK
767,1712305749.1281898,3103625.58954189,1562.0,-1.493657059018863e-07,1605.0,ASK
768,1712305755.8925798,3105561.07341285,1562.0,-1.6314611436096617e-07,1605.0,ASK
769,1712305755.9522426,3105752.88926963,1562.0,-1.6168572715072632e-08,1605.0,ASK
770,1712305758.0424488,3105827.78992601,1562.0,-6.3135380433109075e-09,1605.0,ASK
771,1712305758.0489326,3105844.38877364,1562.0,-1.3991527050835407e-09,1605.0,ASK
772,1712305770.607127,3105844.38877364,1562.0,-0.0,1605.0,ASK
773,1712305777.3455875,3105887.7195995,1562.0,3.6505235338190947e-09,1605.0,BID
774,1712305800.668624,3105887.7195995,1562.0,0.0,1605.0,BID
775,1712305811.9230103,3105963.06039823,1562.0,6.3556113706021435e-09,1605.0,BID
776,1712305811.929484,3106079.78105916,1562.0,9.8463405259258e-09,1605.0,BID
777,1712305812.242355,3106083.78105916,1561.0,-3.3743265151070447e-10,1605.0,ASK
778,1712305812.2481318,3106178.81372608,1561.0,-8.016781194755749e-09,1605.0,ASK
779,1712305830.5923967,3106178.81372608,1561.0,-0.0,1605.0,ASK
780,1712305832.3624277,3106734.19554718,1561.0,-4.684919353310567e-08,1605.0,ASK
781,1712305832.3963678,3107200.97895007,1561.0,-3.9375480343875016e-08,1605.0,ASK
782,1712305832.487599,3107384.22840431,1561.0,-1.5457994519013972e-08,1605.0,ASK
783,1712305832.4911523,3107424.22895007,1561.0,-3.374243157683148e-09,1605.0,ASK
784,1712305833.986159,3107448.24895007,1561.0,-2.0262053705972947e-09,1605.0,ASK
785,1712305847.0728354,3107448.2578886,1561.0,-7.54009093407022e-13,1605.0,ASK
786,1712305854.8827176,3107458.79060214,1560.0,-8.88486292335643e-10,1605.0,ASK
787,1712305860.8928869,3107458.79060214,1560.0,-0.0,1605.0,ASK
788,1712305863.2232046,3107474.58520312,1560.0,-1.332127906382636e-09,1605.0,ASK
789,1712305865.4852583,3107480.98725177,1562.0,5.399533470839639e-10,1605.0,BID
790,1712305870.4671388,3108368.53325,1560.0,-7.48562622091722e-08,1605.0,ASK
791,1712305870.4724164,3109196.68725177,1560.0,-6.984709888809164e-08,1605.0,ASK
792,1712305873.773126,3109974.97500333,1560.0,-6.564134379646615e-08,1605.0,ASK
793,1712305873.779986,3116505.22878709,1560.0,-5.507662594441737e-07,1605.0,ASK
794,1712305890.872893,3116505.22878709,1560.0,-0.0,1605.0,ASK
795,1712305917.8473542,3116510.3590435,1559.0,-4.321750844874793e-10,1605.0,ASK
796,1712305920.602957,3116510.3590435,1559.0,-0.0,1605.0,ASK
797,1712305939.60314,3116533.89977473,1559.0,-1.9830803455257824e-09,1605.0,ASK
798,1712305939.609821,3116551.58651639,1559.0,-1.4899379895635546e-09,1605.0,ASK
799,1712305950.6229813,3116551.58651639,1559.0,-0.0,1605.0,ASK
800,1712305961.1033094,3116615.73019823,1559.0,5.403459424373667e-09,1605.0,BID
801,1712305968.4973743,3116621.43444775,1558.0,-4.805255941482012e-10,1605.0,ASK
802,1712305980.6614258,3116621.43444775,1558.0,-0.0,1605.0,ASK
803,1712305981.9833171,3116646.80434505,1558.0,-2.137138831210901e-09,1605.0,ASK
804,1712305981.9930425,3116858.42566675,1558.0,-1.7826802322882012e-08,1605.0,ASK
805,1712305985.578045,3117081.67566675,1558.0,-1.880639241174587e-08,1605.0,ASK
806,1712305988.453265,3117304.92566575,1558.0,-1.8806392327525683e-08,1605.0,ASK
807,1712305988.8732908,3117660.22566475,1558.0,-2.9930173371053294e-08,1605.0,ASK
808,1712306010.5643322,3117660.22566475,1558.0,-0.0,1605.0,ASK
809,1712306018.4631028,3117679.4687693,1559.0,1.620801984775786e-09,1605.0,BID
810,1712306025.4832258,3117685.81124363,1558.0,-5.34211876067751e-10,1605.0,ASK
811,1712306029.8708668,3117730.7406403,1558.0,-3.784298687854643e-09,1605.0,ASK
812,1712306030.744468,3117768.14704946,1558.0,-3.150654929613874e-09,1605.0,ASK
813,1712306035.743157,3117786.85025404,1558.0,-1.575327464806937e-09,1605.0,ASK
814,1712306040.88611,3117786.85025404,1558.0,-0.0,1605.0,ASK
815,1712306043.1760628,3117915.13761773,1559.0,1.0805167005465675e-08,1605.0,BID
816,1712306070.876118,3117915.13761773,1559.0,0.0,1605.0,BID
817,1712306085.0347884,3117921.48009205,1560.0,5.341939991048292e-10,1605.0,BID
818,1712306085.038941,3117939.86929022,1561.0,1.548827605001635e-09,1605.0,BID
819,1712306085.0443225,3118141.03755854,1559.0,1.6943368837661867e-08,1605.0,BID
820,1712306085.0479245,3121009.03755854,1562.0,2.415568928057387e-07,1605.0,BID
821,1712306085.0509458,3133042.79463591,1562.0,1.0135414813070566e-06,1605.0,BID
822,1712306085.0540123,3138606.9587763,1559.0,4.6864093473279853e-07,1605.0,BID
823,1712306085.0570834,3144611.93172486,1562.0,5.05767994015577e-07,1605.0,BID
824,1712306085.0601373,3144733.50255464,1559.0,1.0239285877805525e-08,1605.0,BID
825,1712306085.0636294,3146505.50255464,1560.0,1.492464484141454e-07,1605.0,BID
826,1712306085.0666502,3149373.50255464,1561.0,2.415568928057387e-07,1605.0,BID
827,1712306085.0697434,3149384.91105367,1562.0,9.608792110346372e-10,1605.0,BID
828,1712306100.5847745,3149384.91105367,1562.0,0.0,1605.0,BID
829,1712306130.5464635,3149384.91105367,1562.0,0.0,1605.0,BID
830,1712306140.272872,3150025.11591922,1561.0,5.3960650474555744e-08,1605.0,BID
831,1712306140.392743,3150698.04105367,1561.0,5.6718528598549216e-08,1605.0,BID
832,1712306144.892917,3152028.20105367,1561.0,-1.1211457878192585e-07,1605.0,ASK
833,1712306150.2328231,3152277.48105367,1561.0,-2.10109477045862e-08,1605.0,ASK
834,1712306150.2369545,3152277.4842898,1561.0,-2.727621777638205e-13,1605.0,ASK
835,1712306150.2409408,3152500.73105367,1560.0,-1.8816696409246832e-08,1605.0,ASK
836,1712306150.4526663,3152575.5160245,1560.0,-6.303366139295231e-09,1605.0,ASK
837,1712306154.9941533,3152578.71768903,1562.0,2.6985721278108153e-10,1605.0,BID
838,1712306160.8525944,3152578.71768903,1562.0,0.0,1605.0,BID
839,1712306160.9811378,3154350.71768903,1560.0,-1.4929301067765245e-07,1605.0,ASK
840,1712306160.9843874,3154440.51768903,1560.0,-7.565751895538884e-09,1605.0,ASK
841,1712306161.472747,3154930.71768903,1560.0,-4.1299906226943297e-08,1605.0,ASK
842,1712306161.6357155,3155056.46060401,1560.0,-1.0593983266811343e-08,1605.0,ASK
843,1712306161.8627436,3155484.21060401,1560.0,-3.6038422865330616e-08,1605.0,ASK
844,1712306163.1828537,3155804.92901324,1559.0,-2.7020889894861336e-08,1605.0,ASK
845,1712306163.1899097,3155804.93080546,1560.0,-1.5099656298664988e-13,1605.0,ASK
846,1712306163.1945229,3156125.64921469,1559.0,-2.7020889894861336e-08,1605.0,ASK
847,1712306164.3129518,3157363.04921469,1558.0,-1.0425235407026709e-07,1605.0,ASK
848,1712306164.3186328,3158599.44921469,1558.0,-1.0416810293557313e-07,1605.0,ASK
849,1712306165.3805285,3159668.74921469,1558.0,-9.008973832824804e-08,1605.0,ASK
850,1712306165.7104888,3160890.14921469,1558.0,-1.0290433591516413e-07,1605.0,ASK
851,1712306166.2727177,3161867.24921469,1558.0,-8.232178370945155e-08,1605.0,ASK
852,1712306185.0947175,3162083.44891363,1558.0,-1.8215069956175323e-08,1605.0,ASK
853,1712306187.247156,3162604.95937329,1558.0,-4.393784798111783e-08,1605.0,ASK
854,1712306190.88284,3162604.95937329,1558.0,-0.0,1605.0,ASK
855,1712306198.7704558,3163888.39139648,1558.0,-1.079884244427318e-07,1605.0,ASK
856,1712306200.0127044,3165758.77004848,1558.0,-1.5737432142200117e-07,1605.0,ASK
1057,1712306200.3345118,3165758.77004896,1558.0,-4.0395513509494104e-17,1605.0,ASK
857,1712306200.3345118,3165758.77004896,1558.0,-4.03955135094941e-17,1605.0,ASK
858,1712306220.594407,3165758.77004896,1558.0,-0.0,1605.0,ASK
859,1712306224.312636,3166391.67004896,1557.0,-5.32304225589423e-08,1605.0,ASK
860,1712306240.67287,3171302.68017482,1557.0,-4.130433626020168e-07,1605.0,ASK
861,1712306250.6043408,3171302.68017482,1557.0,-0.0,1605.0,ASK
862,1712306252.5628028,3171334.0281372,1557.0,-2.634625898636648e-09,1605.0,ASK
1063,1712306274.1129065,3171408.86793306,1557.0,-6.289878175549901e-09,1605.0,ASK
863,1712306274.1129065,3171408.86793306,1557.0,-6.2898781755499014e-09,1605.0,ASK
864,1712306280.865771,3171408.86793306,1557.0,-0.0,1605.0,ASK
865,1712306288.1226957,3171566.09520342,1557.0,-1.3213914114702876e-08,1605.0,ASK
866,1712306288.1928685,3171632.62369685,1557.0,-5.591280675109002e-09,1605.0,ASK
867,1712306288.2002573,3171690.33904718,1557.0,-4.850594178810375e-09,1605.0,ASK
868,1712306290.1547964,3171801.03251611,1557.0,-9.303055304287332e-09,1605.0,ASK
869,1712306297.6826894,3175365.66351611,1557.0,-2.99583703111556e-07,1605.0,ASK
870,1712306309.5750885,3175441.84446813,1557.0,-6.402506097465592e-09,1605.0,ASK
871,1712306310.8851504,3175441.84446813,1557.0,-0.0,1605.0,ASK
872,1712306311.7427278,3176761.89661669,1557.0,-1.1088315137574366e-07,1605.0,ASK
873,1712306311.746965,3176776.12446813,1557.0,-1.195126273394619e-09,1605.0,ASK
874,1712306311.982864,3177853.73990506,1557.0,-9.051869333212345e-08,1605.0,ASK
875,1712306311.990176,3178174.87028399,1557.0,-2.6974652824986708e-08,1605.0,ASK
876,1712306316.9227722,3178267.64169837,1556.0,-7.792712428267696e-09,1605.0,ASK
877,1712306331.5228631,3178303.40498836,1556.0,-3.004083059878193e-09,1605.0,ASK
878,1712306331.5303235,3178910.31522023,1556.0,-5.097989438167269e-08,1605.0,ASK
879,1712306336.8859518,3179144.99896,1556.0,-1.9713215626178826e-08,1605.0,ASK
880,1712306336.9230676,3179380.8162877,1556.0,-1.980843595680316e-08,1605.0,ASK
881,1712306337.2237513,3181152.8162877,1556.0,-1.4884635008711385e-07,1605.0,ASK
1082,1712306338.1297765,3181238.68720426,1556.0,-7.2130770364363915e-09,1605.0,ASK
882,1712306338.1297765,3181238.68720426,1556.0,-7.21307703643639e-09,1605.0,ASK
883,1712306338.9129238,3181299.47261915,1556.0,-5.10591825332707e-09,1605.0,ASK
884,1712306339.2729805,3182826.69700515,1556.0,-1.2828542642220346e-07,1605.0,ASK
885,1712306339.3351345,3182830.69700515,1556.0,-3.35996275591679e-10,1605.0,ASK
886,1712306339.3385067,3184812.06416615,1556.0,-1.664329966689271e-07,1605.0,ASK
887,1712306340.5627031,3184812.06416615,1556.0,-0.0,1605.0,ASK
888,1712306342.9627638,3184872.84958073,1556.0,-5.099671429679033e-09,1605.0,ASK
889,1712306358.2627945,3184937.11693291,1556.0,5.391793114180588e-09,1605.0,BID
890,1712306370.553311,3184937.11693291,1556.0,0.0,1605.0,BID
891,1712306384.302782,3184941.11693291,1555.0,-3.3557972520805005e-10,1605.0,ASK
892,1712306384.3087797,3190779.69178189,1555.0,-4.8982683585685e-07,1605.0,ASK
893,1712306400.671841,3190779.69178189,1555.0,-0.0,1605.0,ASK
894,1712306418.4328227,3190784.43989015,1555.0,3.9847553121382204e-10,1605.0,BID
895,1712306426.242823,3190790.87489658,1554.0,-5.400451011605366e-10,1605.0,ASK
896,1712306426.2502904,3190810.59989015,1554.0,-1.655380808716049e-09,1605.0,ASK
897,1712306430.5558789,3190810.59989015,1554.0,-0.0,1605.0,ASK
898,1712306441.9686062,3190824.45468731,1553.0,-1.162731576436308e-09,1605.0,ASK
899,1712306441.9740686,3192718.30332504,1553.0,-1.5893683513972372e-07,1605.0,ASK
900,1712306441.9789677,3192718.30989015,1554.0,-5.509615876429596e-13,1605.0,ASK
901,1712306441.9822958,3192982.74431813,1553.0,-2.2192043359643537e-08,1605.0,ASK
902,1712306441.985631,3193678.9948433,1553.0,-5.84312033867379e-08,1605.0,ASK
903,1712306460.8726072,3193678.9948433,1553.0,-0.0,1605.0,ASK
904,1712306487.6473737,3193682.9948433,1552.0,-3.355652330276401e-10,1605.0,ASK
905,1712306490.8927262,3193682.9948433,1552.0,-0.0,1605.0,ASK
906,1712306507.9939048,3193699.1054163,1551.0,-1.351536341846024e-09,1605.0,ASK
907,1712306508.0021625,3193706.90618999,1551.0,-6.544167694898772e-10,1605.0,ASK
908,1712306508.0056806,3194509.4638056,1550.0,-6.73275732610413e-08,1605.0,ASK
909,1712306508.0091035,3194529.4638056,1551.0,-1.677825291331416e-09,1605.0,ASK
910,1712306508.0124454,3194639.9550116,1550.0,-9.269246994833312e-09,1605.0,ASK
911,1712306520.6261137,3194639.9550116,1550.0,-0.0,1605.0,ASK
912,1712306542.9326596,3194645.16579274,1549.0,-4.3708462899196596e-10,1605.0,ASK
913,1712306545.971447,3194649.56349797,1547.0,-3.688831496228802e-10,1605.0,ASK
914,1712306545.9750872,3194668.96841388,1546.0,-1.6277003857395742e-09,1605.0,ASK
915,1712306545.9785082,3194675.43253799,1547.0,-5.422160732929317e-10,1605.0,ASK
916,1712306545.9819312,3194949.61163866,1545.0,-2.2998369587741912e-08,1605.0,ASK
917,1712306545.9853182,3195114.87936032,1547.0,-1.3862793095363833e-08,1605.0,ASK
918,1712306545.988742,3195119.83146387,1545.0,-4.153865389566072e-10,1605.0,ASK
1118,1712306545.988742,3195119.83146387,1545.0,-4.1538653895660714e-10,1605.0,ASK
919,1712306545.9921849,3195220.21936107,1544.0,-8.42061979304612e-09,1605.0,ASK
920,1712306545.9956026,3195273.48796948,1545.0,-4.468214902749665e-09,1605.0,ASK
921,1712306545.999018,3195276.78793713,1546.0,-2.7680401406817635e-10,1605.0,ASK
922,1712306546.002435,3195406.07915043,1544.0,-1.0845053837646518e-08,1605.0,ASK
923,1712306546.0058806,3195409.34162043,1545.0,-2.73658680200719e-10,1605.0,ASK
924,1712306546.009315,3195899.08435455,1544.0,-4.108002533631433e-08,1605.0,ASK
925,1712306550.542871,3195899.08435455,1544.0,-0.0,1605.0,ASK
926,1712306554.722756,3196977.71452179,1545.0,-9.046163108316965e-08,1605.0,ASK
927,1712306580.6872475,3196977.71452179,1545.0,-0.0,1605.0,ASK
928,1712306604.8373,3196981.90198965,1549.0,3.5114189144752206e-10,1605.0,BID
929,1712306604.9128509,3197296.13849407,1549.0,2.635043520606985e-08,1605.0,BID
1129,1712306604.9128509,3197296.13849407,1549.0,2.6350435206069852e-08,1605.0,BID
930,1712306604.920495,3197392.68355665,1549.0,8.095827124432941e-09,1605.0,BID
931,1712306604.9926813,3197396.87102452,1549.0,3.5114189230658304e-10,1605.0,BID
932,1712306608.002995,3200674.27284919,1552.0,2.748279184958872e-07,1605.0,BID
933,1712306610.566181,3200674.27284919,1552.0,0.0,1605.0,BID
934,1712306640.8627918,3200674.27284919,1552.0,0.0,1605.0,BID
935,1712306670.869029,3200674.27284919,1552.0,0.0,1605.0,BID
936,1712306673.8226013,3200680.72446209,1550.0,5.40742647657511e-10,1605.0,BID
937,1712306691.5326784,3200745.24059113,1550.0,5.4074264799316474e-09,1605.0,BID
938,1712306700.6526349,3200745.24059113,1550.0,0.0,1605.0,BID
939,1712306701.2996898,3200840.24059113,1550.0,-8.021973799663331e-09,1605.0,ASK
940,1712306702.975845,3200933.86155813,1550.0,-7.905525730226036e-09,1605.0,ASK
941,1712306705.3625968,3202337.87413804,1550.0,-1.185573908466913e-07,1605.0,ASK
942,1712306705.3697107,3202342.80155813,1550.0,-4.1608036696352494e-10,1605.0,ASK
943,1712306707.3128996,3202407.31768713,1550.0,-5.447859963101068e-09,1605.0,ASK
944,1712306708.332697,3202575.51897745,1550.0,-1.4203224673870776e-08,1605.0,ASK
945,1712306710.2828045,3202773.75447045,1550.0,-1.6739367694806952e-08,1605.0,ASK
946,1712306711.2227209,3202848.64822754,1550.0,-6.324165864569571e-09,1605.0,ASK
947,1712306712.1926284,3202943.64822754,1550.0,-8.021973799663331e-09,1605.0,ASK
948,1712306715.3060372,3203264.97203243,1550.0,-2.7133169937240934e-08,1605.0,ASK
949,1712306719.8828182,3203268.69878254,1550.0,-3.146935972504351e-10,1605.0,ASK
950,1712306720.6035268,3203389.36376691,1550.0,-1.0189172033198497e-08,1605.0,ASK
951,1712306721.08533,3203486.21980991,1550.0,-8.178701466139515e-09,1605.0,ASK
952,1712306721.1900623,3203851.96980991,1550.0,-3.0884599128703834e-08,1605.0,ASK
953,1712306721.691975,3204217.71980991,1550.0,-3.0884599128703834e-08,1605.0,ASK
954,1712306722.312698,3204583.46980991,1550.0,-3.0884599128703834e-08,1605.0,ASK
955,1712306722.5727084,3204901.71980991,1550.0,-2.6873612228872162e-08,1605.0,ASK
956,1712306723.3642664,3211529.00704273,1550.0,-5.596202583634593e-07,1605.0,ASK
957,1712306730.592622,3211529.00704273,1550.0,-0.0,1605.0,ASK
958,1712306737.4426942,3211532.26510724,1550.0,2.7472916634286206e-10,1605.0,BID
959,1712306739.9725657,3211535.52317175,1550.0,2.7472916634286206e-10,1605.0,BID
960,1712306742.1827135,3211538.78123626,1550.0,2.7472916638212796e-10,1605.0,BID
961,1712306744.492699,3211542.03930077,1550.0,2.7472916634286206e-10,1605.0,BID
962,1712306752.5225334,3211574.61994593,1550.0,2.747291668611716e-09,1605.0,BID
963,1712306760.8663027,3211574.61994593,1550.0,0.0,1605.0,BID
964,1712306768.4227452,3211580.95708154,1547.0,-5.343619191175234e-10,1605.0,ASK
965,1712306790.8842962,3211580.95708154,1547.0,-0.0,1605.0,ASK
966,1712306814.9526603,3211619.19119445,1548.0,-3.2239860905356527e-09,1605.0,ASK
967,1712306814.9638808,3211795.93968342,1547.0,-1.4903828717151572e-08,1605.0,ASK
968,1712306820.6097534,3211795.93968342,1547.0,-0.0,1605.0,ASK
969,1712306827.6226478,3215091.01963553,1547.0,-2.778407338806159e-07,1605.0,ASK
970,1712306844.4526362,3215291.01963553,1547.0,-1.6863975255149425e-08,1605.0,ASK
971,1712306850.625049,3215291.01963553,1547.0,-0.0,1605.0,ASK
972,1712306880.8877065,3215291.01963553,1547.0,-0.0,1605.0,ASK
973,1712306883.0742142,3215802.5491782,1549.0,4.3112452429355344e-08,1605.0,BID
974,1712306883.0779476,3215962.98704814,1549.0,1.3521936581716152e-08,1605.0,BID
975,1712306884.2724905,3216114.48704814,1549.0,-1.276863992832063e-08,1605.0,ASK
976,1712306890.752589,3216117.74721599,1549.0,-2.747716791079487e-10,1605.0,ASK
977,1712306910.0926137,3216214.5838848,1549.0,8.161535022385093e-09,1605.0,BID
978,1712306910.852872,3216214.5838848,1549.0,0.0,1605.0,BID
979,1712306910.8797436,3218627.29350581,1549.0,2.033221541332475e-07,1605.0,BID
980,1712306938.5524907,3219382.13221511,1550.0,6.361123239262838e-08,1605.0,BID
981,1712306938.63231,3220359.17178517,1550.0,8.233638574991536e-08,1605.0,BID
982,1712306938.7125573,3221798.5988438,1550.0,1.2130237627009405e-07,1605.0,BID
983,1712306940.5873723,3221798.5988438,1550.0,0.0,1605.0,BID
984,1712306970.622568,3221798.5988438,1550.0,0.0,1605.0,BID
985,1712306983.8726444,3221948.3528414,1550.0,-1.2610767119619513e-08,1605.0,ASK
986,1712307000.641384,3221948.3528414,1550.0,-0.0,1605.0,ASK
987,1712307007.1324773,3223570.5988438,1550.0,-1.368124754312461e-07,1605.0,ASK
988,1712307007.1364503,3223577.0504567,1550.0,-5.440982009318907e-10,1605.0,ASK
989,1712307015.692523,3223920.0647157,1549.0,-2.8928183402902e-08,1605.0,ASK
990,1712307016.3002453,3224844.61414475,1549.0,-7.79720805967265e-08,1605.0,ASK
991,1712307016.31439,3225007.87124482,1549.0,-1.3768323644655268e-08,1605.0,ASK
992,1712307016.3924232,3225349.0504567,1549.0,-2.8773424298129963e-08,1605.0,ASK
993,1712307024.4731972,3227186.33816782,1548.0,-1.549480655004946e-07,1605.0,ASK
994,1712307024.5603209,3227376.40241379,1548.0,-1.6029110223517416e-08,1605.0,ASK
995,1712307024.5724878,3227599.65241379,1547.0,-1.8827838129878023e-08,1605.0,ASK
996,1712307026.732446,3231538.5974115,1547.0,-3.321917976231632e-07,1605.0,ASK
997,1712307026.90368,3233310.5974115,1547.0,-1.494420119424137e-07,1605.0,ASK
998,1712307030.6157382,3233310.5974115,1547.0,-0.0,1605.0,ASK
999,1712307033.3861957,3233659.49015747,1547.0,-2.9380367730857035e-08,1605.0,ASK
1000,1712307034.3288145,3233754.25111645,1547.0,-7.979850121599912e-09,1605.0,ASK
1201,1712307034.4129682,3233861.40374569,1547.0,-9.023356566622553e-09,1605.0,ASK
1202,1712307034.415657,3234473.57323142,1547.0,-5.1550984685398114e-08,1605.0,ASK
1203,1712307048.482556,3237216.13467862,1546.0,-2.309519609503941e-07,1605.0,ASK
1204,1712307053.2526722,3237221.3059779,1547.0,4.3547673676645564e-10,1605.0,BID
1205,1712307060.862383,3237221.3059779,1547.0,0.0,1605.0,BID
1206,1712307079.2936077,3237444.5559779,1546.0,-1.87903839957672e-08,1605.0,ASK
1207,1712307083.9031804,3237667.8059779,1546.0,-1.87903839957672e-08,1605.0,ASK
1208,1712307085.9725883,3238086.0176789,1546.0,-3.519981390062723e-08,1605.0,ASK
1209,1712307086.092379,3238343.2563529,1546.0,-2.1651124134468985e-08,1605.0,ASK
1210,1712307086.4724164,3238661.5063529,1546.0,-2.6786292079072385e-08,1605.0,ASK
1211,1712307088.4027216,3241115.27564523,1546.0,-2.0652751283270248e-07,1605.0,ASK
1212,1712307090.8624113,3241115.27564523,1546.0,-0.0,1605.0,ASK
1213,1712307091.257996,3241203.44564523,1546.0,-7.417286077331344e-09,1605.0,ASK
1214,1712307092.5024946,3241457.05100377,1547.0,2.133450714571342e-08,1605.0,BID
1215,1712307092.5851254,3243847.51802902,1547.0,-2.0109762713760848e-07,1605.0,ASK
1216,1712307092.5872402,3244768.72257544,1547.0,-7.749617394284292e-08,1605.0,ASK
1217,1712307092.722484,3244956.52257544,1547.0,-1.579864268257482e-08,1605.0,ASK
1218,1712307092.887783,3245188.02257544,1547.0,-1.9474897662511704e-08,1605.0,ASK
1219,1712307093.2623832,3245424.50958444,1547.0,-1.9894428936454133e-08,1605.0,ASK
1220,1712307093.562226,3245884.24784344,1547.0,-3.867540192471247e-08,1605.0,ASK
1221,1712307093.7225616,3247799.95784344,1547.0,-1.6115877408660726e-07,1605.0,ASK
1222,1712307093.7623968,3247935.55784344,1547.0,-1.1407326665392661e-08,1605.0,ASK
1223,1712307093.9027317,3248158.80784244,1547.0,-1.8780867748061163e-08,1605.0,ASK
1224,1712307093.9876835,3252392.6913585,1547.0,-3.5617472220417885e-07,1605.0,ASK
1225,1712307094.014156,3252732.1913585,1546.0,-2.8560379077419973e-08,1605.0,ASK
1226,1712307094.062482,3252764.53288502,1546.0,-2.720725353027556e-09,1605.0,ASK
1227,1712307094.074859,3257563.03030035,1546.0,-4.036727693191133e-07,1605.0,ASK
1228,1712307094.0770175,3257583.03030035,1546.0,-1.682496558316346e-09,1605.0,ASK
1229,1712307108.792564,3258940.47307895,1547.0,1.1419464015528668e-07,1605.0,BID
1230,1712307114.8124125,3259277.57558924,1545.0,-2.8358690668154825e-08,1605.0,ASK
1231,1712307114.814602,3259284.84419765,1545.0,-6.114704316712585e-10,1605.0,ASK
1232,1712307115.1963,3259629.21531635,1545.0,-2.897016109982608e-08,1605.0,ASK
1233,1712307115.5124593,3259724.21531635,1545.0,-7.991858652002644e-09,1605.0,ASK
1234,1712307118.702336,3260069.27517735,1545.0,-2.9028101427255263e-08,1605.0,ASK
1235,1712307119.0222814,3260414.33503835,1545.0,-2.9028101427294435e-08,1605.0,ASK
1236,1712307120.6072118,3260414.33503835,1545.0,-0.0,1605.0,ASK
1237,1712307120.9123795,3262748.3058908,1545.0,-1.9585312695206774e-07,1605.0,ASK
1238,1712307120.942109,3265907.6297482,1545.0,-2.6511190397967205e-07,1605.0,ASK
1239,1712307120.9587216,3266691.23811468,1545.0,-6.575581212585712e-08,1605.0,ASK
1240,1712307120.973119,3266950.13779105,1545.0,-2.1725340370343365e-08,1605.0,ASK
1241,1712307120.9752378,3267594.88348862,1545.0,-5.4103272466076463e-08,1605.0,ASK
1242,1712307125.8524835,3267607.82847243,1545.0,1.086267017780594e-09,1605.0,BID
1243,1712307146.8425677,3267611.09919781,1544.0,-2.7446006552914385e-10,1605.0,ASK
1244,1712307146.845337,3267940.28742705,1544.0,-2.7623542935333832e-08,1605.0,ASK
1245,1712307150.6274426,3267940.28742705,1544.0,-0.0,1605.0,ASK
1246,1712307180.8624406,3267940.28742705,1544.0,-0.0,1605.0,ASK
1247,1712307210.5980992,3269920.51404805,1547.0,1.6600701685430329e-07,1605.0,BID
1248,1712307210.6623158,3270552.64684626,1547.0,5.2993167031342926e-08,1605.0,BID
1249,1712307210.886657,3270552.64684626,1547.0,0.0,1605.0,BID
1250,1712307210.914517,3270789.31213656,1547.0,-1.983348389681801e-08,1605.0,ASK
1251,1712307210.987082,3271027.14279791,1547.0,-1.9931146582875388e-08,1605.0,ASK
1252,1712307211.6039507,3271121.83203794,1547.0,-7.935331433496088e-09,1605.0,ASK
1253,1712307212.4826076,3271463.64667577,1545.0,-2.864541355640689e-08,1605.0,ASK
1254,1712307220.5822997,3271468.70934779,1549.0,4.2427186451751776e-10,1605.0,BID
1255,1712307223.160617,3272475.1818397,1545.0,-8.43463607847004e-08,1605.0,ASK
1256,1712307240.5978184,3272475.1818397,1545.0,-0.0,1605.0,ASK
1257,1712307249.2526,3272539.90675879,1545.0,-5.42285285954734e-09,1605.0,ASK
1258,1712307270.6276188,3272539.90675879,1545.0,-0.0,1605.0,ASK
1259,1712307295.7824004,3273302.17914554,1547.0,6.386499075335544e-08,1605.0,BID
1260,1712307300.6023812,3273302.17914554,1547.0,0.0,1605.0,BID
1261,1712307330.6023588,3273302.17914554,1547.0,0.0,1605.0,BID
1262,1712307360.616571,3273305.411854,1547.0,-2.7139211749347107e-10,1605.0,ASK
1263,1712307360.8702705,3273305.411854,1547.0,-0.0,1605.0,ASK
1264,1712307390.876436,3273305.411854,1547.0,-0.0,1605.0,ASK
1265,1712307420.6082609,3273305.411854,1547.0,-0.0,1605.0,ASK
1266,1712307450.57838,3273305.411854,1547.0,-0.0,1605.0,ASK
1267,1712307454.8432224,3273431.18113591,1546.0,1.0558569641565666e-08,1605.0,BID
1268,1712307454.84672,3273437.56706,1546.0,5.361104333485506e-10,1605.0,BID
1269,1712307480.8691146,3273437.56706,1546.0,0.0,1605.0,BID
1270,1712307483.7431974,3273514.34602802,1544.0,-6.445629360011385e-09,1605.0,ASK
1271,1712307483.7465029,3273693.93513454,1544.0,-1.5076587346354284e-08,1605.0,ASK
1272,1712307487.583145,3273979.49044159,1547.0,2.3972498178699283e-08,1605.0,BID
1273,1712307487.585431,3274287.82524363,1547.0,2.5884847165634137e-08,1605.0,BID
1274,1712307487.5873754,3274287.82524443,1546.0,6.716087602016902e-17,1605.0,BID
1275,1712307493.1832292,3274351.84330727,1543.0,-5.37434555391032e-09,1605.0,ASK
1276,1712307493.1859136,3274355.11615237,1543.0,-2.7475683783192325e-10,1605.0,ASK
1277,1712307500.883036,3275114.94511671,1547.0,6.378798787500738e-08,1605.0,BID
1278,1712307500.9058225,3277380.16231234,1547.0,-1.901660160252147e-07,1605.0,ASK
1279,1712307509.6531055,3277398.31273196,1549.0,1.523735999777137e-09,1605.0,BID
1280,1712307510.8729696,3277398.31273196,1549.0,0.0,1605.0,BID
1281,1712307540.6030896,3277398.31273196,1549.0,0.0,1605.0,BID
1282,1712307570.639072,3277398.31273196,1549.0,0.0,1605.0,BID
1283,1712307577.5233054,3277404.31273196,1547.0,5.03443811900319e-10,1605.0,BID
1284,1712307577.526492,3277554.31273196,1547.0,1.2586095297507984e-08,1605.0,BID
1285,1712307600.7433116,3277554.31273196,1547.0,0.0,1605.0,BID
1286,1712307630.5987413,3277554.31273196,1547.0,0.0,1605.0,BID
1287,1712307651.713462,3277721.51893751,1547.0,-1.4057521654111334e-08,1605.0,ASK
1288,1712307651.7161722,3277800.25577396,1547.0,-6.619639383197432e-09,1605.0,ASK
1289,1712307651.821105,3278344.24961538,1547.0,-4.573517579867453e-08,1605.0,ASK
1290,1712307660.8702507,3278344.24961538,1547.0,-0.0,1605.0,ASK
1291,1712307690.8734753,3278344.24961538,1547.0,-0.0,1605.0,ASK
1292,1712307702.613514,3278909.81684038,1548.0,4.7544029477341154e-08,1605.0,BID
1293,1712307720.592033,3278909.81684038,1548.0,0.0,1605.0,BID
1294,1712307739.5735302,3278909.81684109,1548.0,5.969250007694996e-17,1605.0,BID
1295,1712307739.9969451,3280201.80650409,1548.0,-1.0860225163387317e-07,1605.0,ASK
1296,1712307740.013445,3280350.37707902,1548.0,-1.2488566608549862e-08,1605.0,ASK
1297,1712307740.015956,3280350.37707939,1548.0,-3.1118385286016536e-17,1605.0,ASK
1298,1712307745.0936854,3280544.175529,1548.0,1.6290337758524506e-08,1605.0,BID
1299,1712307750.5589302,3280544.175529,1548.0,0.0,1605.0,BID
1300,1712307780.8334842,3280544.175529,1548.0,0.0,1605.0,BID
1301,1712307810.8738346,3280544.175529,1548.0,0.0,1605.0,BID
1302,1712307812.0994256,3281237.47542169,1543.0,-5.82651103975865e-08,1605.0,ASK
1303,1712307812.10207,3281241.72111169,1545.0,-3.5680893533430075e-10,1605.0,ASK
1304,1712307812.1047094,3281540.90692059,1543.0,-2.5143656257181176e-08,1605.0,ASK
1305,1712307812.1072795,3281544.175529,1545.0,-2.7469473435374277e-10,1605.0,ASK
1306,1712307824.954678,3281547.44413741,1545.0,-2.7469473435374277e-10,1605.0,ASK
1307,1712307824.9562418,3281550.71698251,1543.0,-2.750507869463222e-10,1605.0,ASK
1308,1712307824.957728,3281606.6757997,1542.0,-4.702794123686499e-09,1605.0,ASK
1309,1712307828.2209058,3281871.78714646,1542.0,-2.2280029247776908e-08,1605.0,ASK
1310,1712307835.7437534,3281999.13805533,1542.0,-1.0702604807528758e-08,1605.0,ASK
1311,1712307840.573543,3281999.13805533,1542.0,-0.0,1605.0,ASK
1312,1712307860.183698,3282966.25604372,1542.0,-8.126152840038175e-08,1605.0,ASK
1313,1712307870.6197965,3282966.25604372,1542.0,-0.0,1605.0,ASK
1314,1712307892.3037755,3283286.9030963,1542.0,-2.6938807160543533e-08,1605.0,ASK
1315,1712307900.8635905,3283286.9030963,1542.0,-0.0,1605.0,ASK
1316,1712307926.1439383,3283660.04568754,1542.0,-3.1410974806437326e-08,1605.0,ASK
1317,1712307930.861962,3283660.04568754,1542.0,-0.0,1605.0,ASK
1318,1712307941.396927,3288476.97695689,1542.0,-4.0546745965103e-07,1605.0,ASK
1319,1712307941.4059322,3288511.45973896,1542.0,-2.902604431292569e-09,1605.0,ASK
1320,1712307941.4106352,3289983.5041784,1542.0,-1.2391003441362262e-07,1605.0,ASK
1321,1712307941.5210996,3294766.65387068,1542.0,4.026238794810506e-07,1605.0,BID
1322,1712307941.5336192,3295233.26273729,1542.0,3.9277021243563065e-08,1605.0,BID
1323,1712307941.5536823,3295923.45774208,1542.0,5.8097489793295696e-08,1605.0,BID
1324,1712307941.5737967,3296468.09250559,1542.0,4.584488788602228e-08,1605.0,BID
1325,1712307941.6237476,3296503.06187659,1542.0,2.943563283769359e-09,1605.0,BID
1326,1712307941.627121,3297449.88418585,1542.0,7.969921408666538e-08,1605.0,BID
1327,1712307960.615195,3297449.88418585,1542.0,0.0,1605.0,BID
1328,1712307990.566488,3297449.88418585,1542.0,0.0,1605.0,BID
1329,1712308005.7737746,3297661.4466766,1542.0,-1.777655408173873e-08,1605.0,ASK
1330,1712308005.873803,3298052.52564768,1542.0,-3.28604397452554e-08,1605.0,ASK
1331,1712308005.9768076,3299029.56520779,1542.0,-8.209582198979092e-08,1605.0,ASK
1332,1712308007.3039525,3299048.56520779,1543.0,1.596476418651792e-09,1605.0,BID
1333,1712308007.307583,3299061.99062932,1543.0,1.1280720464720876e-09,1605.0,BID
1334,1712308007.884014,3299254.30960738,1542.0,-1.615961649116107e-08,1605.0,ASK
1335,1712308007.8874323,3299260.85954252,1542.0,-5.503587891713055e-10,1605.0,ASK
1336,1712308020.8952062,3299260.85954252,1542.0,-0.0,1605.0,ASK
1337,1712308031.93389,3299285.29190547,1541.0,-2.052449524641377e-09,1605.0,ASK
1338,1712308031.9374695,3300001.54758359,1541.0,-6.016931841845372e-08,1605.0,ASK
1339,1712308033.5839396,3300325.84998462,1541.0,-2.7243141000567413e-08,1605.0,ASK
1340,1712308033.5875795,3300366.31054834,1541.0,-3.39890435247139e-09,1605.0,ASK
1341,1712308050.9117064,3300366.31054834,1541.0,-0.0,1605.0,ASK
1342,1712308052.3737776,3300404.31054834,1541.0,-3.191747054387665e-09,1605.0,ASK
1343,1712308060.714136,3300420.53619734,1540.0,-1.3628465105721723e-09,1605.0,ASK
1344,1712308060.7178187,3300588.90959734,1540.0,-1.4142244828605094e-08,1605.0,ASK
1345,1712308062.5761623,3300754.2872981,1540.0,-1.3890626033216533e-08,1605.0,ASK
1346,1712308062.5791705,3302523.22192835,1540.0,-1.4857873409223864e-07,1605.0,ASK
1347,1712308063.269672,3305078.10379267,1540.0,-2.145930701250499e-07,1605.0,ASK
1348,1712308066.077051,3305081.83846688,1539.0,-3.1368777389472627e-10,1605.0,ASK
1349,1712308066.07876,3305088.33619267,1539.0,-5.45765714477233e-10,1605.0,ASK
1350,1712308066.2639706,3305088.37365846,1539.0,-3.146876994414571e-12,1605.0,ASK
1351,1712308072.727523,3305101.37755963,1538.0,-1.0922411382952168e-09,1605.0,ASK
1352,1712308072.7292702,3306680.43987946,1538.0,-1.326307238950174e-07,1605.0,ASK
1353,1712308072.864175,3306691.85405371,1538.0,-9.587146589933923e-10,1605.0,ASK
1354,1712308072.8668156,3310879.721208,1538.0,-3.517529645755753e-07,1605.0,ASK
1355,1712308077.3838706,3310886.1728209,1537.0,-5.41892538675272e-10,1605.0,ASK
1356,1712308080.5475688,3310886.1728209,1537.0,-0.0,1605.0,ASK
1357,1712308110.6951025,3310886.1728209,1537.0,-0.0,1605.0,ASK
1358,1712308125.603937,3311604.5640709,1539.0,6.025814587326523e-08,1605.0,BID
1359,1712308140.583851,3311611.06179669,1539.0,-5.45024606706158e-10,1605.0,ASK
1360,1712308140.7001138,3311929.45036069,1539.0,2.67062057533263e-08,1605.0,BID
1361,1712308140.7018294,3311929.4503607,1539.0,8.593054093000179e-19,1605.0,BID
1362,1712308140.8738294,3311929.4503607,1539.0,0.0,1605.0,BID
1363,1712308143.365278,3312254.3366497,1539.0,2.724756067596533e-08,1605.0,BID
1364,1712308143.3682177,3312254.3366505,1539.0,6.709490446322071e-17,1605.0,BID
1365,1712308151.6639504,3312579.2229395,1539.0,2.724756067596533e-08,1605.0,BID
1366,1712308151.667704,3312579.2229403,1539.0,6.709490446322071e-17,1605.0,BID
1367,1712308158.2859871,3312641.11150066,1537.0,-5.190469283092543e-09,1605.0,ASK
1368,1712308170.854117,3312641.11150066,1537.0,-0.0,1605.0,ASK
1369,1712308178.9039352,3312673.57903312,1540.0,2.7227366797710667e-09,1605.0,BID
1370,1712308196.9841502,3312704.44736518,1540.0,-2.5886272708440928e-09,1605.0,ASK
1371,1712308198.7340822,3312710.94087167,1539.0,5.445473357667711e-10,1605.0,BID
1372,1712308200.6966338,3312710.94087167,1539.0,0.0,1605.0,BID
1373,1712308202.274922,3312717.43859746,1539.0,5.456048654506339e-10,1605.0,BID
1374,1712308207.018876,3313461.4168953,1539.0,6.247080782052548e-08,1605.0,BID
1375,1712308230.6339407,3313461.4168953,1539.0,0.0,1605.0,BID
1376,1712308250.9646883,3313526.43640115,1538.0,-5.459066722713617e-09,1605.0,ASK
1377,1712308251.2676263,3313711.4168953,1538.0,1.5531044826674252e-08,1605.0,BID
1378,1712308260.8743963,3313711.4168953,1538.0,0.0,1605.0,BID
1379,1712308282.4344351,3313714.66852078,1538.0,-2.7299911296651075e-10,1605.0,ASK
1380,1712308282.5073218,3314521.03974878,1538.0,6.770110252317868e-08,1605.0,BID
1381,1712308282.574504,3314521.03974887,1538.0,7.545502395760729e-18,1605.0,BID
1382,1712308282.6023002,3315498.07930889,1538.0,-8.203002925359973e-08,1605.0,ASK
1383,1712308282.604097,3316042.62704961,1538.0,4.5718995349940256e-08,1605.0,BID
1384,1712308283.1946838,3316328.55961617,1539.0,2.400625088198463e-08,1605.0,BID
1385,1712308283.1984618,3316645.95161425,1539.0,2.664751352221045e-08,1605.0,BID
1386,1712308283.201547,3317016.42827323,1540.0,3.1104381457466935e-08,1605.0,BID
1387,1712308283.2745078,3317035.25265646,1539.0,-1.580452593958521e-09,1605.0,ASK
1388,1712308283.8643932,3317501.92031453,1539.0,-3.9180359946138664e-08,1605.0,ASK
1389,1712308290.8827794,3317501.92031453,1539.0,-0.0,1605.0,ASK
1390,1712308299.6747682,3317564.9322868,1538.0,-5.2877535837846395e-09,1605.0,ASK
1391,1712308310.794477,3317568.82333738,1542.0,3.265239272420367e-10,1605.0,BID
1392,1712308320.6087315,3317568.82333738,1542.0,0.0,1605.0,BID
1393,1712308322.2644413,3317629.5206152,1542.0,5.093468193697121e-09,1605.0,BID
1394,1712308322.9572823,3317694.4506152,1540.0,-5.448660989332312e-09,1605.0,ASK
1395,1712308325.894672,3317694.45568013,1540.0,-4.250282705731378e-13,1605.0,ASK
1396,1712308337.8046362,3318589.01867999,1542.0,7.506808131563589e-08,1605.0,BID
1397,1712308337.8147128,3322293.37246168,1540.0,3.108542729235672e-07,1605.0,BID
1398,1712308337.818622,3324209.08246168,1542.0,1.6075857606417144e-07,1605.0,BID
1399,1712308337.8216832,3324927.30792298,1540.0,6.027055371200359e-08,1605.0,BID
1400,1712308350.6077244,3324927.30792298,1540.0,0.0,1605.0,BID
1401,1712308368.4285736,3324930.58289055,1542.0,2.7456070867339776e-10,1605.0,BID
1402,1712308371.194751,3324933.85785812,1542.0,2.7456070863435856e-10,1605.0,BID
1403,1712308373.5247338,3324937.13282569,1542.0,2.7456070863435856e-10,1605.0,BID
1404,1712308376.1608682,3324940.40779326,1542.0,2.7456070867339776e-10,1605.0,BID
1405,1712308378.636835,3324943.68276083,1542.0,2.7456070863435856e-10,1605.0,BID
1406,1712308380.8667605,3324943.68276083,1542.0,0.0,1605.0,BID
1407,1712308381.0945954,3324946.9577284,1541.0,2.7456012742816606e-10,1605.0,BID
1408,1712308385.0747252,3324958.13671672,1542.0,9.372014813170502e-10,1605.0,BID
1409,1712308388.7346685,3324961.41168429,1541.0,2.7456012742816606e-10,1605.0,BID
1410,1712308390.3145282,3324971.47219012,1541.0,8.434324016003251e-10,1605.0,BID
1411,1712308394.2145827,3324974.74928291,1541.0,2.7473829736849435e-10,1605.0,BID
1412,1712308396.9447758,3324978.0263757,1541.0,2.747382973294552e-10,1605.0,BID
1413,1712308399.2345498,3324981.30346849,1541.0,2.7473829736849435e-10,1605.0,BID
1414,1712308401.7645288,3324984.58056128,1541.0,2.747382973294552e-10,1605.0,BID
1415,1712308404.2041326,3324987.85765407,1541.0,2.7473829736849435e-10,1605.0,BID
1416,1712308406.8845632,3324991.13474686,1541.0,2.747382973294552e-10,1605.0,BID
1417,1712308409.2347083,3324994.41183965,1541.0,2.7473829736849435e-10,1605.0,BID
1418,1712308409.5745032,3325794.71218064,1541.0,6.709396625035185e-08,1605.0,BID
1419,1712308410.8445628,3325794.71218064,1541.0,0.0,1605.0,BID
1420,1712308431.8379517,3325798.60323122,1542.0,3.2617419084174956e-10,1605.0,BID
1421,1712308433.4246032,3326122.85744652,1542.0,2.7181182595596546e-08,1605.0,BID
1422,1712308440.6046405,3326122.85744652,1542.0,0.0,1605.0,BID
1423,1712308446.0044658,3326129.34673918,1541.0,-5.439533520929054e-10,1605.0,ASK
1424,1712308446.006678,3326406.23386752,1541.0,-2.3209568362521977e-08,1605.0,ASK
1425,1712308450.164673,3326550.48663297,1542.0,1.2091730089692716e-08,1605.0,BID
1426,1712308450.1745968,3328027.50494404,1542.0,1.2380841850245473e-07,1605.0,BID
1427,1712308455.266723,3328051.23429849,1541.0,-1.989070700425117e-09,1605.0,ASK
1428,1712308455.274851,3328177.91487204,1541.0,-1.0618772528863137e-08,1605.0,ASK
1429,1712308460.2946072,3328357.53027104,1541.0,-1.5055939606288147e-08,1605.0,ASK
1430,1712308470.6508756,3328357.53027104,1541.0,-0.0,1605.0,ASK
1431,1712308473.090093,3328464.19300304,1541.0,-8.938231469204188e-09,1605.0,ASK
1432,1712308500.644672,3328464.19300304,1541.0,-0.0,1605.0,ASK
1433,1712308512.6753204,3328644.81146035,1541.0,-1.5165394431687202e-08,1605.0,ASK
1434,1712308512.6773024,3328774.77844949,1541.0,-1.0912509622537738e-08,1605.0,ASK
1435,1712308512.827083,3328778.02958511,1541.0,-2.729773842592327e-10,1605.0,ASK
1436,1712308512.8289304,3329220.33553143,1541.0,-3.7137644930133415e-08,1605.0,ASK
1437,1712308517.8148026,3329958.3997069,1541.0,6.197060092076269e-08,1605.0,BID
1438,1712308517.819198,3330658.25336074,1541.0,5.8762304046811684e-08,1605.0,BID
1439,1712308526.2372797,3330661.53258151,1540.0,-2.7533551746537245e-10,1605.0,ASK
1440,1712308526.2402265,3330828.7423458,1540.0,-1.4039550918829572e-08,1605.0,ASK
1441,1712308530.6161633,3330828.7423458,1540.0,-0.0,1605.0,ASK
1442,1712308531.234069,3330834.43069526,1540.0,-4.77468810158532e-10,1605.0,ASK
1443,1712308536.3389587,3331152.68069526,1540.0,-2.6713275952400865e-08,1605.0,ASK
1444,1712308538.584168,3331383.63136827,1540.0,-1.9385542999259e-08,1605.0,ASK
1445,1712308538.5885053,3331476.89883893,1540.0,-7.828687136259856e-09,1605.0,ASK
1446,1712308551.6340768,3331603.09102293,1540.0,-1.0592322495633992e-08,1605.0,ASK
1447,1712308551.6541274,3331603.09102305,1540.0,-1.0045278825853505e-17,1605.0,ASK
1448,1712308560.5939753,3331603.09102305,1540.0,-0.0,1605.0,ASK
1449,1712308571.894172,3331620.60239408,1539.0,-1.46972275844606e-09,1605.0,ASK
1450,1712308571.9040449,3331653.09102305,1539.0,-2.7267583621001883e-09,1605.0,ASK
1451,1712308575.0965374,3331927.68506105,1539.0,-2.304657392565891e-08,1605.0,ASK
1452,1712308575.1739676,3331927.6850613,1539.0,-2.098745072012149e-17,1605.0,ASK
1453,1712308590.607576,3331927.6850613,1539.0,-0.0,1605.0,ASK
1454,1712308601.8470013,3331960.21596565,1537.0,-2.730192049839929e-09,1605.0,ASK
1455,1712308601.8504355,3332333.30767129,1537.0,-3.1312133153260105e-08,1605.0,ASK
1456,1712308601.8537774,3333572.6269533,1537.0,-1.0401123850007545e-07,1605.0,ASK
1457,1712308601.8642786,3333639.42764534,1537.0,-5.606321803105897e-09,1605.0,ASK
1458,1712308601.8662426,3333815.97098524,1537.0,-1.4816594640670458e-08,1605.0,ASK
1459,1712308607.5841367,3333822.47716611,1537.0,5.460384099992502e-10,1605.0,BID
1460,1712308609.5741146,3333835.48952785,1537.0,1.0920768199203395e-09,1605.0,BID
1461,1712308617.9302735,3335134.38523918,1539.0,1.0901125608145112e-07,1605.0,BID
1462,1712308618.1443615,3337050.09523918,1540.0,1.607780759965099e-07,1605.0,BID
1463,1712308618.1489155,3339192.54772731,1540.0,1.798076895539914e-07,1605.0,BID
1464,1712308618.15277,3339359.21137112,1539.0,1.3987430242747914e-08,1605.0,BID
1465,1712308618.1562457,3341931.558638,1540.0,2.1588708330792934e-07,1605.0,BID
1466,1712308618.284177,3343144.358411,1540.0,-1.0178555943852505e-07,1605.0,ASK
1467,1712308618.2886326,3351677.02690535,1540.0,-7.161136203483963e-07,1605.0,ASK
1468,1712308618.304171,3351680.31252669,1537.0,-2.757493970828407e-10,1605.0,ASK
1469,1712308618.306336,3352218.52690435,1537.0,-4.517023563790154e-08,1605.0,ASK
1470,1712308620.8646097,3352218.52690435,1537.0,-0.0,1605.0,ASK
1471,1712308650.877445,3352218.52690435,1537.0,-0.0,1605.0,ASK
1472,1712308658.7142005,3352221.81252569,1537.0,-2.7502833480389725e-10,1605.0,ASK
1473,1712308658.7178082,3352271.40426235,1537.0,-4.151157830599757e-09,1605.0,ASK
1474,1712308662.2844062,3352274.1872817,1537.0,-2.3295720910775576e-10,1605.0,ASK
1475,1712308665.1940932,3352339.24909041,1537.0,5.446105639570762e-09,1605.0,BID
1476,1712308665.7748904,3352342.57330916,1536.0,-2.7825919445677856e-10,1605.0,ASK
1477,1712308665.7795284,3352562.49909041,1536.0,-1.8409249009531248e-08,1605.0,ASK
1478,1712308665.794146,3352595.05117374,1536.0,-2.724825640719171e-09,1605.0,ASK
1479,1712308665.797664,3352794.6317124,1535.0,-1.6706217037230804e-08,1605.0,ASK
1480,1712308665.804289,3352820.06129569,1536.0,-2.128625067674041e-09,1605.0,ASK
1481,1712308665.807752,3353162.32351067,1535.0,-2.8649621278188185e-08,1605.0,ASK
1482,1712308665.8112423,3353213.98649976,1535.0,-4.324535419739729e-09,1605.0,ASK
