,time,acc_trade_volume,trade_price,dev,high,ask_bid
0,1712300395.5088603,240092.16847478,12070.0,0.0,12390.0,ASK
1,1712300400.6021054,240092.16847478,12070.0,-0.0,12390.0,ASK
2,1712300401.1039228,240140.16847478,12090.0,5.275172975076446e-09,12390.0,BID
3,1712300423.3523598,240305.59444665,12090.0,1.818022117051008e-08,12390.0,BID
4,1712300423.6923203,240315.27054088,12090.0,1.0633973080500471e-09,12390.0,BID
5,1712300423.6938145,240388.30743258,12090.0,8.026713276654848e-09,12390.0,BID
6,1712300425.6031177,240471.02041851,12090.0,9.090110584701696e-09,12390.0,BID
7,1712300430.4839103,240471.02041851,12090.0,0.0,12390.0,BID
8,1712300443.8124166,240641.02041851,12090.0,1.8673504519063653e-08,12390.0,BID
9,1712300460.6623237,240641.02041851,12090.0,0.0,12390.0,BID
10,1712300490.65248,240641.02041851,12090.0,0.0,12390.0,BID
11,1712300501.6937442,240643.02166334,12090.0,2.1977540866549007e-10,12390.0,BID
12,1712300501.6949954,240723.73340444,12090.0,8.863711035356935e-09,12390.0,BID
13,1712300520.4525774,240723.73340444,12090.0,0.0,12390.0,BID
14,1712300550.4526908,240723.73340444,12090.0,0.0,12390.0,BID
15,1712300580.6127293,240723.73340444,12090.0,0.0,12390.0,BID
16,1712300586.1830585,240733.73340444,12080.0,1.0980729215432836e-09,12390.0,BID
17,1712300588.024362,240734.56190485,12070.0,-9.09753865728299e-11,12390.0,ASK
18,1712300588.0254328,240735.85254279,12070.0,-1.4172145734235507e-10,12390.0,ASK
19,1712300588.0267084,240853.62387242,12070.0,-1.2932150800084205e-08,12390.0,ASK
20,1712300592.3830085,240855.41969953,12070.0,-1.9719491212719519e-10,12390.0,ASK
21,1712300595.8929508,240856.31761308,12070.0,-9.85974555139178e-11,12390.0,ASK
22,1712300597.7032516,240861.31761308,12070.0,-5.490364607716418e-10,12390.0,ASK
23,1712300597.7046008,240923.76077955,12070.0,-6.856715023613705e-09,12390.0,ASK
24,1712300597.7059069,241184.0010487,12070.0,-2.8576279264875412e-08,12390.0,ASK
25,1712300597.707238,241194.0010487,12060.0,-1.0980729215432836e-09,12390.0,ASK
26,1712300597.708558,241285.13609426,12070.0,-1.0007292573303797e-08,12390.0,ASK
27,1712300597.7096035,241577.05980901,12060.0,-3.205535263233114e-08,12390.0,ASK
28,1712300597.710627,241669.94264265,12070.0,-1.0199212449629775e-08,12390.0,ASK
29,1712300597.7116628,242293.35336778,12060.0,-6.845504362648854e-08,12390.0,ASK
30,1712300610.652949,242293.35336778,12060.0,-0.0,12390.0,ASK
31,1712300636.463122,242293.80232456,12070.0,4.919643276786656e-11,12390.0,BID
32,1712300636.5830026,242348.80232456,12070.0,-6.026869228073239e-09,12390.0,ASK
33,1712300639.173139,242390.30232456,12070.0,-4.547546781182534e-09,12390.0,ASK
34,1712300640.482958,242390.30232456,12070.0,-0.0,12390.0,ASK
35,1712300643.6367898,242452.58632456,12070.0,-6.824170829781689e-09,12390.0,ASK
36,1712300644.0930734,242567.01412456,12070.0,-1.2537326679023724e-08,12390.0,ASK
37,1712300645.1529372,242647.01412456,12070.0,-8.765231301500638e-09,12390.0,ASK
38,1712300646.643221,242807.01412456,12070.0,-1.7530462603001277e-08,12390.0,ASK
39,1712300646.8454118,242849.99323456,12070.0,-4.709023003534607e-09,12390.0,ASK
40,1712300648.1231048,242929.99323456,12070.0,-8.765231301500638e-09,12390.0,ASK
41,1712300648.8333404,243093.35336756,12070.0,-1.7898616889859165e-08,12390.0,ASK
42,1712300648.8351972,243093.35336778,12070.0,-2.4103931867300465e-17,12390.0,ASK
43,1712300657.0491407,243162.84580867,12060.0,-7.613966476336739e-09,12390.0,ASK
44,1712300657.0833335,243179.95715425,12060.0,-1.874811273606888e-09,12390.0,ASK
45,1712300662.783119,243261.73715425,12060.0,-8.9602576979589e-09,12390.0,ASK
46,1712300663.043378,243295.20954296,12060.0,-3.667415365709203e-09,12390.0,ASK
47,1712300668.3431888,243315.5140836,12060.0,-2.224674939754561e-09,12390.0,ASK
48,1712300669.556988,243360.47850681,12060.0,-4.9265446221788625e-09,12390.0,ASK
49,1712300670.2572558,243368.47850681,12070.0,8.765231301500638e-10,12390.0,BID
50,1712300670.473082,243368.47850681,12070.0,0.0,12390.0,BID
51,1712300670.714683,243378.3859745,12060.0,-1.0841134893173691e-09,12390.0,ASK
52,1712300673.2043252,243443.12495002,12060.0,-7.083989455408751e-09,12390.0,ASK
53,1712300677.6932278,243465.11470272,12060.0,-2.406203913525888e-09,12390.0,ASK
54,1712300677.6951482,243599.87785203,12060.0,-1.4746305776729016e-08,12390.0,ASK
55,1712300677.8130734,243624.48049364,12060.0,-2.692116338581634e-09,12390.0,ASK
56,1712300680.7033834,243642.89091271,12060.0,-2.0145393638672542e-09,12390.0,ASK
57,1712300681.4431314,243646.9055236,12060.0,-4.3929427341041804e-10,12390.0,ASK
58,1712300681.453289,243659.8734625,12060.0,-1.419002103262889e-09,12390.0,ASK
59,1712300698.733531,243680.85359445,12060.0,-2.295727300488137e-09,12390.0,ASK
60,1712300698.7354658,243859.8734625,12060.0,-1.9589047361174693e-08,12390.0,ASK
61,1712300700.6530712,243859.8734625,12060.0,-0.0,12390.0,ASK
62,1712300700.8232996,243942.79220182,12060.0,-9.087657274043542e-09,12390.0,ASK
63,1712300700.8260922,244220.29390481,12060.0,-3.0413394974614124e-08,12390.0,ASK
64,1712300700.949164,244222.78146699,12060.0,-2.7262971826532405e-10,12390.0,ASK
65,1712300705.3032832,244250.19306699,12060.0,-3.0042331585832573e-09,12390.0,ASK
66,1712300706.1838417,244250.19311707,12060.0,-5.488626093827393e-15,12390.0,ASK
67,1712300721.343958,244251.02299259,12050.0,-9.095198947391076e-11,12390.0,ASK
68,1712300721.34471,244251.52299259,12050.0,-5.4798573570753166e-11,12390.0,ASK
69,1712300721.345458,245070.61789607,12050.0,-8.977046465955548e-08,12390.0,ASK
70,1712300721.3832374,245138.69577988,12050.0,-7.461141849007889e-09,12390.0,ASK
71,1712300721.384517,245170.11969298,12050.0,-3.4439712277801594e-09,12390.0,ASK
72,1712300721.3860598,245171.11969298,12050.0,-1.0959714714150636e-10,12390.0,ASK
73,1712300721.3873472,245198.34477181,12050.0,-2.983790970470697e-09,12390.0,ASK
74,1712300730.6531253,245198.34477181,12050.0,-0.0,12390.0,ASK
75,1712300750.333717,245212.52103461,12040.0,-1.5509357906750947e-09,12390.0,ASK
76,1712300750.3401878,245213.35159939,12040.0,-9.086687104868652e-11,12390.0,ASK
77,1712300750.3417568,245214.35159939,12040.0,-1.0940371327449788e-10,12390.0,ASK
78,1712300750.5534096,245220.93945619,12040.0,-7.207359964411297e-10,12390.0,ASK
79,1712300750.5552087,245231.98815616,12040.0,-1.2087688035715107e-09,12390.0,ASK
80,1712300751.2591891,245238.82522197,12040.0,-7.480003875180294e-10,12390.0,ASK
81,1712300751.260125,245246.38611558,12040.0,-8.27189836607795e-10,12390.0,ASK
82,1712300751.49345,245248.04586661,12050.0,1.8158292579056627e-10,12390.0,BID
83,1712300751.5570774,245248.53301978,12040.0,-5.329636573353839e-11,12390.0,ASK
84,1712300751.5589998,245326.25333161,12040.0,-8.502890711053327e-09,12390.0,ASK
85,1712300757.9035327,245331.15826503,12050.0,5.366179295132665e-10,12390.0,BID
86,1712300760.4368136,245331.15826503,12050.0,0.0,12390.0,BID
87,1712300771.0535157,245332.15826503,12030.0,-1.0938457623882176e-10,12390.0,ASK
88,1712300771.0551808,245332.15826562,12040.0,-6.45361179926373e-17,12390.0,ASK
89,1712300771.0567873,245332.98952082,12030.0,-9.092649779819126e-11,12390.0,ASK
90,1712300771.058414,245352.27929365,12030.0,-2.110003626752832e-09,12390.0,ASK
91,1712300771.9134307,245365.3402582,12030.0,-1.4286680725729059e-09,12390.0,ASK
92,1712300772.273343,245378.31296029,12030.0,-1.4190135207858326e-09,12390.0,ASK
93,1712300772.413406,245379.14352507,12040.0,9.085097649767656e-11,12390.0,BID
94,1712300774.4035494,245379.97478026,12030.0,-9.092649670624728e-11,12390.0,ASK
95,1712300774.405382,245392.11820494,12030.0,-1.3283033627088502e-09,12390.0,ASK
96,1712300776.473565,245418.8029257,12030.0,-2.918896872384724e-09,12390.0,ASK
97,1712300776.475484,245475.00103858,12030.0,-6.147206762799855e-09,12390.0,ASK
98,1712300778.293377,245530.68311358,12030.0,-6.0907601779721665e-09,12390.0,ASK
99,1712300778.4572134,245530.68311447,12030.0,-9.735492424688444e-17,12390.0,ASK
100,1712300783.653325,245597.90441231,12020.0,-7.352973178449468e-09,12390.0,ASK
101,1712300783.6636288,245642.36856372,12020.0,-4.863692359802493e-09,12390.0,ASK
102,1712300783.6653938,246108.96119053,12020.0,-5.103803675977228e-08,12390.0,ASK
103,1712300790.436858,246108.96119053,12020.0,-0.0,12390.0,ASK
104,1712300794.6534956,246124.54964726,12020.0,1.703394371601453e-09,12390.0,BID
105,1712300804.8934925,246141.2024366,12010.0,-1.8196969799245878e-09,12390.0,ASK
106,1712300804.9035883,246220.61311689,12010.0,-8.677427675753496e-09,12390.0,ASK
107,1712300804.905091,246481.08374889,12010.0,-2.8462356229465148e-08,12390.0,ASK
108,1712300804.906639,247645.45057337,12010.0,-1.272336273984225e-07,12390.0,ASK
109,1712300804.9081695,247655.45057337,12010.0,-1.092728036589702e-09,12390.0,ASK
110,1712300804.9834013,247773.88407827,12020.0,1.2941561127580614e-08,12390.0,BID
111,1712300805.7834773,247782.10100513,12010.0,-8.97886635454197e-10,12390.0,ASK
112,1712300809.5534697,247802.52153058,12020.0,2.231408068110584e-09,12390.0,BID
113,1712300809.555702,247804.90100512,12020.0,2.6001185421865787e-10,12390.0,BID
114,1712300812.243496,247805.40017317,12020.0,5.454549232154727e-11,12390.0,BID
115,1712300817.7237608,247813.71964072,12020.0,9.090915441381147e-10,12390.0,BID
116,1712300820.668076,247813.71964072,12020.0,0.0,12390.0,BID
117,1712300827.5237105,247815.71964072,12020.0,2.180577143765736e-10,12390.0,BID
118,1712300835.7735505,247825.71964072,12020.0,1.0902885718828676e-09,12390.0,BID
119,1712300837.393609,247826.71964072,12010.0,-1.0902885718828676e-10,12390.0,ASK
120,1712300837.3956509,247893.52609449,12010.0,-7.283831307344937e-09,12390.0,ASK
121,1712300837.403587,248414.09359208,12010.0,-5.6756879351604363e-08,12390.0,ASK
122,1712300845.6247635,248415.79120989,12010.0,-1.8508932976850479e-10,12390.0,ASK
123,1712300849.1837366,248416.6400188,12010.0,-9.254466542844887e-11,12390.0,ASK
124,1712300850.6436706,248416.6400188,12010.0,-0.0,12390.0,ASK
125,1712300852.533761,248417.06442325,12010.0,-4.6235829024045594e-11,12390.0,ASK
126,1712300880.39556,248417.06442325,12010.0,-0.0,12390.0,ASK
127,1712300888.6341696,248490.69221151,12010.0,-8.021216410689811e-09,12390.0,ASK
128,1712300888.6369133,248496.59339575,12010.0,-6.42891454260409e-10,12390.0,ASK
129,1712300904.2937849,248504.11785022,12010.0,-8.19735036221565e-10,12390.0,ASK
130,1712300905.213744,248505.62942103,12010.0,-1.6467473590548927e-10,12390.0,ASK
131,1712300910.4439874,248505.62942103,12010.0,-0.0,12390.0,ASK
132,1712300915.8339827,248509.79261836,12010.0,-4.5349776679904246e-10,12390.0,ASK
133,1712300915.8400238,248534.74683567,12010.0,-2.718266977346899e-09,12390.0,ASK
134,1712300915.8421834,248586.06242783,12010.0,-5.589815855920825e-09,12390.0,ASK
135,1712300916.0338745,248587.72770676,12010.0,1.8139910650023326e-10,12390.0,BID
136,1712300932.0340676,248588.22729044,12010.0,5.4419732060395886e-11,12390.0,BID
137,1712300940.6238763,248588.22729044,12010.0,0.0,12390.0,BID
138,1712300941.1144505,248588.34240696,12010.0,1.2538306497639034e-11,12390.0,BID
139,1712300941.117039,248730.81238812,12010.0,1.5517601561551758e-08,12390.0,BID
140,1712300948.5653727,248830.81238812,12010.0,-1.0891839414315892e-08,12390.0,ASK
141,1712300959.9904566,248839.13878279,12020.0,9.068975364588439e-10,12390.0,BID
142,1712300962.073757,248839.64673671,12020.0,5.5325525267658566e-11,12390.0,BID
143,1712300968.5738192,248880.89415767,12020.0,4.492602853508936e-09,12390.0,BID
144,1712300970.663869,248880.89415767,12020.0,0.0,12390.0,BID
145,1712300972.5140145,248881.72610442,12020.0,9.057962154001944e-11,12390.0,BID
146,1712300979.6238468,248891.95002246,12010.0,-1.1131465165554731e-09,12390.0,ASK
147,1712300990.3239453,248937.96056503,12010.0,-5.0094763070562866e-09,12390.0,ASK
148,1712300990.4038618,248984.52444744,12010.0,-5.069722126022979e-09,12390.0,ASK
149,1712300992.419624,249032.18601585,12010.0,-5.189234561704208e-09,12390.0,ASK
150,1712300992.4543147,249079.66830107,12010.0,-5.1697147985724064e-09,12390.0,ASK
151,1712300992.5143583,249127.47062626,12010.0,-5.204559696231661e-09,12390.0,ASK
152,1712300992.957899,249177.85876065,12010.0,-5.486094083751161e-09,12390.0,ASK
153,1712301000.498352,249177.85876065,12010.0,-0.0,12390.0,ASK
154,1712301010.8839166,249248.02155776,12010.0,-7.657741752931943e-09,12390.0,ASK
155,1712301013.0245197,249330.74299018,12010.0,-9.028422369081953e-09,12390.0,ASK
156,1712301018.204178,249413.93766572,12020.0,9.080073297329366e-09,12390.0,BID
157,1712301025.9739678,249497.13234126,12020.0,9.080073297329366e-09,12390.0,BID
158,1712301026.0839708,249517.13234126,12020.0,2.1828496206980996e-09,12390.0,BID
159,1712301030.4359064,249517.13234126,12020.0,0.0,12390.0,BID
160,1712301033.4041042,249534.42527226,12020.0,1.8865540212130463e-09,12390.0,BID
161,1712301033.5840125,249894.59235228,12020.0,3.929204673979856e-08,12390.0,BID
162,1712301033.5864177,249935.3351798,12020.0,4.444795685210524e-09,12390.0,BID
163,1712301033.5946522,250059.44483926,12020.0,1.3539612060302937e-08,12390.0,BID
164,1712301033.6471815,250084.43608563,12020.0,2.726393596000063e-09,12390.0,BID
165,1712301033.6641607,250158.09350449,12020.0,8.035578222251012e-09,12390.0,BID
166,1712301033.667003,250199.21192554,12020.0,4.4857706641967215e-09,12390.0,BID
167,1712301057.7641757,250199.71026441,12040.0,5.4365752059948066e-11,12390.0,BID
168,1712301060.6702943,250199.71026441,12040.0,0.0,12390.0,BID
169,1712301070.6940918,250207.03984534,12020.0,-7.98897810075295e-10,12390.0,ASK
170,1712301078.294211,250207.46343337,12040.0,4.6169563138532015e-11,12390.0,BID
171,1712301084.7242274,250207.88457292,12050.0,4.590268767855565e-11,12390.0,BID
172,1712301090.6441438,250207.88457292,12050.0,0.0,12390.0,BID
173,1712301120.4185038,250207.88457292,12050.0,0.0,12390.0,BID
174,1712301121.0941622,250366.86118997,12020.0,-1.7327690625593546e-08,12390.0,ASK
175,1712301121.1041598,250431.82638242,12020.0,-7.080895147315706e-09,12390.0,ASK
176,1712301124.4543538,250436.33191768,12050.0,4.91081786346873e-10,12390.0,BID
177,1712301143.414234,250444.63067286,12050.0,9.045246087412256e-10,12390.0,BID
178,1712301150.4845326,250444.63067286,12050.0,0.0,12390.0,BID
179,1712301155.7144394,250486.19343262,12030.0,-4.5287371027562065e-09,12390.0,ASK
180,1712301156.6245666,250491.56467286,12030.0,5.85257935304373e-10,12390.0,BID
181,1712301156.627083,250515.23907577,12050.0,2.57959643351798e-09,12390.0,BID
182,1712301165.2943442,250535.23907577,12050.0,2.1792282942257917e-09,12390.0,BID
183,1712301167.0441926,250535.73907577,12050.0,5.44807073556448e-11,12390.0,BID
184,1712301180.6244814,250535.73907577,12050.0,0.0,12390.0,BID
185,1712301188.4486454,250536.78380606,12050.0,1.1382168623125472e-10,12390.0,BID
186,1712301201.736825,250537.61574606,12060.0,9.063852608542068e-11,12390.0,BID
187,1712301201.743246,250577.04052257,12050.0,4.295266045744294e-09,12390.0,BID
188,1712301201.7456026,250598.99518647,12060.0,2.3919253510946302e-09,12390.0,BID
189,1712301205.9931395,250618.99518647,12040.0,-2.178967860302928e-09,12390.0,ASK
190,1712301207.4929495,250638.99518647,12040.0,-2.178967860302928e-09,12390.0,ASK
191,1712301209.7831426,250639.41208647,12060.0,4.542058504605116e-11,12390.0,BID
192,1712301210.6528244,250639.41208647,12060.0,0.0,12390.0,BID
193,1712301221.2727108,250809.41208647,12050.0,-1.8518706665750934e-08,12390.0,ASK
194,1712301226.2825778,250809.83392269,12060.0,4.595212482071537e-11,12390.0,BID
195,1712301240.441995,250809.83392269,12060.0,0.0,12390.0,BID
196,1712301240.4819736,250813.51916315,12060.0,4.0135660921688464e-10,12390.0,BID
197,1712301270.4315512,250813.51916315,12060.0,0.0,12390.0,BID
198,1712301296.490656,250816.00672533,12040.0,-2.7091710840420723e-10,12390.0,ASK
199,1712301296.5008368,250832.98541868,12040.0,-1.8491270464901501e-09,12390.0,ASK
200,1712301296.5028412,250840.43813747,12030.0,-8.11665750734941e-10,12390.0,ASK
201,1712301296.5048432,250859.89085626,12040.0,-2.118569886436093e-09,12390.0,ASK
202,1712301296.5068927,251054.72785527,12030.0,-2.1219439982763132e-08,12390.0,ASK
203,1712301296.9607604,251055.14475527,12070.0,4.5404027848914426e-11,12390.0,BID
204,1712301300.510554,251055.14475527,12070.0,0.0,12390.0,BID
205,1712301330.439934,251055.14475527,12070.0,0.0,12390.0,BID
206,1712301360.4592266,251055.14475527,12070.0,0.0,12390.0,BID
207,1712301368.2632642,251072.12344862,12060.0,1.8553021787922871e-09,12390.0,BID
208,1712301368.2652285,251137.99479669,12060.0,7.197918772375934e-09,12390.0,BID
209,1712301390.4189885,251137.99479669,12060.0,0.0,12390.0,BID
210,1712301397.7585378,251229.59674313,12060.0,1.0008469671814468e-08,12390.0,BID
211,1712301404.7885475,251301.99479669,12060.0,-7.910243739506643e-09,12390.0,ASK
212,1712301404.791309,252020.95511891,12050.0,-7.855392663397054e-08,12390.0,ASK
213,1712301404.7983744,252037.93381226,12060.0,-1.8550996355920246e-09,12390.0,ASK
214,1712301416.01319,252038.34885226,12070.0,4.5347456186727915e-11,12390.0,BID
215,1712301416.0159132,252038.35599769,12080.0,7.807128792695036e-13,12390.0,BID
216,1712301420.6280942,252038.35599769,12080.0,0.0,12390.0,BID
217,1712301450.6274614,252038.35599769,12080.0,0.0,12390.0,BID
218,1712301451.627917,252039.08499742,12090.0,7.955651431771264e-11,12390.0,BID
219,1712301451.6322715,252047.35599769,12080.0,9.026230385656487e-10,12390.0,BID
220,1712301453.937654,252047.77713724,12090.0,4.5959406100952516e-11,12390.0,BID
221,1712301460.1774356,252056.04843583,12090.0,9.026555945434187e-10,12390.0,BID
222,1712301478.2673483,252064.04843583,12080.0,8.73048491451876e-10,12390.0,BID
223,1712301480.4471476,252064.04843583,12080.0,0.0,12390.0,BID
224,1712301490.8771043,252114.04843583,12060.0,-5.456368205968859e-09,12390.0,ASK
225,1712301504.186666,252114.87762323,12060.0,9.048703532286576e-11,12390.0,BID
226,1712301510.456441,252114.87762323,12060.0,0.0,12390.0,BID
227,1712301511.776526,252117.36518541,12060.0,2.7144294559067947e-10,12390.0,BID
228,1712301517.4165173,252133.94893333,12060.0,1.809619643089284e-09,12390.0,BID
229,1712301518.3164444,252136.38795772,12060.0,2.66146498815146e-10,12390.0,BID
230,1712301540.6558998,252136.38795772,12060.0,0.0,12390.0,BID
231,1712301553.0159018,252137.38795772,12060.0,1.0911697571305767e-10,12390.0,BID
232,1712301553.4760888,252145.6867129,12050.0,-9.055350674250375e-10,12390.0,ASK
233,1712301553.4790146,252155.73408832,12050.0,-1.0963392196832424e-09,12390.0,ASK
234,1712301557.4058433,252156.23408832,12050.0,-5.4558487856528834e-11,12390.0,ASK
235,1712301557.4089444,252166.30464651,12050.0,-1.0988688534347842e-09,12390.0,ASK
236,1712301570.659016,252166.30464651,12050.0,-0.0,12390.0,ASK
237,1712301581.7354722,252176.30464651,12050.0,1.0911268351083555e-09,12390.0,BID
238,1712301600.456918,252176.30464651,12050.0,0.0,12390.0,BID
239,1712301630.4647472,252176.30464651,12050.0,0.0,12390.0,BID
240,1712301644.7345743,252613.77909151,12050.0,4.7798597053368526e-08,12390.0,BID
241,1712301644.8775308,253001.73115651,12050.0,4.2387766057873785e-08,12390.0,BID
242,1712301644.898789,253263.08078251,12050.0,2.8555143291219363e-08,12390.0,BID
243,1712301645.2580557,253290.16905566,12050.0,2.95967334313332e-09,12390.0,BID
244,1712301647.724506,253315.76035833,12050.0,2.7961138721938834e-09,12390.0,BID
245,1712301649.434609,253325.76035833,12050.0,1.092603181732559e-09,12390.0,BID
246,1712301654.154399,253451.0197788,12050.0,1.3685884134748242e-08,12390.0,BID
247,1712301654.1571114,253585.20411092,12050.0,1.466102282129698e-08,12390.0,BID
248,1712301654.1744554,253630.74996576,12060.0,4.976354591293532e-09,12390.0,BID
249,1712301654.1775382,253668.22611175,12050.0,4.094655634773604e-09,12390.0,BID
250,1712301660.6341646,253668.22611175,12050.0,0.0,12390.0,BID
251,1712301663.2642348,253675.75576317,12060.0,8.210792688641796e-10,12390.0,BID
252,1712301669.3042722,253755.75576317,12060.0,8.723689563473312e-09,12390.0,BID
253,1712301690.6838064,253755.75576317,12060.0,0.0,12390.0,BID
254,1712301704.543894,253778.52159591,12060.0,2.482239988044429e-09,12390.0,BID
255,1712301704.663779,253983.84200695,12060.0,-2.2386817142418576e-08,12390.0,ASK
256,1712301708.0938723,254000.43951732,12050.0,-1.809685787157028e-09,12390.0,ASK
257,1712301708.0971844,254063.84020695,12050.0,-6.912803448331956e-09,12390.0,ASK
258,1712301714.6635904,254143.84020695,12050.0,-8.722685495912444e-09,12390.0,ASK
259,1712301720.4634235,254143.84020695,12050.0,-0.0,12390.0,ASK
260,1712301721.7838583,254256.29820695,12050.0,-1.2255445134977824e-08,12390.0,ASK
261,1712301723.2737,254272.89566053,12050.0,-1.8087568846121486e-09,12390.0,ASK
262,1712301723.2761574,254311.45130695,12050.0,-4.201716279358537e-09,12390.0,ASK
263,1712301725.283455,254311.45136374,12050.0,-6.1888574927841866e-15,12390.0,ASK
264,1712301728.093513,254350.22023425,12050.0,4.224953008949985e-09,12390.0,BID
265,1712301741.3846614,254414.2194279,12050.0,-6.974502538372684e-09,12390.0,ASK
266,1712301746.723218,254414.6363279,12070.0,4.543291785867431e-11,12390.0,BID
267,1712301750.4432282,254414.6363279,12070.0,0.0,12390.0,BID
268,1712301750.7330687,254597.6233279,12050.0,-1.9934463928754322e-08,12390.0,ASK
269,1712301752.223165,254753.7573279,12050.0,-1.7009118631665822e-08,12390.0,ASK
270,1712301753.723562,254965.9443279,12050.0,-2.3115489612108213e-08,12390.0,ASK
271,1712301753.8271463,255311.86826374,12050.0,-3.76846891915563e-08,12390.0,ASK
272,1712301756.573269,255318.50345236,12050.0,7.228323771938315e-10,12390.0,BID
273,1712301769.2630963,255326.80220754,12050.0,-9.040600468303519e-10,12390.0,ASK
274,1712301770.334021,255330.95503146,12040.0,-4.5240546397262736e-10,12390.0,ASK
275,1712301770.3371797,255334.66384276,12030.0,-4.0403506849254517e-10,12390.0,ASK
276,1712301780.6626165,255334.66384276,12030.0,-0.0,12390.0,ASK
277,1712301785.833239,255417.17484592,12030.0,-8.97784286843075e-09,12390.0,ASK
278,1712301794.9627805,255618.72247447,12030.0,-2.1929959282132105e-08,12390.0,ASK
279,1712301800.3926766,255800.11534016,12030.0,-1.97369633533739e-08,12390.0,ASK
280,1712301810.6525185,255800.11534016,12030.0,-0.0,12390.0,ASK
281,1712301819.8840375,255811.20104863,12050.0,1.2054773924464123e-09,12390.0,BID
282,1712301825.0625343,255832.67811805,12050.0,-2.335450342384424e-09,12390.0,ASK
283,1712301825.1424465,255841.61359742,12050.0,-9.71658094773939e-10,12390.0,ASK
284,1712301840.452211,255841.61359742,12050.0,-0.0,12390.0,ASK
285,1712301870.5119936,255841.61359742,12050.0,-0.0,12390.0,ASK
286,1712301892.1212833,255856.25874666,12050.0,-1.592449993675929e-09,12390.0,ASK
287,1712301900.6660774,255856.25874666,12050.0,-0.0,12390.0,ASK
288,1712301921.4016182,255872.20758829,12050.0,-1.736040875939646e-09,12390.0,ASK
289,1712301921.4453795,255906.38862508,12050.0,-3.7206261386244516e-09,12390.0,ASK
290,1712301923.121581,255937.43893628,12050.0,-3.379844800289434e-09,12390.0,ASK
291,1712301923.124799,256069.6422042,12050.0,-1.4390404166406342e-08,12390.0,ASK
292,1712301923.4275231,256087.5875341,12050.0,-1.9533598089009927e-09,12390.0,ASK
293,1712301926.7014227,256158.63901235,12050.0,-7.733995571553917e-09,12390.0,ASK
294,1712301930.6512196,256158.63901235,12050.0,-0.0,12390.0,ASK
295,1712301940.2913277,256162.48406078,12050.0,4.1836987077977666e-10,12390.0,BID
296,1712301956.5828424,256166.79203127,12050.0,4.687392343768082e-10,12390.0,BID
297,1712301960.4810336,256166.79203127,12050.0,0.0,12390.0,BID
298,1712301960.5210366,256229.14897111,12030.0,-6.784826372468661e-09,12390.0,ASK
299,1712301960.5311136,256283.0682858,12030.0,-5.866759806249258e-09,12390.0,ASK
300,1712301961.671405,256291.36704098,12050.0,9.029566420098227e-10,12390.0,BID
301,1712301962.471139,256301.36704098,12050.0,1.0880627545027276e-09,12390.0,BID
302,1712301969.1811,256302.98910099,12030.0,-1.764903082455799e-10,12390.0,ASK
303,1712301990.4501095,256302.98910099,12030.0,-0.0,12390.0,ASK
304,1712301991.660978,256344.34559395,12040.0,-4.499043724233709e-09,12390.0,ASK
305,1712302020.6704743,256344.34559395,12040.0,-0.0,12390.0,ASK
306,1712302029.141003,256393.77056281,12050.0,5.376496785081872e-09,12390.0,BID
307,1712302029.1447637,256405.62004768,12050.0,1.288998633236885e-09,12390.0,BID
308,1712302029.1481247,256619.52915485,12060.0,2.3269243330371813e-08,12390.0,BID
309,1712302050.6305668,256619.52915485,12060.0,0.0,12390.0,BID
310,1712302073.9634445,256620.35765526,12070.0,9.009257190857136e-11,12390.0,BID
311,1712302080.430034,256620.35765526,12070.0,0.0,12390.0,BID
312,1712302085.6800694,256625.35765526,12070.0,5.43708083008027e-10,12390.0,BID
313,1712302110.4198086,256625.35765526,12070.0,0.0,12390.0,BID
314,1712302126.439886,256635.35765526,12070.0,-1.0874090298327895e-09,12390.0,ASK
315,1712302129.9698818,256643.6426594,12070.0,9.009188314031815e-10,12390.0,BID
316,1712302140.642743,256643.6426594,12070.0,0.0,12390.0,BID
317,1712302160.9898667,256685.04697795,12070.0,4.502234936868992e-09,12390.0,BID
318,1712302170.5993574,256685.04697795,12070.0,0.0,12390.0,BID
319,1712302200.7411118,256685.04697795,12070.0,0.0,12390.0,BID
320,1712302214.7891772,256693.33198209,12070.0,9.161565542148379e-10,12390.0,BID
321,1712302215.26022,256698.33198209,12060.0,-5.52900480636013e-10,12390.0,ASK
322,1712302215.264165,256706.62385605,12060.0,-9.169162195713448e-10,12390.0,ASK
323,1712302230.7066205,256706.62385605,12060.0,-0.0,12390.0,ASK
324,1712302243.299193,256748.15209525,12040.0,-4.592064504750182e-09,12390.0,ASK
325,1712302243.3027432,256777.62480562,12040.0,-3.259001338752349e-09,12390.0,ASK
326,1712302243.3094444,256819.11858155,12050.0,-4.5882536627304065e-09,12390.0,ASK
327,1712302243.3124447,256830.46890448,12040.0,-1.255083674346589e-09,12390.0,ASK
328,1712302260.469427,256830.46890448,12040.0,-0.0,12390.0,ASK
329,1712302268.61883,256843.47467371,12040.0,-1.4379006683860795e-09,12390.0,ASK
330,1712302283.408772,256860.0859694,12040.0,-1.8365229117156718e-09,12390.0,ASK
331,1712302288.134236,256985.3859694,12040.0,-1.3853002506989045e-08,12390.0,ASK
332,1712302290.4596689,256985.3859694,12040.0,-0.0,12390.0,ASK
333,1712302320.6784704,256985.3859694,12040.0,-0.0,12390.0,ASK
334,1712302347.8183582,256988.3859694,12040.0,-3.31607655466611e-10,12390.0,ASK
335,1712302350.6281793,256988.3859694,12040.0,-0.0,12390.0,ASK
336,1712302350.9505243,256993.53718621,12040.0,-5.693920363903156e-10,12390.0,ASK
337,1712302350.9521534,257120.62136849,12040.0,-1.404730649293032e-08,12390.0,ASK
338,1712302353.398412,257121.45193327,12040.0,-9.180684659079224e-11,12390.0,ASK
339,1712302353.4019926,257239.63322767,12040.0,-1.3063221829685506e-08,12390.0,ASK
340,1712302380.459477,257239.63322767,12040.0,-0.0,12390.0,ASK
341,1712302395.339317,257264.48824009,12070.0,2.746441497380644e-09,12390.0,BID
342,1712302403.948118,257351.69543098,12050.0,-9.636263457980046e-09,12390.0,ASK
343,1712302408.278108,257375.73479133,12050.0,-2.6563131701612206e-09,12390.0,ASK
344,1712302410.0929291,257411.47546906,12050.0,-3.949291145124432e-09,12390.0,ASK
345,1712302410.4179895,257411.47546906,12050.0,-0.0,12390.0,ASK
346,1712302413.53804,257436.33048148,12060.0,2.74581307946352e-09,12390.0,BID
347,1712302440.6178825,257436.33048148,12060.0,0.0,12390.0,BID
348,1712302447.3578658,257526.33048148,12060.0,-9.942259930723414e-09,12390.0,ASK
349,1712302462.9579468,257537.26626506,12060.0,1.2080711433170506e-09,12390.0,BID
350,1712302470.6477475,257537.26626506,12060.0,0.0,12390.0,BID
351,1712302477.3276782,257620.18500469,12060.0,9.158764643835132e-09,12390.0,BID
352,1712302485.3976915,258302.09264125,12060.0,7.531990452285652e-08,12390.0,BID
353,1712302500.450096,258302.09264125,12060.0,0.0,12390.0,BID
354,1712302521.8575456,258303.34351189,12060.0,1.3847103751749002e-10,12390.0,BID
355,1712302530.108359,258321.68376086,12050.0,-2.0302605417146593e-09,12390.0,ASK
356,1712302530.11158,258323.34351189,12050.0,-1.837339847895728e-10,12390.0,ASK
357,1712302530.4782374,258323.34351189,12050.0,-0.0,12390.0,ASK
358,1712302537.9374452,258398.64913015,12060.0,8.336075016120094e-09,12390.0,BID
359,1712302544.3373787,258426.94702139,12070.0,3.132480014440417e-09,12390.0,BID
360,1712302545.0273936,258455.24491263,12070.0,-3.1324800144436392e-09,12390.0,ASK
361,1712302545.0303962,258710.382479,12060.0,-2.8242858127098288e-08,12390.0,ASK
362,1712302545.1473129,259369.26567006,12060.0,7.293612129407983e-08,12390.0,BID
363,1712302545.3074343,259369.26567007,12060.0,1.105041294467646e-18,12390.0,BID
364,1712302556.708264,259371.26567007,12090.0,2.2139317646498166e-10,12390.0,BID
365,1712302560.6188047,259371.26567007,12090.0,0.0,12390.0,BID
366,1712302565.1572006,259391.26567007,12060.0,-2.210838699019733e-09,12390.0,ASK
367,1712302580.7976103,259391.80435479,12050.0,-5.95472512772039e-11,12390.0,ASK
368,1712302590.6180964,259391.80435479,12050.0,-0.0,12390.0,ASK
369,1712302620.4677892,259391.80435479,12050.0,-0.0,12390.0,ASK
370,1712302633.066973,259694.81880035,12080.0,3.3494886031647785e-08,12390.0,BID
371,1712302633.0687995,259734.06338083,12090.0,4.338053085579184e-09,12390.0,BID
372,1712302633.0704648,259925.51098377,12090.0,2.1162409038472927e-08,12390.0,BID
373,1712302650.4367285,259925.51098377,12090.0,0.0,12390.0,BID
374,1712302655.1998377,259974.72262584,12070.0,-5.435925819599143e-09,12390.0,ASK
375,1712302655.2016475,259992.67098377,12070.0,-1.9825784750751203e-09,12390.0,ASK
376,1712302680.609553,259992.67098377,12070.0,-0.0,12390.0,ASK
377,1712302682.6570368,260158.01285608,12070.0,-1.8262054335745853e-08,12390.0,ASK
378,1712302682.660863,260196.96567391,12070.0,-4.302349222271033e-09,12390.0,ASK
379,1712302682.7767465,260371.22690713,12080.0,1.9247200150917737e-08,12390.0,BID
380,1712302693.7366638,260469.67867491,12080.0,1.0874024271829097e-08,12390.0,BID
381,1712302705.676476,260737.45535808,12080.0,-2.957600678869565e-08,12390.0,ASK
382,1712302709.3166256,260938.28787046,12080.0,-2.2182005091794973e-08,12390.0,ASK
383,1712302710.6365054,260938.28787046,12080.0,-0.0,12390.0,ASK
384,1712302712.4866178,261239.53663903,12080.0,-3.323108816437812e-08,12390.0,ASK
385,1712302721.8667753,261239.95673787,12100.0,4.634157230239843e-11,12390.0,BID
386,1712302740.4191518,261239.95673787,12100.0,0.0,12390.0,BID
387,1712302759.046505,261280.37288025,12080.0,-4.456558309889154e-09,12390.0,ASK
388,1712302759.0502608,261288.65102594,12080.0,-9.128045576020363e-10,12390.0,ASK
389,1712302770.457607,261288.65102594,12080.0,-0.0,12390.0,ASK
390,1712302800.4591668,261288.65102594,12080.0,-0.0,12390.0,ASK
391,1712302804.0162213,261296.96365768,12080.0,9.182844683697583e-10,12390.0,BID
392,1712302804.0193243,261324.25147221,12080.0,3.0144456102947072e-09,12390.0,BID
393,1712302804.0819488,261449.0160578,12080.0,1.3782564262840412e-08,12390.0,BID
394,1712302805.8461711,261449.6865876,12080.0,-7.407246226937293e-11,12390.0,ASK
395,1712302814.4937396,261487.10103788,12080.0,-4.133120491717975e-09,12390.0,ASK
396,1712302830.4661283,261487.10103788,12080.0,-0.0,12390.0,ASK
397,1712302835.8160894,261497.96158388,12080.0,-1.199431253057321e-09,12390.0,ASK
398,1712302845.5160503,261497.96158442,12080.0,-5.963639814111477e-17,12390.0,ASK
399,1712302854.5460255,261499.61721355,12080.0,1.8284654583515136e-10,12390.0,BID
400,1712302860.6157832,261499.61721355,12080.0,0.0,12390.0,BID
401,1712302862.2162442,261502.67764401,12080.0,3.379861977694417e-10,12390.0,BID
402,1712302883.67609,261510.96264815,12070.0,-9.149748979371643e-10,12390.0,ASK
403,1712302883.680195,261532.67764401,12070.0,-2.398149208496162e-09,12390.0,ASK
404,1712302890.5660956,261546.64566485,12080.0,1.5425928854716843e-09,12390.0,BID
405,1712302890.574039,261615.45910096,12080.0,7.5995818007527e-09,12390.0,BID
406,1712302890.6357896,261615.45910096,12080.0,0.0,12390.0,BID
407,1712302894.5758953,261635.13483357,12070.0,-2.172602445799311e-09,12390.0,ASK
408,1712302895.5158224,261648.6141368,12070.0,1.4883901781789501e-09,12390.0,BID
409,1712302906.2859542,261651.0975805,12070.0,2.7422286954168577e-10,12390.0,BID
410,1712302910.8359156,261667.66758879,12070.0,1.8296670955718367e-09,12390.0,BID
411,1712302920.4682343,261667.66758879,12070.0,0.0,12390.0,BID
412,1712302928.8070557,261751.19758879,12070.0,9.222775038820389e-09,12390.0,BID
413,1712302950.435624,261751.19758879,12070.0,0.0,12390.0,BID
414,1712302952.5757604,261751.69510122,12060.0,-5.4925589571904156e-11,12390.0,ASK
415,1712302952.5787723,261841.4686837,12060.0,-9.911042716816741e-09,12390.0,ASK
416,1712302953.0816584,261841.46942501,12070.0,8.184094891298038e-14,12390.0,BID
417,1712302953.084552,261850.5477837,12070.0,1.0022547645922555e-09,12390.0,BID
418,1712302954.8856275,261858.83278784,12070.0,9.146680757535391e-10,12390.0,BID
419,1712302960.345737,261962.27701537,12060.0,-1.1420287901358948e-08,12390.0,ASK
420,1712302960.349802,262068.09657681,12060.0,-1.1682525802513093e-08,12390.0,ASK
421,1712302969.075608,262068.51082701,12070.0,4.57334030152536e-11,12390.0,BID
422,1712302969.8356173,262079.12559005,12070.0,1.1718744758998823e-09,12390.0,BID
423,1712302976.525653,262095.69559834,12070.0,1.8293361526123766e-09,12390.0,BID
424,1712302980.6154034,262095.69559834,12070.0,0.0,12390.0,BID
425,1712302994.5158951,262151.43532716,12070.0,6.150868854098355e-09,12390.0,BID
426,1712302994.5202472,262215.68559834,12070.0,7.090005642918712e-09,12390.0,BID
427,1712302997.5455515,262215.68891465,12070.0,3.659542005463789e-13,12390.0,BID
428,1712303002.9254482,262216.10581465,12080.0,4.600483855282598e-11,12390.0,BID
429,1712303010.357144,262216.52271465,12080.0,4.600483855282598e-11,12390.0,BID
430,1712303010.6153162,262216.52271465,12080.0,0.0,12390.0,BID
431,1712303031.0655046,262234.88742053,12070.0,-2.026215840759321e-09,12390.0,ASK
432,1712303031.0755603,262258.03826574,12060.0,-2.554280455014621e-09,12390.0,ASK
433,1712303031.0802424,262258.49062465,12070.0,-4.9909690639093345e-11,12390.0,ASK
434,1712303040.4652762,262258.49062465,12070.0,-0.0,12390.0,ASK
435,1712303070.4361043,262258.49062465,12070.0,-0.0,12390.0,ASK
436,1712303087.7451196,262262.62969749,12080.0,4.566469252478527e-10,12390.0,BID
437,1712303100.4650352,262262.62969749,12080.0,0.0,12390.0,BID
438,1712303119.155141,262269.58437464,12080.0,7.72141949059744e-10,12390.0,BID
439,1712303130.4565215,262269.58437464,12080.0,0.0,12390.0,BID
440,1712303145.9748678,262310.49550599,12080.0,4.542109629642948e-09,12390.0,BID
441,1712303145.98482,262319.25324881,12080.0,9.72317965407687e-10,12390.0,BID
442,1712303157.1250734,262337.316141,12080.0,2.0054110910203563e-09,12390.0,BID
443,1712303157.1289566,263109.99802542,12080.0,8.578608589070197e-08,12390.0,BID
444,1712303157.1322503,263143.1106082,12080.0,3.676285063369244e-09,12390.0,BID
445,1712303160.474796,263143.1106082,12080.0,0.0,12390.0,BID
446,1712303190.4646938,263143.1106082,12080.0,0.0,12390.0,BID
447,1712303191.6147969,263146.15034329,12080.0,3.370880539385955e-10,12390.0,BID
448,1712303213.0347743,263229.06908292,12060.0,-9.195181734412804e-09,12390.0,ASK
449,1712303213.0391555,263237.36095688,12060.0,-9.195181731088543e-10,12390.0,ASK
450,1712303213.043479,263237.86095688,12070.0,-5.544694586197968e-11,12390.0,ASK
451,1712303213.0476024,263331.69226772,12060.0,-1.040531922461174e-08,12390.0,ASK
452,1712303213.9549365,263373.01458176,12060.0,-4.582392218932839e-09,12390.0,ASK
453,1712303220.6447196,263373.01458176,12060.0,-0.0,12390.0,ASK
454,1712303221.8658786,263380.6314157,12050.0,-8.44400724973085e-10,12390.0,ASK
455,1712303221.8767169,263387.2001183,12050.0,-7.282050890451484e-10,12390.0,ASK
456,1712303221.8826735,263448.3267739,12050.0,-6.7764891174235225e-09,12390.0,ASK
457,1712303240.5364132,263464.88306529,12060.0,-1.835427234285231e-09,12390.0,ASK
458,1712303240.542845,263504.810918,12060.0,-4.426393963737911e-09,12390.0,ASK
459,1712303246.235175,263589.53713416,12060.0,-9.392731798144611e-09,12390.0,ASK
460,1712303249.1451223,263630.99650397,12080.0,4.5961776507300884e-09,12390.0,BID
461,1712303250.655171,263630.99650397,12080.0,0.0,12390.0,BID
462,1712303263.095399,263708.21618983,12060.0,-8.557607603243809e-09,12390.0,ASK
463,1712303280.3952663,263708.21618983,12060.0,-0.0,12390.0,ASK
464,1712303292.815694,263715.47102012,12060.0,8.03908789028758e-10,12390.0,BID
465,1712303302.865465,263716.30020751,12060.0,9.188237407532487e-11,12390.0,BID
466,1712303310.4455998,263716.30020751,12060.0,0.0,12390.0,BID
467,1712303340.63928,263716.30020751,12060.0,0.0,12390.0,BID
468,1712303345.8859308,263726.4606273,12050.0,-1.1258654168876403e-09,12390.0,ASK
469,1712303347.8279736,263748.37660962,12060.0,2.4284869209267302e-09,12390.0,BID
470,1712303362.066113,263748.79350962,12080.0,4.619624995949058e-11,12390.0,BID
471,1712303370.626127,263748.79350962,12080.0,0.0,12390.0,BID
472,1712303397.1663885,263749.31471391,12070.0,-5.775159135871054e-11,12390.0,ASK
473,1712303400.496931,263749.31471391,12070.0,-0.0,12390.0,ASK
474,1712303430.4566224,263749.31471391,12070.0,-0.0,12390.0,ASK
475,1712303437.877097,263755.59985721,12070.0,6.982170127659391e-10,12390.0,BID
476,1712303440.3072205,263775.63336889,12060.0,-2.22552422637042e-09,12390.0,ASK
477,1712303441.6269846,263776.88849577,12070.0,1.3943213368017336e-10,12390.0,BID
478,1712303460.6530414,263776.88849577,12070.0,0.0,12390.0,BID
479,1712303467.2369435,263777.30928784,12080.0,4.674409354569956e-11,12390.0,BID
480,1712303467.8269289,263812.22931269,12080.0,3.879124690411139e-09,12390.0,BID
481,1712303467.8316076,263942.87220174,12080.0,1.4512591520694808e-08,12390.0,BID
482,1712303480.0270302,263962.85252614,12080.0,2.219533635368941e-09,12390.0,BID
483,1712303482.397213,264060.2887038,12060.0,-1.0823791910911533e-08,12390.0,ASK
484,1712303482.4024324,264062.14700804,12060.0,-2.0643152147179872e-10,12390.0,ASK
485,1712303490.6469145,264062.14700804,12060.0,-0.0,12390.0,ASK
486,1712303504.9971,264062.56390804,12080.0,4.6294028345115237e-11,12390.0,BID
487,1712303511.217099,264063.06059678,12080.0,5.5154047989116425e-11,12390.0,BID
488,1712303520.47701,264063.06059678,12080.0,0.0,12390.0,BID
489,1712303550.4471884,264063.06059678,12080.0,0.0,12390.0,BID
490,1712303563.379078,264091.96510009,12080.0,3.209652808020785e-09,12390.0,BID
491,1712303580.6274457,264091.96510009,12080.0,0.0,12390.0,BID
492,1712303581.6677103,264098.67954088,12080.0,7.45565075027215e-10,12390.0,BID
493,1712303610.618988,264098.67954088,12080.0,0.0,12390.0,BID
494,1712303632.377736,264108.67954088,12080.0,1.1103804226269427e-09,12390.0,BID
495,1712303640.4575005,264108.67954088,12080.0,0.0,12390.0,BID
496,1712303654.917698,264164.22091558,12080.0,6.167122789206229e-09,12390.0,BID
497,1712303654.9223795,264190.62192218,12080.0,2.931476765571712e-09,12390.0,BID
498,1712303660.9577503,264197.66625634,12090.0,7.82178582498758e-10,12390.0,BID
499,1712303670.419888,264197.66625634,12090.0,0.0,12390.0,BID
500,1712303670.857972,264199.12507256,12080.0,-1.6196259127229644e-10,12390.0,ASK
501,1712303670.8631885,264201.4215321,12080.0,-2.549605171349715e-10,12390.0,ASK
502,1712303700.4876666,264201.4215321,12080.0,-0.0,12390.0,ASK
503,1712303701.817922,264205.94440204,12080.0,5.034059354910461e-10,12390.0,BID
504,1712303701.8225338,264241.4215321,12080.0,3.94868702470524e-09,12390.0,BID
505,1712303704.5685036,264251.4215321,12080.0,1.1130232400490716e-09,12390.0,BID
506,1712303724.2577708,264334.20298905,12080.0,9.213768543047643e-09,12390.0,BID
507,1712303730.4477658,264334.20298905,12080.0,0.0,12390.0,BID
508,1712303760.627982,264334.20298905,12080.0,0.0,12390.0,BID
509,1712303790.66904,264334.20298905,12080.0,0.0,12390.0,BID
510,1712303820.4381726,264334.20298905,12080.0,0.0,12390.0,BID
511,1712303833.3880808,264342.48113474,12080.0,9.212123906860123e-10,12390.0,BID
512,1712303846.1381884,264383.87186321,12070.0,-4.606061955664797e-09,12390.0,ASK
513,1712303850.4496052,264383.87186321,12070.0,-0.0,12390.0,ASK
514,1712303857.35819,264414.12464098,12060.0,-3.366378821015877e-09,12390.0,ASK
515,1712303857.3604748,264445.60297499,12060.0,-3.502752631106969e-09,12390.0,ASK
516,1712303857.3626382,264528.52171462,12060.0,-9.226785423742884e-09,12390.0,ASK
517,1712303862.7782688,264535.73832292,12060.0,-8.03028321080507e-10,12390.0,ASK
518,1712303880.6482296,264535.73832292,12060.0,-0.0,12390.0,ASK
519,1712303910.6482704,264535.73832292,12060.0,-0.0,12390.0,ASK
520,1712303912.128585,264618.47838914,12080.0,9.205027537899122e-09,12390.0,BID
521,1712303940.4482472,264618.47838914,12080.0,0.0,12390.0,BID
522,1712303970.4082909,264618.47838914,12080.0,0.0,12390.0,BID
523,1712303986.0885787,264619.72011099,12080.0,1.3812912533400736e-10,12390.0,BID
524,1712304000.621591,264619.72011099,12080.0,0.0,12390.0,BID
525,1712304010.6885476,264631.14813843,12060.0,-1.2784103487097887e-09,12390.0,ASK
526,1712304010.6931124,264746.99359545,12060.0,-1.295919456637918e-08,12390.0,ASK
527,1712304025.0985186,264749.90253584,12080.0,3.2541219539851884e-10,12390.0,BID
528,1712304030.4395416,264749.90253584,12080.0,0.0,12390.0,BID
529,1712304032.8883991,264752.95238103,12080.0,3.4111477199728753e-10,12390.0,BID
530,1712304041.0088687,264809.40477673,12060.0,-6.314007724362592e-09,12390.0,ASK
531,1712304041.014514,264891.98325931,12060.0,-9.23612134456532e-09,12390.0,ASK
532,1712304041.368389,264974.74125931,12060.0,9.256199755094602e-09,12390.0,BID
533,1712304041.6283898,265002.41221702,12060.0,3.094902148175764e-09,12390.0,BID
534,1712304042.0927355,265048.31221702,12060.0,5.133758292360845e-09,12390.0,BID
535,1712304047.7092118,265131.06721702,12060.0,9.255864215340526e-09,12390.0,BID
536,1712304048.0083308,265141.94221702,12060.0,1.216331621555465e-09,12390.0,BID
537,1712304049.3484569,265224.70421702,12060.0,9.256647141439882e-09,12390.0,BID
538,1712304050.3400009,265244.72151291,12060.0,2.238866204045545e-09,12390.0,BID
539,1712304050.95843,265485.05630278,12050.0,-2.6880625717589743e-08,12390.0,ASK
540,1712304053.1689034,265567.82430278,12060.0,9.257318220954548e-09,12390.0,BID
541,1712304055.520666,265650.58630278,12060.0,9.256647141446392e-09,12390.0,BID
542,1712304056.3584392,265669.04824307,12060.0,2.064904990344325e-09,12390.0,BID
543,1712304058.2750027,265679.77652992,12060.0,1.199922256619992e-09,12390.0,BID
544,1712304060.6537852,265679.77652992,12060.0,0.0,12390.0,BID
545,1712304067.5984595,265680.86375997,12060.0,1.2145066796935082e-10,12390.0,BID
546,1712304076.8984544,265716.59381801,12060.0,3.991279872665546e-09,12390.0,BID
547,1712304077.6785324,265749.76131387,12050.0,-3.70502501016365e-09,12390.0,ASK
548,1712304090.6736891,265749.76131387,12050.0,-0.0,12390.0,ASK
549,1712304120.468437,265749.76131387,12050.0,-0.0,12390.0,ASK
550,1712304137.7585783,265766.42721387,12060.0,1.8615139870779238e-09,12390.0,BID
551,1712304141.1985598,265809.32811387,12060.0,4.7918579499709215e-09,12390.0,BID
552,1712304148.4785488,266028.85958153,12060.0,2.452078181518505e-08,12390.0,BID
553,1712304148.7085438,266079.08618153,12060.0,5.6101091704355685e-09,12390.0,BID
554,1712304150.4278102,266079.08618153,12060.0,0.0,12390.0,BID
555,1712304151.2485645,266079.0862457,12060.0,7.164357785148391e-15,12390.0,BID
556,1712304172.998504,266079.91337555,12080.0,9.234611048252791e-11,12390.0,BID
557,1712304180.6476524,266079.91337555,12080.0,0.0,12390.0,BID
558,1712304198.7885902,266097.80249431,12080.0,1.997254354275942e-09,12390.0,BID
559,1712304198.7938995,266104.74781263,12080.0,7.75419261427275e-10,12390.0,BID
560,1712304207.2429852,266154.74781263,12070.0,-5.582316214314471e-09,12390.0,ASK
561,1712304210.6484306,266154.74781263,12070.0,-0.0,12390.0,ASK
562,1712304232.858406,266155.24582422,12070.0,5.559555541331288e-11,12390.0,BID
563,1712304239.5787485,266171.80211562,12070.0,1.8482626398334203e-09,12390.0,BID
564,1712304239.5840862,266203.84660781,12080.0,3.577288916723155e-09,12390.0,BID
565,1712304239.5890543,266233.9287735,12070.0,3.3582244735184693e-09,12390.0,BID
566,1712304239.5928588,266235.08004479,12080.0,1.2852224342753228e-10,12390.0,BID
567,1712304240.4184942,266235.08004479,12080.0,0.0,12390.0,BID
568,1712304247.0488496,266251.65005307,12070.0,-1.8495936514580342e-09,12390.0,ASK
569,1712304247.0525594,266252.14806466,12070.0,-5.5589536210588735e-11,12390.0,ASK
570,1712304270.4384243,266252.14806466,12070.0,-0.0,12390.0,ASK
571,1712304274.7134104,266350.54135544,12080.0,1.0982699470439232e-08,12390.0,BID
572,1712304274.7184708,266506.79674015,12080.0,1.7441290125624016e-08,12390.0,BID
573,1712304278.7088008,266546.55331976,12080.0,4.43764572124766e-09,12390.0,BID
574,1712304278.7141483,266631.29282582,12080.0,9.458658420230622e-09,12390.0,BID
575,1712304278.7185948,266697.7514173,12080.0,7.4181352373533604e-09,12390.0,BID
576,1712304291.0488212,266720.66862481,12070.0,-2.5580281011908116e-09,12390.0,ASK
577,1712304292.2432394,266778.61564467,12080.0,6.468070122310421e-09,12390.0,BID
578,1712304300.6584432,266778.61564467,12080.0,0.0,12390.0,BID
579,1712304302.2087522,266861.39710162,12080.0,9.234788194841816e-09,12390.0,BID
580,1712304319.3836515,266884.01895593,12070.0,-2.52360904029464e-09,12390.0,ASK
581,1712304319.388218,266892.29710162,12070.0,-9.234788189244479e-10,12390.0,ASK
582,1712304330.6485813,266892.29710162,12070.0,-0.0,12390.0,ASK
583,1712304360.408384,266892.29710162,12070.0,-0.0,12390.0,ASK
584,1712304390.4685912,266892.29710162,12070.0,-0.0,12390.0,ASK
585,1712304394.3587484,266892.71824117,12080.0,4.6973550710164297e-11,12390.0,BID
586,1712304415.6985412,266901.79474596,12080.0,1.0123856997900098e-09,12390.0,BID
587,1712304420.6441083,266901.79474596,12080.0,0.0,12390.0,BID
588,1712304431.3836212,266905.79474596,12070.0,-4.461509216683767e-10,12390.0,ASK
589,1712304450.6184373,266905.79474596,12070.0,-0.0,12390.0,ASK
590,1712304454.7685409,266906.79474596,12080.0,1.1153712978500764e-10,12390.0,BID
591,1712304460.9085476,266912.85339302,12080.0,6.75764103453903e-10,12390.0,BID
592,1712304460.9123409,266924.26991152,12080.0,1.273365705629285e-09,12390.0,BID
593,1712304472.531211,266924.41241359,12070.0,-1.5894271875902752e-11,12390.0,ASK
594,1712304472.5354905,266941.05870478,12070.0,-1.856679540898243e-09,12390.0,ASK
595,1712304480.463889,266941.05870478,12070.0,-0.0,12390.0,ASK
596,1712304486.9285347,267007.26245502,12070.0,-7.383825589284416e-09,12390.0,ASK
597,1712304486.9328518,267020.52327515,12070.0,-1.4790035708836135e-09,12390.0,ASK
598,1712304510.4285333,267020.52327515,12070.0,-0.0,12390.0,ASK
599,1712304520.10847,267124.5841816,12080.0,1.1604862175867409e-08,12390.0,BID
600,1712304524.688871,267126.24118242,12080.0,1.8478857043567784e-10,12390.0,BID
601,1712304540.4074469,267148.03282813,12070.0,-2.430202212118926e-09,12390.0,ASK
602,1712304540.6403372,267148.03282813,12070.0,-0.0,12390.0,ASK
603,1712304553.9986076,267304.09814269,12080.0,1.7401399998174694e-08,12390.0,BID
604,1712304570.6283116,267304.09814269,12080.0,0.0,12390.0,BID
605,1712304587.6184585,267304.92595725,12080.0,9.228254767737816e-11,12390.0,BID
606,1712304594.4783378,267342.89910643,12080.0,4.233144860082122e-09,12390.0,BID
607,1712304600.4999976,267342.89910643,12080.0,0.0,12390.0,BID
608,1712304617.5883389,267381.87594751,12080.0,4.352315550988548e-09,12390.0,BID
609,1712304627.531711,267382.42434386,12090.0,6.123620837603532e-11,12390.0,BID
610,1712304627.5343244,267659.58306082,12090.0,3.094869056835695e-08,12390.0,BID
611,1712304630.4383602,267659.58306082,12090.0,0.0,12390.0,BID
612,1712304637.358421,267667.85435941,12090.0,9.232128069386559e-10,12390.0,BID
613,1712304639.8886027,267677.85435941,12090.0,1.1161642841123446e-09,12390.0,BID
614,1712304656.5791214,267789.4860392,12090.0,1.2459929395703938e-08,12390.0,BID
615,1712304656.5846,267810.86955941,12090.0,2.386752152704716e-09,12390.0,BID
616,1712304660.6373563,267810.86955941,12090.0,0.0,12390.0,BID
617,1712304661.61846,267810.86959275,12090.0,3.7205267202980446e-15,12390.0,BID
618,1712304679.0186224,267811.2907323,12100.0,4.6996497988699466e-11,12390.0,BID
619,1712304680.2287512,267811.47892203,12100.0,2.1000778164863008e-11,12390.0,BID
620,1712304680.234419,267811.71187185,12110.0,2.5995719817340848e-11,12390.0,BID
621,1712304681.7084253,267812.53763568,12110.0,9.214999676645963e-11,12390.0,BID
622,1712304690.633953,267812.53763568,12110.0,0.0,12390.0,BID
623,1712304692.6902063,267812.95842775,12110.0,4.695761559997895e-11,12390.0,BID
624,1712304693.9400206,267813.27807489,12120.0,3.567050949981071e-11,12390.0,BID
625,1712304693.9446588,267813.37921982,12110.0,1.1287106106663827e-11,12390.0,BID
626,1712304695.7057772,267813.79966499,12120.0,4.691890384884953e-11,12390.0,BID
627,1712304711.1287143,267830.29306845,12120.0,1.8405548841239262e-09,12390.0,BID
628,1712304720.438464,267830.29306845,12120.0,0.0,12390.0,BID
629,1712304742.011902,267838.54389353,12120.0,9.20715470757092e-10,12390.0,BID
630,1712304750.448491,267838.54389353,12120.0,0.0,12390.0,BID
631,1712304766.5986445,267921.05214435,12120.0,9.207051967686564e-09,12390.0,BID
632,1712304771.83839,268003.56039517,12120.0,9.207051967680068e-09,12390.0,BID
633,1712304780.3186026,268013.56039517,12120.0,1.1158946985517687e-09,12390.0,BID
634,1712304780.6484756,268013.56039517,12120.0,0.0,12390.0,BID
635,1712304783.5178528,268054.81452058,12120.0,4.6024365706112024e-09,12390.0,BID
636,1712304785.1801388,268106.73939651,12120.0,5.792898177568485e-09,12390.0,BID
637,1712304785.1858234,268125.89942193,12120.0,2.1375511130231207e-09,12390.0,BID
638,1712304785.6784146,268137.19907087,12120.0,-1.2606234406763247e-09,12390.0,ASK
639,1712304786.078569,268148.07407087,12120.0,1.213248304453778e-09,12390.0,BID
640,1712304788.3684435,268157.12941808,12120.0,1.010242266550573e-09,12390.0,BID
641,1712304792.1683114,268167.13711808,12120.0,1.116489660368007e-09,12390.0,BID
642,1712304810.6182923,268167.13711808,12120.0,0.0,12390.0,BID
643,1712304811.5083444,268167.73563108,12120.0,6.675808037137672e-11,12390.0,BID
644,1712304813.0782452,268170.20760141,12130.0,2.7572332424536595e-10,12390.0,BID
645,1712304824.3649254,268242.08507345,12130.0,8.01720606787599e-09,12390.0,BID
646,1712304824.3691423,268242.75760141,12130.0,7.501370163030319e-11,12390.0,BID
647,1712304827.9284463,268242.76210598,12130.0,5.024392932135062e-13,12390.0,BID
648,1712304827.932887,268243.17666468,12140.0,4.62398360815906e-11,12390.0,BID
649,1712304840.4281683,268243.17666468,12140.0,0.0,12390.0,BID
650,1712304862.2583902,268274.03042903,12140.0,3.4410717841991754e-09,12390.0,BID
651,1712304862.264251,268302.61002423,12140.0,3.187437277695168e-09,12390.0,BID
652,1712304862.3380756,268429.33268057,12140.0,-1.4133178441497844e-08,12390.0,ASK
653,1712304870.4482863,268429.33268057,12140.0,-0.0,12390.0,ASK
654,1712304885.6393907,268431.33268057,12120.0,-2.2300064603418686e-10,12390.0,ASK
655,1712304891.5983417,268431.75174384,12140.0,4.6725689966878295e-11,12390.0,BID
656,1712304896.0210726,268432.49561664,12150.0,8.294205748664252e-11,12390.0,BID
657,1712304896.026456,268436.75174384,12140.0,4.745595575988243e-10,12390.0,BID
658,1712304898.3583212,268437.17046305,12150.0,4.668732717087767e-11,12390.0,BID
659,1712304900.4886837,268437.17046305,12150.0,0.0,12390.0,BID
660,1712304910.8884704,268472.65012562,12150.0,3.976124426502078e-09,12390.0,BID
661,1712304910.8942757,268711.48753361,12150.0,2.6765960640070853e-08,12390.0,BID
662,1712304910.8973043,268848.69309679,12150.0,1.5376312842197456e-08,12390.0,BID
663,1712304920.2181437,268862.13277431,12130.0,-1.506153841407492e-09,12390.0,ASK
664,1712304920.2227156,268899.24600102,12130.0,-4.159194213778857e-09,12390.0,ASK
665,1712304930.3210936,268903.33765404,12150.0,4.585421714627508e-10,12390.0,BID
666,1712304930.4481792,268903.33765404,12150.0,0.0,12390.0,BID
667,1712304956.8881853,268903.75637325,12150.0,4.6895140617556825e-11,12390.0,BID
668,1712304960.628129,268903.75637325,12150.0,0.0,12390.0,BID
669,1712304966.3991408,268903.83122104,12150.0,8.382695500405006e-12,12390.0,BID
670,1712304966.4038658,268904.17578114,12160.0,3.858954819745047e-11,12390.0,BID
671,1712304970.5003138,268920.38752104,12160.0,1.8156592078950798e-09,12390.0,BID
672,1712304970.503168,268920.50228114,12160.0,1.285273718907301e-11,12390.0,BID
673,1712304990.6451998,268920.50228114,12160.0,0.0,12390.0,BID
674,1712304993.3781211,268922.56328691,12130.0,-2.3082030600111423e-10,12390.0,ASK
675,1712304993.3881233,268947.58577733,12130.0,-2.8023691052834903e-09,12390.0,ASK
676,1712304993.3909442,268966.89219978,12130.0,-2.1622037175101862e-09,12390.0,ASK
677,1712305003.7981906,268982.97912009,12130.0,-1.8016387545520086e-09,12390.0,ASK
678,1712305005.1884434,269207.97912009,12160.0,2.519865281616957e-08,12390.0,BID
679,1712305005.194459,269334.34386819,12160.0,1.4152095180330916e-08,12390.0,BID
680,1712305005.1996253,269565.07171267,12170.0,2.5840137102549613e-08,12390.0,BID
681,1712305005.202298,270044.87785138,12160.0,5.373541470408997e-08,12390.0,BID
682,1712305005.2050407,270226.07785138,12170.0,2.0293315067956523e-08,12390.0,BID
683,1712305005.2077515,270622.32338238,12180.0,4.437712695834805e-08,12390.0,BID
684,1712305014.9281352,270630.42136388,12140.0,-9.069254414648926e-10,12390.0,ASK
685,1712305020.4480846,270630.42136388,12140.0,-0.0,12390.0,ASK
686,1712305022.3281715,270638.64504809,12160.0,9.188626543194221e-10,12390.0,BID
687,1712305050.4303703,270638.64504809,12160.0,0.0,12390.0,BID
688,1712305079.978149,270642.64504809,12160.0,4.469298013754601e-10,12390.0,BID
689,1712305079.9879394,270655.09241651,12160.0,1.390774973895198e-09,12390.0,BID
690,1712305080.6679027,270655.09241651,12160.0,0.0,12390.0,BID
691,1712305098.6282885,270656.09241651,12150.0,1.1172995357156732e-10,12390.0,BID
692,1712305098.6349435,270657.09241651,12160.0,1.1172995357156732e-10,12390.0,BID
693,1712305098.8680696,270739.32925861,12150.0,-9.1883185497101e-09,12390.0,ASK
694,1712305110.6279988,270739.32925861,12150.0,-0.0,12390.0,ASK
695,1712305124.119432,270745.4959938,12160.0,6.8893025437745e-10,12390.0,BID
696,1712305140.4380434,270745.4959938,12160.0,0.0,12390.0,BID
697,1712305170.427969,270745.4959938,12160.0,0.0,12390.0,BID
698,1712305200.5644803,270745.4959938,12160.0,0.0,12390.0,BID
699,1712305208.498256,270753.73322609,12140.0,-9.222513008394795e-10,12390.0,ASK
700,1712305208.504359,270785.58698044,12140.0,-3.566387999243277e-09,12390.0,ASK
701,1712305208.5103023,271578.77187251,12130.0,-8.880601793979126e-08,12390.0,ASK
702,1712305208.513528,271877.03863911,12130.0,-3.339433729807052e-08,12390.0,ASK
703,1712305230.397824,271877.03863911,12130.0,-0.0,12390.0,ASK
704,1712305247.0377147,271918.25875453,12130.0,-4.607976577842562e-09,12390.0,ASK
705,1712305255.5931838,271959.01464653,12160.0,4.556081268367633e-09,12390.0,BID
706,1712305256.2123528,271982.67510253,12160.0,2.6449908244611248e-09,12390.0,BID
707,1712305256.971734,271994.32886145,12160.0,1.302768019937866e-09,12390.0,BID
708,1712305256.9746463,272174.07510253,12160.0,2.009374453255297e-08,12390.0,BID
709,1712305257.100507,272282.15780882,12160.0,1.2082512966776458e-08,12390.0,BID
710,1712305257.1052597,272320.88433913,12160.0,4.329219915842302e-09,12390.0,BID
711,1712305257.110378,272333.70142384,12160.0,1.4328156420259236e-09,12390.0,BID
712,1712305257.144046,272415.93826595,12170.0,9.193216428858561e-09,12390.0,BID
713,1712305258.2677238,272526.37576673,12170.0,-1.2345754293126053e-08,12390.0,ASK
714,1712305260.252037,272526.79448595,12180.0,4.680841717561293e-11,12390.0,BID
715,1712305260.2624154,272575.97410059,12180.0,5.497765109563127e-09,12390.0,BID
716,1712305260.618037,272575.97410059,12180.0,0.0,12390.0,BID
717,1712305261.1386223,272576.79918393,12190.0,9.214809603036172e-11,12390.0,BID
718,1712305261.141693,272592.08759759,12190.0,1.707461709389281e-09,12390.0,BID
719,1712305262.9176717,272600.2843189,12200.0,9.154375392137451e-10,12390.0,BID
720,1712305270.363186,272653.22728946,12180.0,-5.912849888992156e-09,12390.0,ASK
721,1712305270.3660989,272817.42728946,12180.0,-1.83384109637832e-08,12390.0,ASK
722,1712305272.043501,272825.62401078,12200.0,9.154375403253867e-10,12390.0,BID
723,1712305272.0476284,273107.66679917,12200.0,3.1499491856680954e-08,12390.0,BID
724,1712305272.3479033,273149.97153616,12200.0,4.724736008748786e-09,12390.0,BID
725,1712305272.3543158,273413.34579701,12200.0,2.9414527605054332e-08,12390.0,BID
726,1712305285.230844,273426.91887813,12190.0,-1.5158875738298447e-09,12390.0,ASK
727,1712305285.347795,273633.53810123,12190.0,2.3075933168242683e-08,12390.0,BID
728,1712305287.1379857,273739.05810123,12190.0,1.1784830236897733e-08,12390.0,BID
729,1712305287.197922,273753.95470041,12200.0,1.6637025440054975e-09,12390.0,BID
730,1712305287.2016077,273763.50813692,12200.0,1.0669600781747771e-09,12390.0,BID
731,1712305287.2052035,273763.51028854,12190.0,2.4030019278440684e-13,12390.0,BID
732,1712305290.6479754,273763.51028854,12190.0,0.0,12390.0,BID
733,1712305310.0489316,273804.49389509,12200.0,4.56979744028115e-09,12390.0,BID
734,1712305313.2694955,273805.96809656,12230.0,1.6437797136566734e-10,12390.0,BID
735,1712305313.2733104,273807.4126265,12200.0,1.6106950505387012e-10,12390.0,BID
736,1712305313.2769687,274016.2126265,12220.0,2.3281838419122925e-08,12390.0,BID
737,1712305313.2805316,274047.06639085,12200.0,3.440289062349069e-09,12390.0,BID
738,1712305313.2839572,274524.39170832,12220.0,5.322323235006652e-08,12390.0,BID
739,1712305313.2871275,274540.83910832,12250.0,1.833935388959818e-09,12390.0,BID
740,1712305313.289966,274541.66012499,12220.0,9.154586901193716e-11,12390.0,BID
741,1712305313.292859,275895.41517939,12240.0,1.5094782775677104e-07,12390.0,BID
742,1712305313.2957573,276530.81517939,12230.0,7.084904277544096e-08,12390.0,BID
743,1712305313.2986178,276626.32616314,12200.0,1.0649766718960231e-08,12390.0,BID
744,1712305313.301472,276634.04864666,12230.0,8.610805244574914e-10,12390.0,BID
745,1712305313.3043573,276635.72525494,12250.0,1.8694694955382903e-10,12390.0,BID
746,1712305313.3482797,276649.40525494,12250.0,-1.525361827459084e-09,12390.0,ASK
747,1712305313.3512228,278516.67542362,12250.0,-2.0820633310372881e-07,12390.0,ASK
748,1712305313.3541305,278816.99556992,12250.0,-3.3486614560175754e-08,12390.0,ASK
749,1712305313.4290652,279002.20556992,12220.0,-2.06514812912188e-08,12390.0,ASK
750,1712305313.4479682,279011.39556992,12220.0,-1.024713099002901e-09,12390.0,ASK
751,1712305313.4986134,279118.81556992,12190.0,-1.197765844340012e-08,12390.0,ASK
752,1712305313.9282873,279236.39556992,12190.0,-1.3110529508242365e-08,12390.0,ASK
753,1712305313.9315035,279259.78196508,12200.0,-2.607654565712316e-09,12390.0,ASK
754,1712305314.0283115,279305.52756992,12190.0,5.1007748097211405e-09,12390.0,BID
755,1712305317.9082425,279319.10065104,12180.0,-1.5134400454259395e-09,12390.0,ASK
756,1712305317.9146128,279330.82966311,12180.0,-1.3078207080021078e-09,12390.0,ASK
757,1712305320.4434395,279330.82966311,12180.0,-0.0,12390.0,ASK
758,1712305323.6281476,279493.68689011,12200.0,1.8022191284483737e-08,12390.0,BID
759,1712305323.6480854,279493.68689103,12200.0,1.0180642960003879e-16,12390.0,BID
760,1712305324.8081846,279643.68689103,12200.0,-1.6599378133047505e-08,12390.0,ASK
761,1712305326.2782147,279844.81242003,12200.0,2.2257058053869377e-08,12390.0,BID
762,1712305329.528138,279844.81242023,12200.0,2.2132672705203002e-17,12390.0,BID
763,1712305329.5314362,279914.51622203,12210.0,7.71359842259166e-09,12390.0,BID
764,1712305329.6487317,279930.76245952,12210.0,1.797849595575904e-09,12390.0,BID
765,1712305329.6537485,280015.20780537,12210.0,9.344934848930054e-09,12390.0,BID
766,1712305329.6932192,280027.815107,12210.0,1.3951557799607581e-09,12390.0,BID
767,1712305330.229729,280109.24372096,12200.0,9.011095693145084e-09,12390.0,BID
768,1712305350.458318,280109.24372096,12200.0,0.0,12390.0,BID
769,1712305367.5782523,280149.95802794,12200.0,-4.500816921289127e-09,12390.0,ASK
770,1712305373.8384993,280191.1816236,12200.0,-4.557116912096123e-09,12390.0,ASK
771,1712305373.9684017,280231.92524106,12200.0,4.504057087064915e-09,12390.0,BID
772,1712305376.73844,280232.34088898,12230.0,4.5948349133431545e-11,12390.0,BID
773,1712305380.538495,280232.34088898,12230.0,0.0,12390.0,BID
774,1712305398.7985675,280251.52877768,12220.0,2.120798446528256e-09,12390.0,BID
775,1712305399.828612,280261.52877768,12220.0,1.1052797312344382e-09,12390.0,BID
776,1712305408.1233692,280263.00298868,12210.0,1.6294155378233622e-10,12390.0,BID
777,1712305408.1286216,280306.74654733,12220.0,4.834886874793361e-09,12390.0,BID
778,1712305408.1983943,280343.36183823,12220.0,-4.0470138885016e-09,12390.0,ASK
779,1712305410.4248474,280343.36183823,12220.0,-0.0,12390.0,ASK
780,1712305411.3285742,280350.82918743,12230.0,8.25227229665814e-10,12390.0,BID
781,1712305411.7551336,280367.54098743,12230.0,-1.8468444487363102e-09,12390.0,ASK
782,1712305412.2312815,280402.86191085,12230.0,-3.903364768738598e-09,12390.0,ASK
783,1712305414.17863,280416.03124948,12230.0,-1.455362076033262e-09,12390.0,ASK
784,1712305414.259377,280507.02795934,12230.0,-1.0056173988308272e-08,12390.0,ASK
785,1712305414.718496,280507.44326878,12220.0,4.589642849728572e-11,12390.0,BID
786,1712305424.5239675,280559.16493221,12220.0,5.7158335418565214e-09,12390.0,BID
787,1712305426.070039,280559.58058013,12240.0,4.5933834395869706e-11,12390.0,BID
788,1712305436.9686863,280659.58058013,12230.0,1.1051140204711512e-08,12390.0,BID
789,1712305440.6385746,280659.58058013,12230.0,0.0,12390.0,BID
790,1712305442.4889634,280715.69239533,12230.0,6.198346631624298e-09,12390.0,BID
791,1712305453.9787948,280716.10770477,12240.0,4.587682396837205e-11,12390.0,BID
792,1712305460.258825,280766.95170477,12230.0,-5.616441653417194e-09,12390.0,ASK
793,1712305461.4788268,280778.15115389,12240.0,1.2371381585455727e-09,12390.0,BID
794,1712305461.4852405,280831.59143254,12240.0,5.903237490756376e-09,12390.0,BID
795,1712305461.4906087,281583.94516882,12240.0,8.31081516510988e-08,12390.0,BID
796,1712305463.2688272,281584.36081674,12240.0,4.59142138955627e-11,12390.0,BID
797,1712305470.6387794,281584.36081674,12240.0,0.0,12390.0,BID
798,1712305474.0768635,281630.40276988,12240.0,5.079636532888816e-09,12390.0,BID
799,1712305474.0813966,281640.37072028,12240.0,1.0997266961227322e-09,12390.0,BID
800,1712305482.4390914,281640.37073086,12230.0,-1.1672517374233064e-15,12390.0,ASK
801,1712305489.7692294,281649.05974582,12230.0,9.58626531145228e-10,12390.0,BID
802,1712305489.775274,281722.13687967,12230.0,8.062326932453721e-09,12390.0,BID
803,1712305494.3489275,281875.23268915,12230.0,1.6890488214133454e-08,12390.0,BID
804,1712305494.8689768,281892.0403428,12230.0,1.854325581130075e-09,12390.0,BID
805,1712305494.9489086,281956.9987428,12230.0,-7.166617383811304e-09,12390.0,ASK
806,1712305495.0288692,281956.99883796,12230.0,-1.0498651148219968e-14,12390.0,ASK
807,1712305495.036249,282021.9487428,12230.0,-7.165680144576241e-09,12390.0,ASK
808,1712305496.498961,282038.7240428,12230.0,-1.8507561239042315e-09,12390.0,ASK
809,1712305499.058957,282038.72412413,12230.0,-8.972829910894218e-15,12390.0,ASK
810,1712305500.4088843,282038.72412413,12230.0,-0.0,12390.0,ASK
811,1712305502.8791442,282045.26269228,12220.0,-7.23295540489716e-10,12390.0,ASK
812,1712305502.885609,282104.91112413,12220.0,-6.598301610451758e-09,12390.0,ASK
813,1712305504.3389547,282208.79492413,12220.0,-1.1491612161129149e-08,12390.0,ASK
814,1712305517.1891406,282215.19820013,12210.0,-7.083295408199127e-10,12390.0,ASK
1015,1712305517.193926,282246.05192413,12210.0,-3.4130348517701992e-09,12390.0,ASK
815,1712305517.193926,282246.05192413,12210.0,-3.413034851770199e-09,12390.0,ASK
1016,1712305518.519129,282270.30734262,12230.0,2.6831311724511604e-09,12390.0,BID
816,1712305518.519129,282270.30734262,12230.0,2.68313117245116e-09,12390.0,BID
817,1712305518.5259504,282327.81807294,12230.0,6.361829351070418e-09,12390.0,BID
818,1712305522.760558,282393.18674233,12220.0,-7.231073527530921e-09,12390.0,ASK
1018,1712305522.760558,282393.18674233,12220.0,-7.2310735275309214e-09,12390.0,ASK
819,1712305522.765359,282394.00507294,12220.0,-9.052362341055288e-11,12390.0,ASK
820,1712305522.7889347,282827.69163094,12220.0,-4.797434945612679e-08,12390.0,ASK
821,1712305522.8290775,283187.49492108,12220.0,-3.9801392176515366e-08,12390.0,ASK
822,1712305522.9535596,283199.20492108,12220.0,-1.2953586450089483e-09,12390.0,ASK
823,1712305522.9688523,283218.60745069,12220.0,-2.146305248973038e-09,12390.0,ASK
824,1712305523.028942,283617.95278837,12220.0,-4.417552822454941e-08,12390.0,ASK
1024,1712305523.028942,283617.95278837,12220.0,-4.4175528224549413e-08,12390.0,ASK
825,1712305523.168976,283672.4162222,12220.0,-6.024737817995254e-09,12390.0,ASK
826,1712305523.1789951,283842.84392436,12220.0,-1.8852689781614452e-08,12390.0,ASK
1026,1712305523.1789951,283842.84392436,12220.0,-1.885268978161445e-08,12390.0,ASK
827,1712305523.61341,283873.31512904,12220.0,-3.3707206153867583e-09,12390.0,ASK
828,1712305523.6288538,284040.41556552,12220.0,-1.8484628093923808e-08,12390.0,ASK
829,1712305523.6895227,284193.71556552,12220.0,-1.6958025643081853e-08,12390.0,ASK
830,1712305523.7563858,284234.1418133,12220.0,-4.471946161170869e-09,12390.0,ASK
831,1712305523.7789404,284390.2427243,12220.0,-1.7267862045964873e-08,12390.0,ASK
832,1712305523.7990887,284503.11647719,12220.0,-1.2486079556029432e-08,12390.0,ASK
833,1712305529.419171,284518.22948647,12230.0,1.67179907967655e-09,12390.0,BID
834,1712305529.4262283,284535.82293671,12230.0,1.946185129294235e-09,12390.0,BID
835,1712305530.4668877,284535.82293671,12230.0,0.0,12390.0,BID
836,1712305539.534542,284995.18000122,12220.0,5.0643066710710975e-08,12390.0,BID
837,1712305560.6061893,285012.78573627,12220.0,1.940992059366413e-09,12390.0,BID
838,1712305560.613864,285019.89374909,12220.0,7.836421712778929e-10,12390.0,BID
839,1712305560.6496828,285019.89374909,12220.0,0.0,12390.0,BID
840,1712305575.949134,285022.34874091,12220.0,2.704808434098609e-10,12390.0,BID
841,1712305590.639144,285022.34874091,12220.0,0.0,12390.0,BID
842,1712305596.3692777,285094.61879683,12220.0,7.962389491173912e-09,12390.0,BID
843,1712305596.4694204,285408.41979683,12220.0,-3.4573181837377714e-08,12390.0,ASK
844,1712305597.9511788,285428.43179683,12220.0,-2.204832090813074e-09,12390.0,ASK
845,1712305620.4952867,285428.43179683,12220.0,-0.0,12390.0,ASK
846,1712305645.549354,285510.19794564,12230.0,9.003703691695635e-09,12390.0,BID
847,1712305650.4595015,285510.19794564,12230.0,0.0,12390.0,BID
848,1712305677.029652,285510.26485739,12230.0,7.367195927374812e-12,12390.0,BID
849,1712305677.035547,285510.60710344,12230.0,3.768237574301735e-11,12390.0,BID
850,1712305680.6494522,285510.60710344,12230.0,0.0,12390.0,BID
851,1712305686.3594,285510.60717616,12220.0,-8.006697706679017e-15,12390.0,ASK
852,1712305686.3630931,285513.46016864,12220.0,-3.1412334899539915e-10,12390.0,ASK
853,1712305687.6916635,285520.18148012,12200.0,-7.4003730696984e-10,12390.0,ASK
1053,1712305687.6916635,285520.18148012,12200.0,-7.400373069698401e-10,12390.0,ASK
854,1712305687.6976423,285523.46016864,12200.0,-3.6099380752907376e-10,12390.0,ASK
855,1712305707.219622,285523.87410307,12200.0,-4.557546867825284e-11,12390.0,ASK
856,1712305710.62947,285523.87410307,12200.0,-0.0,12390.0,ASK
857,1712305722.9197,285541.46758367,12200.0,-1.9370624227269473e-09,12390.0,ASK
858,1712305722.927096,285548.58785094,12200.0,-7.83949605090225e-10,12390.0,ASK
1058,1712305722.927096,285548.58785094,12200.0,-7.839496050902251e-10,12390.0,ASK
859,1712305728.559495,285549.00417747,12220.0,4.5838029163039366e-11,12390.0,BID
860,1712305740.425637,285549.00417747,12220.0,0.0,12390.0,BID
861,1712305747.7696989,285560.21758081,12200.0,-1.2345669133167063e-09,12390.0,ASK
862,1712305747.776741,285677.68747747,12200.0,-1.2933133976335113e-08,12390.0,ASK
863,1712305758.229613,285768.16661539,12200.0,-9.961520747472352e-09,12390.0,ASK
864,1712305758.2352643,285768.16664647,12200.0,-3.4218324575354626e-15,12390.0,ASK
865,1712305770.449504,285768.16664647,12200.0,-0.0,12390.0,ASK
866,1712305781.6397002,285808.16664647,12200.0,4.402601263155799e-09,12390.0,BID
867,1712305800.4996743,285808.16664647,12200.0,0.0,12390.0,BID
868,1712305801.329778,285833.00565437,12200.0,2.740525894046351e-09,12390.0,BID
869,1712305813.1597524,285877.55768636,12190.0,-4.915494120888012e-09,12390.0,ASK
870,1712305813.1670146,285918.96540784,12190.0,-4.568577512685027e-09,12390.0,ASK
871,1712305816.150046,285919.96540784,12190.0,-1.1033153598894547e-10,12390.0,ASK
872,1712305821.4697368,285923.96540784,12200.0,4.413261439557819e-10,12390.0,BID
873,1712305830.4397016,285923.96540784,12200.0,0.0,12390.0,BID
874,1712305830.7499664,285932.16212915,12200.0,9.042159985317356e-10,12390.0,BID
875,1712305836.9698336,285944.63241627,12190.0,-1.3756516409024087e-09,12390.0,ASK
876,1712305836.9764311,285984.57992915,12190.0,-4.406783990993717e-09,12390.0,ASK
877,1712305860.6603048,285984.57992915,12190.0,-0.0,12390.0,ASK
878,1712305864.6701145,285984.5799741,12190.0,-4.958225154666677e-15,12390.0,ASK
879,1712305864.6800897,285987.07613898,12190.0,-2.753403652623427e-10,12390.0,ASK
880,1712305876.680141,286008.53379714,12180.0,-2.36689470427344e-09,12390.0,ASK
881,1712305890.6400027,286008.53379714,12180.0,-0.0,12390.0,ASK
882,1712305896.2500634,286012.21626252,12190.0,4.0618259568907936e-10,12390.0,BID
883,1712305918.5930803,286217.09741505,12190.0,2.2598761904023084e-08,12390.0,BID
884,1712305920.3999944,286217.09741505,12190.0,0.0,12390.0,BID
885,1712305935.560004,286241.03585705,12180.0,-2.6397132192577e-09,12390.0,ASK
886,1712305935.5637047,286294.01253417,12180.0,-5.841785146515959e-09,12390.0,ASK
887,1712305950.460093,286294.01253417,12180.0,-0.0,12390.0,ASK
888,1712305980.50027,286294.01253417,12180.0,-0.0,12390.0,ASK
889,1712305980.6743782,286407.94825295,12180.0,-1.2562494942569572e-08,12390.0,ASK
890,1712305983.2602613,286408.36594336,12190.0,4.6054334145155786e-11,12390.0,BID
891,1712305989.2044332,286474.39634336,12180.0,-7.280478632496138e-09,12390.0,ASK
892,1712306010.410334,286474.39634336,12180.0,-0.0,12390.0,ASK
893,1712306037.1801984,286556.43079783,12190.0,9.042886985502704e-09,12390.0,BID
894,1712306040.6502566,286556.43079783,12190.0,0.0,12390.0,BID
895,1712306043.0701468,286990.06474083,12190.0,4.779541177487499e-08,12390.0,BID
896,1712306043.1503491,287142.62266983,12190.0,1.6815032941453492e-08,12390.0,BID
897,1712306043.17012,287150.10329529,12190.0,8.245193439487439e-10,12390.0,BID
898,1712306048.8504243,287150.92296742,12200.0,9.034478874561884e-11,12390.0,BID
899,1712306070.564115,287167.31641004,12200.0,1.8068957771386198e-09,12390.0,BID
900,1712306070.6503224,287167.31641004,12200.0,0.0,12390.0,BID
901,1712306100.4402106,287167.31641004,12200.0,0.0,12390.0,BID
902,1712306105.100482,287168.9557543,12200.0,1.8116389646055847e-10,12390.0,BID
903,1712306118.6637754,287169.78562981,12180.0,-9.170952352172104e-11,12390.0,ASK
904,1712306130.410429,287169.78562981,12180.0,-0.0,12390.0,ASK
905,1712306149.1928694,287210.76923636,12200.0,4.52908234783065e-09,12390.0,BID
906,1712306150.0584006,287229.85923636,12200.0,2.109628441674264e-09,12390.0,BID
907,1712306160.6266642,287229.85923636,12200.0,0.0,12390.0,BID
908,1712306163.6407452,287232.32229054,12180.0,-2.72169111536021e-10,12390.0,ASK
909,1712306169.3999124,287232.73395857,12170.0,-4.548958885671052e-11,12390.0,ASK
910,1712306169.4100258,287450.83329054,12170.0,-2.410012004266021e-08,12390.0,ASK
911,1712306173.920118,287483.20399054,12170.0,-3.576983701963014e-09,12390.0,ASK
912,1712306187.110514,287483.62133914,12180.0,4.611729558550244e-11,12390.0,BID
913,1712306190.6499956,287483.62133914,12180.0,0.0,12390.0,BID
914,1712306220.4399917,287483.62133914,12180.0,0.0,12390.0,BID
915,1712306250.4579077,287483.62133914,12180.0,0.0,12390.0,BID
916,1712306260.3902855,287487.72642945,12180.0,4.5346043877990224e-10,12390.0,BID
917,1712306262.1800416,287487.72645348,12170.0,-2.654429780069587e-15,12390.0,ASK
918,1712306280.6400378,287487.72645348,12170.0,-0.0,12390.0,ASK
919,1712306298.350031,287504.17385348,12160.0,-1.816818502055397e-09,12390.0,ASK
920,1712306298.3559804,287564.81166186,12160.0,-6.698194984541776e-09,12390.0,ASK
921,1712306298.3616543,287657.73515348,12160.0,-1.026454751820056e-08,12390.0,ASK
922,1712306310.6600623,287657.73515348,12160.0,-0.0,12390.0,ASK
923,1712306321.5103073,287657.73524235,12160.0,-9.814548216412013e-15,12390.0,ASK
924,1712306321.518023,287660.37997919,12160.0,-2.9207715539769384e-10,12390.0,ASK
925,1712306323.690182,287763.70188826,12150.0,-1.1410575462635477e-08,12390.0,ASK
926,1712306323.6977518,287765.73727919,12150.0,-2.2478273980134886e-10,12390.0,ASK
927,1712306340.412997,287765.73727919,12150.0,-0.0,12390.0,ASK
928,1712306353.5402951,287765.73737167,12150.0,-1.0211750688638751e-14,12390.0,ASK
929,1712306353.54609,287806.88957919,12150.0,-4.544073301213845e-09,12390.0,ASK
930,1712306356.910131,287836.88957919,12160.0,3.3126339327056477e-09,12390.0,BID
931,1712306366.842085,287878.04182334,12150.0,-4.544077345942394e-09,12390.0,ASK
932,1712306366.8535638,287878.04187919,12150.0,-6.167022138630929e-15,12390.0,ASK
933,1712306366.8598194,287878.04189841,12150.0,-2.122293588623107e-15,12390.0,ASK
934,1712306370.4114969,287878.04189841,12150.0,-0.0,12390.0,ASK
935,1712306380.621133,287902.99455082,12130.0,-2.754884933704541e-09,12390.0,ASK
936,1712306380.631702,287918.60505979,12130.0,-1.723470325417558e-09,12390.0,ASK
937,1712306380.637572,287919.02550496,12130.0,-4.6419035746114255e-11,12390.0,ASK
938,1712306382.9051976,288024.80838428,12130.0,-1.1678905139810884e-08,12390.0,ASK
939,1712306382.9105692,288279.57507819,12130.0,-2.8127387627221762e-08,12390.0,ASK
940,1712306382.9153986,288884.24889192,12120.0,-6.675870572321638e-08,12390.0,ASK
941,1712306382.9188845,290555.86382845,12110.0,-1.8455379924913225e-07,12390.0,ASK
942,1712306382.922291,290572.36547861,12120.0,-1.8218563165214995e-09,12390.0,ASK
943,1712306382.925737,290576.05647628,12110.0,-4.07502725736422e-10,12390.0,ASK
944,1712306388.0800946,290576.47519549,12150.0,4.622848201423019e-11,12390.0,BID
945,1712306400.528953,290576.47519549,12150.0,0.0,12390.0,BID
946,1712306427.0499806,290741.08424898,12150.0,1.8177812001657275e-08,12390.0,BID
947,1712306430.41016,290741.08424898,12150.0,0.0,12390.0,BID
948,1712306460.6500728,290741.08424898,12150.0,0.0,12390.0,BID
949,1712306490.6601934,290741.08424898,12150.0,0.0,12390.0,BID
950,1712306498.1001852,290742.73169543,12140.0,1.8188768221615168e-10,12390.0,BID
951,1712306501.730367,290746.86051458,12110.0,-4.55845678910884e-10,12390.0,ASK
952,1712306504.9401896,290819.18095744,12140.0,7.984598059918018e-09,12390.0,BID
953,1712306504.947486,290829.23283747,12140.0,1.1097860938376367e-09,12390.0,BID
954,1712306516.2601988,290844.66735147,12140.0,1.7040602306381647e-09,12390.0,BID
955,1712306520.4599583,290844.66735147,12140.0,0.0,12390.0,BID
956,1712306550.402688,290844.66735147,12140.0,0.0,12390.0,BID
957,1712306552.541613,290848.89047595,12130.0,4.661928189478038e-10,12390.0,BID
958,1712306570.930029,290849.30953922,12140.0,4.626060351764527e-11,12390.0,BID
959,1712306580.5098703,290849.30953922,12140.0,0.0,12390.0,BID
960,1712306582.8601503,290857.54677151,12140.0,9.093065306565819e-10,12390.0,BID
961,1712306591.230178,290874.02123608,12140.0,1.818613060214398e-09,12390.0,BID
962,1712306610.4335506,290874.02123608,12140.0,0.0,12390.0,BID
963,1712306618.810366,290944.82941479,12140.0,7.816242743946824e-09,12390.0,BID
964,1712306618.8198836,290956.39355897,12140.0,1.2765214369852632e-09,12390.0,BID
965,1712306636.8601754,290964.63758205,12130.0,9.100260274136795e-10,12390.0,BID
966,1712306640.6300263,290964.63758205,12130.0,0.0,12390.0,BID
967,1712306647.2202375,290965.05128972,12110.0,-4.5662055377911775e-11,12390.0,ASK
968,1712306647.228314,290973.83143009,12110.0,-9.69088283527369e-10,12390.0,ASK
969,1712306647.2344437,290976.34661993,12110.0,-2.776084324469698e-10,12390.0,ASK
970,1712306667.279929,290981.29303377,12130.0,5.45949323792729e-10,12390.0,BID
971,1712306670.6451182,290981.29303377,12130.0,0.0,12390.0,BID
972,1712306696.8797889,290982.11743607,12130.0,9.098952663558484e-11,12390.0,BID
973,1712306700.5007665,290982.11743607,12130.0,0.0,12390.0,BID
974,1712306707.669917,291050.81962591,12110.0,-7.599691403384794e-09,12390.0,ASK
975,1712306707.6739364,291128.30443607,12110.0,-8.571206347812618e-09,12390.0,ASK
976,1712306709.3099167,291194.49143607,12110.0,-7.321466405762717e-09,12390.0,ASK
977,1712306711.442153,291216.56612597,12110.0,-2.441855659272053e-09,12390.0,ASK
978,1712306711.4460144,291260.67843607,12110.0,-4.879610746484225e-09,12390.0,ASK
979,1712306712.1198237,291265.87645587,12120.0,5.749939919053142e-10,12390.0,BID
980,1712306712.9661582,291345.87645587,12110.0,-8.849431345441136e-09,12390.0,ASK
981,1712306714.4300714,291412.06345587,12110.0,-7.321466405762717e-09,12390.0,ASK
982,1712306728.7653804,291483.99279977,12110.0,-7.956672382071272e-09,12390.0,ASK
983,1712306728.77214,291491.89767644,12110.0,-8.74420792315171e-10,12390.0,ASK
984,1712306730.4316163,291491.89767644,12110.0,-0.0,12390.0,ASK
985,1712306731.3900344,291574.67913339,12110.0,-9.15086113985457e-09,12390.0,ASK
986,1712306735.8499312,291640.86613339,12110.0,-7.316469999182665e-09,12390.0,ASK
987,1712306738.8604753,291649.1237717,12110.0,-9.128191783796527e-10,12390.0,ASK
988,1712306738.8687084,291822.72573339,12110.0,-1.919037793682457e-08,12390.0,ASK
989,1712306739.9540453,291856.05292862,12110.0,-3.6840682317868125e-09,12390.0,ASK
990,1712306739.957881,291864.31056693,12110.0,-9.128191783732183e-10,12390.0,ASK
991,1712306739.961519,291872.56820524,12110.0,-9.128191783796527e-10,12390.0,ASK
992,1712306739.96515,292123.50404323,12100.0,-2.7739050423406294e-08,12390.0,ASK
993,1712306739.9763904,292164.82635727,12100.0,4.567867873915465e-09,12390.0,BID
994,1712306740.049904,292238.79424658,12100.0,8.176588197674867e-09,12390.0,BID
995,1712306740.0536609,292240.65201198,12100.0,2.0536185073823008e-10,12390.0,BID
996,1712306745.3502195,292258.31068997,12100.0,1.9520326912968043e-09,12390.0,BID
997,1712306745.3698986,292258.31068998,12100.0,1.1067193259240506e-18,12390.0,BID
998,1712306746.8402843,292258.73009787,12120.0,4.6362355819620735e-11,12390.0,BID
999,1712306760.6411934,292258.73009787,12120.0,0.0,12390.0,BID
1000,1712306790.6498904,292258.73009787,12120.0,0.0,12390.0,BID
1201,1712306792.349989,292259.86458632,12120.0,1.2528052754837376e-10,12390.0,BID
1202,1712306820.4498389,292259.86458632,12120.0,0.0,12390.0,BID
1203,1712306821.680005,292279.93979734,12120.0,2.216883925420816e-09,12390.0,BID
1204,1712306821.6826284,292383.62696255,12120.0,1.1450061949400525e-08,12390.0,BID
1205,1712306846.4497652,292391.87778763,12110.0,-9.111297247708294e-10,12390.0,ASK
1206,1712306850.4631865,292391.87778763,12110.0,-0.0,12390.0,ASK
1207,1712306858.7998097,292425.82612183,12100.0,-3.748215748193059e-09,12390.0,ASK
1208,1712306874.2402694,292426.246567,12110.0,4.64211056201151e-11,12390.0,BID
1209,1712306880.3859172,292429.03381831,12100.0,-3.0773878897377073e-10,12390.0,ASK
1210,1712306880.3880365,292561.02226777,12100.0,-1.4572767604196772e-08,12390.0,ASK
1211,1712306880.668305,292561.02226777,12100.0,-0.0,12390.0,ASK
1212,1712306886.399887,292566.49947926,12100.0,-6.045991000354634e-10,12390.0,ASK
1213,1712306886.4887173,292640.46736857,12100.0,8.164906429143268e-09,12390.0,BID
1214,1712306886.5805326,292656.62701457,12100.0,1.7837739963792855e-09,12390.0,BID
1215,1712306894.4912472,292730.59490357,12100.0,8.16490639492896e-09,12390.0,BID
1216,1712306894.5504742,292730.59490396,12100.0,4.3048986958851787e-17,12390.0,BID
1217,1712306910.6198676,292730.59490396,12100.0,0.0,12390.0,BID
1218,1712306914.1302245,292735.59490396,12100.0,-5.517973849175349e-10,12390.0,ASK
1219,1712306914.133412,292924.24775713,12090.0,-2.08196302072878e-08,12390.0,ASK
1220,1712306914.1355836,293144.50218873,12090.0,-2.430716387467384e-08,12390.0,ASK
1221,1712306940.4398072,293144.50218873,12090.0,-0.0,12390.0,ASK
1222,1712306950.749824,293248.71515073,12120.0,1.1494540010132046e-08,12390.0,BID
1223,1712306950.8712025,293356.84564773,12120.0,1.1926638493224485e-08,12390.0,BID
1224,1712306951.0348108,293356.84564862,12120.0,9.816518498244816e-17,12390.0,BID
1225,1712306970.4607227,293356.84564862,12120.0,0.0,12390.0,BID
1226,1712307000.4698064,293356.84564862,12120.0,0.0,12390.0,BID
1227,1712307006.3298433,293357.65422947,12110.0,8.940728111633611e-11,12390.0,BID
1228,1712307013.53987,293363.10427075,12110.0,6.026278915790261e-10,12390.0,BID
1229,1712307015.5698326,293363.62229975,12100.0,-5.728006596455398e-11,12390.0,ASK
1230,1712307015.5727608,293526.4956899,12100.0,-1.8009413627822487e-08,12390.0,ASK
1231,1712307016.2098017,293543.06154215,12100.0,-1.8317374310950675e-09,12390.0,ASK
1232,1712307016.3347623,293622.59271482,12100.0,-8.794007318204589e-09,12390.0,ASK
1233,1712307017.23094,293634.82871482,12100.0,-1.3529722991988663e-09,12390.0,ASK
1234,1712307017.339677,293663.62229975,12100.0,-3.183795587202905e-09,12390.0,ASK
1235,1712307017.5403402,293664.03703484,12080.0,-4.585853941320616e-11,12390.0,ASK
1236,1712307017.5477276,293683.62229975,12080.0,-2.165603211488388e-09,12390.0,ASK
1237,1712307030.4309156,293683.62229975,12080.0,-0.0,12390.0,ASK
1238,1712307043.9097364,293867.18321335,12090.0,2.028802768473885e-08,12390.0,BID
1239,1712307043.9112413,293898.76421954,12090.0,3.490483433147313e-09,12390.0,BID
1240,1712307046.879719,293917.03684778,12090.0,-2.0195780263643744e-09,12390.0,ASK
1241,1712307046.951413,293938.27040993,12090.0,-2.346834564590901e-09,12390.0,ASK
1242,1712307059.109819,293939.17975649,12090.0,1.0050531903993228e-10,12390.0,BID
1243,1712307060.6396966,293939.17975649,12090.0,0.0,12390.0,BID
1244,1712307074.569982,293940.00688634,12090.0,9.138712856823288e-11,12390.0,BID
1245,1712307080.6097455,294020.75937838,12080.0,-8.922103793453002e-09,12390.0,ASK
1246,1712307080.619848,294024.07021838,12080.0,-3.6580491050092256e-10,12390.0,ASK
1247,1712307080.6212895,294025.9653989,12080.0,-2.0939288533707883e-10,12390.0,ASK
1248,1712307081.079939,294026.37973195,12070.0,-4.5778432144588246e-11,12390.0,ASK
1249,1712307081.082849,294067.3653989,12070.0,-4.52838501120751e-09,12390.0,ASK
1250,1712307087.41977,294091.80650479,12070.0,-2.700425436641107e-09,12390.0,ASK
1251,1712307090.641962,294091.80650479,12070.0,-0.0,12390.0,ASK
1252,1712307095.6056182,294299.07172497,12070.0,-2.2895458256916893e-08,12390.0,ASK
1253,1712307120.4395683,294299.07172497,12070.0,-0.0,12390.0,ASK
1254,1712307150.4665208,294299.07172497,12070.0,-0.0,12390.0,ASK
1255,1712307162.6997397,294394.92403497,12080.0,1.058535657443516e-08,12390.0,BID
1256,1712307163.5196028,294420.33758079,12080.0,2.8065202009775683e-09,12390.0,BID
1257,1712307167.3802364,294420.75837286,12090.0,4.6469762747316635e-11,12390.0,BID
1258,1712307180.640221,294420.75837286,12090.0,0.0,12390.0,BID
1259,1712307183.109619,294433.75837286,12090.0,1.4354093306489007e-09,12390.0,BID
1260,1712307185.4596956,294434.17881803,12100.0,4.6423916928765706e-11,12390.0,BID
1261,1712307191.2242422,294437.85944217,12070.0,-4.0640017178422687e-10,12390.0,ASK
1262,1712307202.3848405,294561.48682501,12070.0,-1.3650453757861476e-08,12390.0,ASK
1263,1712307202.3936565,294694.75117874,12070.0,-1.4714530522074042e-08,12390.0,ASK
1264,1712307202.3950436,294839.80324238,12070.0,-1.601608350605363e-08,12390.0,ASK
1265,1712307210.65061,294839.80324238,12070.0,-0.0,12390.0,ASK
1266,1712307232.5197186,294848.06088069,12110.0,9.112672935720688e-10,12390.0,BID
1267,1712307240.4297311,294848.06088069,12110.0,0.0,12390.0,BID
1268,1712307251.31949,294850.12529027,12110.0,2.2781430963810968e-10,12390.0,BID
1269,1712307252.309583,294851.77681793,12110.0,1.8225144726341877e-10,12390.0,BID
1270,1712307252.9897835,294852.9122432,12110.0,1.2529787041112168e-10,12390.0,BID
1271,1712307270.459588,294852.9122432,12110.0,0.0,12390.0,BID
1272,1712307271.639648,294855.0122432,12110.0,2.3174032577185807e-10,12390.0,BID
1273,1712307300.459634,294855.0122432,12110.0,0.0,12390.0,BID
1274,1712307301.2905805,294863.26988151,12100.0,9.132940626609756e-10,12390.0,BID
1275,1712307301.9697232,294865.33599721,12100.0,2.2851221266128244e-10,12390.0,BID
1276,1712307302.2495637,294866.98888977,12100.0,1.8280977012902595e-10,12390.0,BID
1277,1712307304.4397037,294872.6913691,12100.0,6.30693706724968e-10,12390.0,BID
1278,1712307306.0498416,294873.51781538,12100.0,9.140488506451298e-11,12390.0,BID
1279,1712307324.9296992,294891.55060226,12100.0,1.994424625104231e-09,12390.0,BID
1280,1712307324.9398873,294908.08434412,12100.0,1.828630379219475e-09,12390.0,BID
1281,1712307325.0496385,294956.16244347,12100.0,-5.317433512080372e-09,12390.0,ASK
1282,1712307330.429618,294956.16244347,12100.0,-0.0,12390.0,ASK
1283,1712307335.26972,294976.82360049,12100.0,2.284812844775318e-09,12390.0,BID
1284,1712307360.64421,294976.82360049,12100.0,0.0,12390.0,BID
1285,1712307369.2398686,294987.82360049,12080.0,-1.2164007299385595e-09,12390.0,ASK
1286,1712307390.639842,294987.82360049,12080.0,-0.0,12390.0,ASK
1287,1712307403.4898689,294993.19994457,12090.0,-5.945175243915864e-10,12390.0,ASK
1288,1712307403.9498787,294993.27075496,12090.0,7.830231312400326e-12,12390.0,BID
1289,1712307420.4299624,294993.27075496,12090.0,0.0,12390.0,BID
1290,1712307450.419943,294993.27075496,12090.0,0.0,12390.0,BID
1291,1712307480.650169,294993.27075496,12090.0,0.0,12390.0,BID
1292,1712307510.640252,294993.27075496,12090.0,0.0,12390.0,BID
1293,1712307540.4468455,294993.27075496,12090.0,0.0,12390.0,BID
1294,1712307570.4742606,294993.27075496,12090.0,0.0,12390.0,BID
1295,1712307600.560342,294993.27075496,12090.0,0.0,12390.0,BID
1296,1712307630.441541,294993.27075496,12090.0,0.0,12390.0,BID
1297,1712307631.301262,295003.27075496,12090.0,-1.106741921159745e-09,12390.0,ASK
1298,1712307631.304567,295013.27075496,12090.0,-1.106741921159745e-09,12390.0,ASK
1299,1712307632.7106197,295013.73804396,12090.0,-5.1716832558894536e-11,12390.0,ASK
1300,1712307632.7140152,295033.27075496,12090.0,-2.1617670097605955e-09,12390.0,ASK
1301,1712307634.2177644,295037.40095496,12100.0,4.571065482725224e-10,12390.0,BID
1302,1712307635.22034,295043.35136818,12100.0,6.58557175883939e-10,12390.0,BID
1303,1712307635.6204383,295051.0250333,12090.0,-8.492766877218032e-10,12390.0,ASK
1304,1712307651.6424146,295051.62266677,12090.0,6.614260147642222e-11,12390.0,BID
1305,1712307652.3820488,295071.62266677,12090.0,-2.2134838423194904e-09,12390.0,ASK
1306,1712307653.47067,295090.46140599,12090.0,-2.084962243656442e-09,12390.0,ASK
1307,1712307653.8306408,295110.46140599,12090.0,-2.2134838423194904e-09,12390.0,ASK
1308,1712307654.410461,295151.86323596,12090.0,-4.58211408405391e-09,12390.0,ASK
1309,1712307654.4131122,295182.78177428,12090.0,-3.421884249972212e-09,12390.0,ASK
1310,1712307655.290928,295202.78177428,12090.0,-2.2134838423194904e-09,12390.0,ASK
1311,1712307656.600551,295268.82007467,12090.0,-7.308735544375962e-09,12390.0,ASK
1312,1712307656.9604585,295288.82007467,12090.0,-2.2134838423194904e-09,12390.0,ASK
1313,1712307660.6303377,295288.82007467,12090.0,-0.0,12390.0,ASK
1314,1712307670.230621,295293.20018635,12090.0,-4.845736866129012e-10,12390.0,ASK
1315,1712307670.234189,295468.97007467,12090.0,-1.9445500252534112e-08,12390.0,ASK
1316,1712307670.432613,295524.43788598,12090.0,-6.136428424377675e-09,12390.0,ASK
1317,1712307670.6304786,295563.3129894,12090.0,-4.3007698337643895e-09,12390.0,ASK
1318,1712307672.490508,295607.44191526,12090.0,-4.882002527032111e-09,12390.0,ASK
1319,1712307674.180684,295857.11197126,12090.0,-2.7621108390074896e-08,12390.0,ASK
1320,1712307689.9405794,295947.11197126,12100.0,9.956739686503351e-09,12390.0,BID
1321,1712307690.5203197,295948.2483349,12100.0,1.2571641058764326e-10,12390.0,BID
1322,1712307690.641311,295948.2483349,12100.0,0.0,12390.0,BID
1323,1712307720.4211893,295948.2483349,12100.0,0.0,12390.0,BID
1324,1712307739.5814314,295948.66878007,12110.0,4.647304065353665e-11,12390.0,BID
1325,1712307742.1921768,295957.88358426,12090.0,-1.0185393966498866e-09,12390.0,ASK
1326,1712307742.2006185,295961.22083984,12090.0,-3.688766700649543e-10,12390.0,ASK
1327,1712307750.4106286,295961.22083984,12090.0,-0.0,12390.0,ASK
1328,1712307763.5606835,295977.74976545,12090.0,-1.826959065781856e-09,12390.0,ASK
1329,1712307780.61061,295977.74976545,12090.0,-0.0,12390.0,ASK
1330,1712307786.9308622,295980.23115502,12110.0,2.7426447105051747e-10,12390.0,BID
1331,1712307787.430638,295981.36658029,12110.0,1.2549694528539726e-10,12390.0,BID
1332,1712307792.490569,296006.40470071,12090.0,-2.767427950904113e-09,12390.0,ASK
1333,1712307809.2508934,296026.40470071,12090.0,-2.2105716439473154e-09,12390.0,ASK
1334,1712307809.9906523,296049.46830989,12100.0,2.549188023024044e-09,12390.0,BID
1335,1712307810.0006373,296608.7246178,12100.0,6.181380679822172e-08,12390.0,BID
1336,1712307810.0508912,296611.20395664,12080.0,-2.740378067719952e-10,12390.0,ASK
1337,1712307810.0544107,296805.46155655,12080.0,-2.1471017099117946e-08,12390.0,ASK
1338,1712307810.0665736,296867.5150573,12090.0,-6.858685458279092e-09,12390.0,ASK
1339,1712307810.068203,296965.09602567,12080.0,-1.07854860833844e-08,12390.0,ASK
1340,1712307810.0698397,297188.51850867,12080.0,-2.4694570277002083e-08,12390.0,ASK
1341,1712307810.0714865,297260.71470071,12080.0,-7.979742746235464e-09,12390.0,ASK
1342,1712307810.6409044,297260.71470071,12080.0,-0.0,12390.0,ASK
1343,1712307820.9708126,297264.85170505,12080.0,-4.5647421720762525e-10,12390.0,ASK
1344,1712307820.9807005,297368.01440265,12080.0,-1.138290119186958e-08,12390.0,ASK
1345,1712307821.0307157,297443.03300471,12080.0,-8.277501021849137e-09,12390.0,ASK
1346,1712307821.040708,297465.10656845,12080.0,-2.4355818609852552e-09,12390.0,ASK
1347,1712307821.3409996,297569.88456927,12090.0,1.156113263962984e-08,12390.0,BID
1348,1712307821.3439348,297645.17658499,12090.0,8.307669297289236e-09,12390.0,BID
1349,1712307821.402117,297743.28351937,12080.0,-1.0825051750921904e-08,12390.0,ASK
1350,1712307821.4208038,297841.63298641,12080.0,-1.085181263802914e-08,12390.0,ASK
1351,1712307829.4260623,297893.6635433,12080.0,-5.7410159080287085e-09,12390.0,ASK
1352,1712307829.4997196,297957.31312339,12080.0,-7.023050946938924e-09,12390.0,ASK
1353,1712307840.4641464,297957.31312339,12080.0,-0.0,12390.0,ASK
1354,1712307870.450616,297957.31312339,12080.0,-0.0,12390.0,ASK
1355,1712307881.7407842,298037.01030601,12080.0,-8.785573278329173e-09,12390.0,ASK
1356,1712307881.7437336,298173.65035353,12080.0,-1.5062780273740505e-08,12390.0,ASK
1357,1712307900.6307118,298173.65035353,12080.0,-0.0,12390.0,ASK
1358,1712307902.0608366,298198.48479061,12080.0,2.745294400004994e-09,12390.0,BID
1359,1712307903.4808278,298200.62212582,12080.0,2.3626927255040954e-10,12390.0,BID
1360,1712307903.48297,298204.69339988,12080.0,4.5005432745727344e-10,12390.0,BID
1361,1712307911.1928637,298205.19339988,12080.0,5.527192726708188e-11,12390.0,BID
1362,1712307918.7409005,298218.07818265,12080.0,1.4243335522256643e-09,12390.0,BID
1363,1712307930.6229596,298218.07818265,12080.0,0.0,12390.0,BID
1364,1712307945.1199172,298300.62212565,12080.0,9.12418431189984e-09,12390.0,BID
1365,1712307945.200786,298300.62212582,12080.0,1.879405715959147e-17,12390.0,BID
1366,1712307958.1708767,298305.05958653,12070.0,-4.90504910758541e-10,12390.0,ASK
1367,1712307960.4421933,298305.05958653,12070.0,-0.0,12390.0,ASK
1368,1712307990.407941,298305.05958653,12070.0,-0.0,12390.0,ASK
1369,1712307995.0711913,298342.00574221,12070.0,-4.0834539149653814e-09,12390.0,ASK
1370,1712307995.0750496,298505.05958653,12070.0,-1.802143813569257e-08,12390.0,ASK
1371,1712308010.0712054,298587.60352953,12070.0,-9.123124747249761e-09,12390.0,ASK
1372,1712308010.0864997,298667.77171511,12070.0,-8.86054544071484e-09,12390.0,ASK
1373,1712308010.0883489,298733.43687824,12070.0,-7.257606712391204e-09,12390.0,ASK
1374,1712308020.6522574,298733.43687824,12070.0,-0.0,12390.0,ASK
1375,1712308034.9409971,298751.51923727,12060.0,-1.997401520323777e-09,12390.0,ASK
1376,1712308034.950766,298753.2858832,12060.0,-1.951460680890836e-10,12390.0,ASK
1377,1712308034.9544208,298754.50744596,12060.0,-1.349354533868532e-10,12390.0,ASK
1378,1712308034.9608848,298889.87334562,12060.0,-1.4952698004321292e-08,12390.0,ASK
1379,1712308034.9638572,298907.98584824,12060.0,-2.0007312215204883e-09,12390.0,ASK
1380,1712308034.9729192,298910.84810132,12060.0,-3.1616829662985105e-10,12390.0,ASK
1381,1712308035.6144211,298911.98823399,12060.0,1.2594057692659852e-10,12390.0,BID
1382,1712308042.230957,298931.98823399,12050.0,-2.209226702128066e-09,12390.0,ASK
1383,1712308043.8671486,298951.98823399,12050.0,-2.209226702128066e-09,12390.0,ASK
1384,1712308045.4409068,298971.98823399,12050.0,-2.209226702128066e-09,12390.0,ASK
1385,1712308047.230978,298991.98823399,12050.0,-2.209226702128066e-09,12390.0,ASK
1386,1712308050.6628013,298991.98823399,12050.0,-0.0,12390.0,ASK
1387,1712308052.3808937,298992.41041942,12060.0,4.6619113232812725e-11,12390.0,BID
1388,1712308057.2110631,299002.41041942,12060.0,1.1042331146166751e-09,12390.0,BID
1389,1712308066.5137584,299022.41041942,12050.0,-2.2084662292333507e-09,12390.0,ASK
1390,1712308066.579496,299061.64774193,12050.0,-4.332715084442223e-09,12390.0,ASK
1391,1712308067.6526833,299093.72677047,12050.0,-3.542272559860124e-09,12390.0,ASK
1392,1712308067.8008354,299465.78917716,12050.0,-4.1084363017111295e-08,12390.0,ASK
1393,1712308067.8027472,299596.61208947,12050.0,-1.4445899192331457e-08,12390.0,ASK
1394,1712308068.2054205,299598.77672902,12050.0,-2.3902666722859893e-10,12390.0,ASK
1395,1712308068.2085176,299981.02117247,12050.0,-4.220869723357185e-08,12390.0,ASK
1396,1712308068.2221172,299982.02117247,12050.0,-1.1042331146166751e-10,12390.0,ASK
1397,1712308068.2275438,300545.12201691,12050.0,-6.217945992992526e-08,12390.0,ASK
1398,1712308068.2328775,300570.01828247,12050.0,-2.749128086164752e-09,12390.0,ASK
1399,1712308068.2768962,300753.56834647,12050.0,-2.0268205885882122e-08,12390.0,ASK
1400,1712308068.325653,300763.56834647,12050.0,-1.1042331146166751e-09,12390.0,ASK
1401,1712308068.3321047,301187.20228947,12050.0,-4.677906283362258e-08,12390.0,ASK
1402,1712308068.3970969,301202.12346019,12050.0,-1.647645081789002e-09,12390.0,ASK
1403,1712308068.3989685,301339.36873442,12050.0,-1.5155077662937364e-08,12390.0,ASK
1404,1712308068.4008048,301345.49176346,12050.0,-6.76125142772542e-10,12390.0,ASK
1405,1712308068.4271796,301347.49176346,12040.0,-2.2084662292333503e-10,12390.0,ASK
1406,1712308068.429034,301371.62839067,12040.0,-2.665246304045436e-09,12390.0,ASK
1407,1712308068.6819289,301433.37947614,12040.0,-6.818759343952413e-09,12390.0,ASK
1408,1712308068.683863,301454.72839067,12040.0,-2.357417838509588e-09,12390.0,ASK
1409,1712308068.7886045,301474.72839067,12040.0,-2.2084662292333507e-09,12390.0,ASK
1410,1712308069.9712114,301475.02519551,12040.0,-3.277417329464796e-11,12390.0,ASK
1411,1712308069.973175,301516.73275938,12040.0,-4.605487315524885e-09,12390.0,ASK
1412,1712308070.0578012,301540.28836696,12040.0,-2.6010881924749064e-09,12390.0,ASK
1413,1712308070.059679,301546.39106377,12040.0,-6.73879990604093e-10,12390.0,ASK
1414,1712308070.4836164,301597.88716709,12040.0,-5.686370255970761e-09,12390.0,ASK
1415,1712308070.485651,301705.37859668,12040.0,-1.1869559609074246e-08,12390.0,ASK
1416,1712308072.3285856,301706.20985187,12030.0,-9.178995075129047e-11,12390.0,ASK
1417,1712308072.3305638,301737.35396393,12030.0,-3.439035986194363e-09,12390.0,ASK
1418,1712308072.332466,301786.88932488,12030.0,-5.4698585905465465e-09,12390.0,ASK
1419,1712308074.1211233,301795.18119884,12030.0,9.156161808858674e-10,12390.0,BID
1420,1712308076.1311123,301796.18119884,12020.0,-1.1042331146166751e-10,12390.0,ASK
1421,1712308076.1332314,301818.64205027,12020.0,-2.4802015931513203e-09,12390.0,ASK
1422,1712308076.1351936,301850.71094683,12020.0,-3.5411537530767006e-09,12390.0,ASK
1423,1712308080.3983111,301850.71094683,12020.0,-0.0,12390.0,ASK
1424,1712308082.8912337,301852.37345722,12030.0,1.828843839890328e-10,12390.0,BID
1425,1712308085.080861,302152.37345722,12020.0,-3.3001487104794835e-08,12390.0,ASK
1426,1712308085.1811233,302215.38352262,12030.0,6.931419535905844e-09,12390.0,BID
1427,1712308085.1853447,302285.73513602,12030.0,7.739026208069852e-09,12390.0,BID
1428,1712308087.1764877,302360.98248858,12030.0,8.277581783928485e-09,12390.0,BID
1429,1712308087.254683,302525.37195627,12030.0,1.8083656327121336e-08,12390.0,BID
1430,1712308088.4311974,302549.66345424,12030.0,-2.672185190043673e-09,12390.0,ASK
1431,1712308104.9509246,302550.16137955,12050.0,5.477425232242232e-11,12390.0,BID
1432,1712308110.5309422,302550.16137955,12050.0,0.0,12390.0,BID
1433,1712308110.721024,302561.47947986,12020.0,-1.243896166517251e-09,12390.0,ASK
1434,1712308110.7243145,302637.17382769,12020.0,-8.319055894008218e-09,12390.0,ASK
1435,1712308110.7271855,302720.16137955,12020.0,-9.120602822028774e-09,12390.0,ASK
1436,1712308135.4910135,302727.66170726,12020.0,-8.243104965117835e-10,12390.0,ASK
1437,1712308135.5010524,302765.05731893,12020.0,-4.1098997823696705e-09,12390.0,ASK
1438,1712308135.5410562,302790.01572159,12020.0,2.743009916939134e-09,12390.0,BID
1439,1712308135.5568614,302883.99273885,12020.0,1.0328380939268354e-08,12390.0,BID
1440,1712308140.6410303,302883.99273885,12020.0,0.0,12390.0,BID
1441,1712308143.2922633,302967.22203556,12020.0,-9.14313921228937e-09,12390.0,ASK
1442,1712308143.2957,303117.88967053,12010.0,-1.6551565563710566e-08,12390.0,ASK
1443,1712308143.2989929,304346.39803848,12010.0,-1.349575627290023e-07,12390.0,ASK
1444,1712308143.302342,304523.33700114,12010.0,-1.9437597476225788e-08,12390.0,ASK
1445,1712308170.6309278,304523.33700114,12010.0,-0.0,12390.0,ASK
1446,1712308173.2009902,304531.43707682,12050.0,8.879118094515072e-10,12390.0,BID
1447,1712308187.796422,304531.85244226,12040.0,4.5531411556692905e-11,12390.0,BID
1448,1712308195.572198,304539.97107296,12040.0,8.89945768394315e-10,12390.0,BID
1449,1712308200.5331235,304539.97107296,12040.0,0.0,12390.0,BID
1450,1712308201.0612707,304656.97107296,12040.0,1.2917311245090604e-08,12390.0,BID
1451,1712308201.201059,304756.85244226,12040.0,1.1027339613966605e-08,12390.0,BID
1452,1712308201.2043266,304775.97107296,12050.0,2.110780370356318e-09,12390.0,BID
1453,1712308205.3812008,304782.444102,12050.0,7.14650690665507e-10,12390.0,BID
1454,1712308206.2211003,304783.11630117,12050.0,7.421372562553897e-11,12390.0,BID
1455,1712308222.2212195,304783.61422648,12050.0,5.497312996517826e-11,12390.0,BID
1456,1712308227.281214,304792.21222746,12020.0,-9.49256878154065e-10,12390.0,ASK
1457,1712308227.2846866,304796.37196123,12020.0,-4.5925278464875237e-10,12390.0,ASK
1458,1712308227.2880998,304899.24265376,12020.0,-1.13573739607531e-08,12390.0,ASK
1459,1712308230.492756,304899.24265376,12020.0,-0.0,12390.0,ASK
1460,1712308251.0013604,304944.09859338,12020.0,-4.9499289250298916e-09,12390.0,ASK
1461,1712308260.6513183,304944.09859338,12020.0,-0.0,12390.0,ASK
1462,1712308276.773312,304949.09859338,12030.0,-5.51725643570353e-10,12390.0,ASK
