,time,acc_trade_volume,trade_price,dev,high,ask_bid
0,1712300395.463658,13850631.51432485,910.5,0.0,968.8,BID
1,1712300400.185212,13850631.51432485,910.5,0.0,968.8,BID
2,1712300430.1453316,13850631.51432485,910.5,0.0,968.8,BID
3,1712300431.515509,13850766.38866311,909.7,-7.1668953810499294e-09,968.8,ASK
4,1712300445.2353594,13851023.93531182,909.7,-1.36854045837422e-08,968.8,ASK
5,1712300452.8253057,13854482.5994793,909.7,-1.8378502957879005e-07,968.8,ASK
6,1712300460.2153966,13854482.5994793,909.7,-0.0,968.8,ASK
7,1712300460.6555154,13857934.77015398,910.5,1.8340583854225897e-07,968.8,BID
8,1712300460.735952,13857941.26364677,910.5,3.4498424393487527e-10,968.8,BID
9,1712300490.1955092,13857941.26364677,910.5,0.0,968.8,BID
10,1712300511.8957465,13858051.09341064,910.6,-5.834025111604458e-09,968.8,ASK
11,1712300520.1455674,13858051.09341064,910.6,-0.0,968.8,ASK
12,1712300536.3659568,13858062.60648819,911.0,6.115575993051573e-10,968.8,BID
13,1712300536.3756511,13858225.5275634,911.1,8.654125813532354e-09,968.8,BID
14,1712300550.1356845,13858225.5275634,911.1,0.0,968.8,BID
15,1712300554.875816,13858797.91022146,911.1,3.0403860971132486e-08,968.8,BID
16,1712300554.877118,13858997.91022146,911.1,1.0623613606410257e-08,968.8,BID
17,1712300559.3557715,13859041.77468028,911.4,2.329995307781972e-09,968.8,BID
18,1712300580.195842,13859041.77468028,911.4,0.0,968.8,BID
19,1712300610.2062252,13859041.77468028,911.4,0.0,968.8,BID
20,1712300620.865916,13859502.6282377,911.4,2.4478683617571323e-08,968.8,BID
21,1712300620.9260485,13859837.12897038,911.4,-1.7767330800184113e-08,968.8,ASK
22,1712300640.146062,13859837.12897038,911.4,-0.0,968.8,ASK
23,1712300667.6680973,13863459.41609093,911.3,1.923938853947979e-07,968.8,BID
24,1712300667.7161093,13863511.43578712,911.3,-2.762970226865277e-09,968.8,ASK
25,1712300670.1475132,13863511.43578712,911.3,-0.0,968.8,ASK
26,1712300688.4378605,13863723.30471965,911.1,-1.1251189546431013e-08,968.8,ASK
27,1712300688.439242,13864359.89784882,911.1,-3.38059472655266e-08,968.8,ASK
28,1712300700.2027647,13864359.89784882,911.1,-0.0,968.8,ASK
29,1712300707.3862083,13867476.40757603,910.5,-1.6550262070783914e-07,968.8,ASK
30,1712300707.386856,13867795.0929511,910.6,-1.692382484639296e-08,968.8,ASK
31,1712300715.4762516,13867800.58192047,911.1,2.914923728939312e-10,968.8,BID
32,1712300730.1867468,13867800.58192047,911.1,0.0,968.8,BID
33,1712300749.4265554,13867813.31916172,910.5,-6.763002018424827e-10,968.8,ASK
34,1712300760.1403484,13867813.31916172,910.5,-0.0,968.8,ASK
35,1712300790.147715,13867813.31916172,910.5,-0.0,968.8,ASK
36,1712300791.2465775,13868348.93072278,909.7,-2.8438967014231682e-08,968.8,ASK
37,1712300791.248363,13871645.63401948,910.0,-1.750425926673137e-07,968.8,ASK
38,1712300791.2501073,13872207.08091821,910.5,-2.9810726642346225e-08,968.8,ASK
39,1712300791.2518651,13872214.94139983,910.3,-4.1736212164665607e-10,968.8,ASK
40,1712300791.2563975,13872487.35908242,910.5,-1.4464358226207576e-08,968.8,ASK
41,1712300791.2577586,13872813.31916172,910.5,-1.7307258874055757e-08,968.8,ASK
42,1712300804.5063243,13872818.80933627,910.8,2.9150769745126923e-10,968.8,BID
43,1712300820.187977,13872818.80933627,910.8,0.0,968.8,BID
44,1712300838.4966223,13874176.56100362,909.7,-7.207409320707996e-08,968.8,ASK
45,1712300839.4167469,13878474.65687605,909.7,-2.2815760051835658e-07,968.8,ASK
46,1712300842.9465356,13881224.02452149,909.3,-1.459458196245094e-07,968.8,ASK
47,1712300842.9600155,13885431.23895305,909.2,-2.2333330341189573e-07,968.8,ASK
48,1712300842.9617093,13885486.20212772,909.7,-2.91763292899201e-09,968.8,ASK
49,1712300842.962405,13886035.83387444,909.7,-2.9176329291502112e-08,968.8,ASK
50,1712300842.963123,13886557.35118081,909.6,-2.7683918828700072e-08,968.8,ASK
51,1712300842.9638162,13888474.65687605,909.7,-1.0177713105284497e-07,968.8,ASK
52,1712300846.4466376,13888490.47062522,910.6,8.39447786391651e-10,968.8,BID
53,1712300850.2058249,13888490.47062522,910.6,0.0,968.8,BID
54,1712300870.9511902,13889782.59627285,909.2,-6.853858293889234e-08,968.8,ASK
55,1712300871.026685,13889823.42408189,909.0,-2.165640919827457e-09,968.8,ASK
56,1712300871.0286567,13889917.00113384,909.0,-4.963633798350516e-09,968.8,ASK
57,1712300879.9367197,13890250.04873734,909.0,-1.7665937393073283e-08,968.8,ASK
58,1712300879.9386573,13892110.88469987,909.0,-9.870484359429624e-08,968.8,ASK
59,1712300880.0369637,13899246.57467679,909.0,-3.785004037387204e-07,968.8,ASK
60,1712300880.0439477,13899925.6857879,909.0,-3.6022281036596214e-08,968.8,ASK
61,1712300880.1229172,13899925.6857879,909.0,-0.0,968.8,ASK
62,1712300880.156956,13900788.88691012,908.9,-4.5761787060096417e-08,968.8,ASK
63,1712300884.7067366,13901021.34843126,908.8,-1.2323726598825244e-08,968.8,ASK
64,1712300884.7084153,13901021.34843127,908.9,-5.924781733486524e-19,968.8,ASK
65,1712300884.806636,13901326.17490213,908.8,-1.616008562855088e-08,968.8,ASK
66,1712300910.138932,13901326.17490213,908.8,-0.0,968.8,ASK
67,1712300940.1892383,13901326.17490213,908.8,-0.0,968.8,ASK
68,1712300970.1987083,13901326.17490213,908.8,-0.0,968.8,ASK
69,1712301000.1651368,13901326.17490213,908.8,-0.0,968.8,ASK
70,1712301030.1386228,13901326.17490213,908.8,-0.0,968.8,ASK
71,1712301060.21972,13901326.17490213,908.8,-0.0,968.8,ASK
72,1712301064.1071022,13901333.34595981,908.8,-3.803020711268877e-10,968.8,ASK
73,1712301090.2070782,13901333.34595981,908.8,-0.0,968.8,ASK
74,1712301094.4271235,13901343.17566114,908.8,-5.21297505657527e-10,968.8,ASK
75,1712301100.1922593,13901369.56833014,908.9,1.3996796096006306e-09,968.8,BID
76,1712301112.2289202,13901553.86385213,908.8,-9.773724826912252e-09,968.8,ASK
77,1712301112.2302651,13901608.84846368,908.8,-2.915993059443212e-09,968.8,ASK
78,1712301118.2472885,13901622.44128464,908.2,-7.20866629000163e-10,968.8,ASK
79,1712301118.249066,13902122.44128464,908.0,-2.651644684961734e-08,968.8,ASK
80,1712301118.2571564,13903222.02695436,908.0,-5.831420993549146e-08,968.8,ASK
81,1712301118.258525,13904075.70701953,907.7,-4.5273124149312656e-08,968.8,ASK
82,1712301118.2598958,13904406.06711203,908.1,-1.7519951668033754e-08,968.8,ASK
83,1712301120.1382554,13904406.06711203,908.1,-0.0,968.8,ASK
84,1712301150.1496463,13904406.06711203,908.1,-0.0,968.8,ASK
85,1712301180.1967952,13904406.06711203,908.1,-0.0,968.8,ASK
86,1712301210.1977975,13904406.06711203,908.1,-0.0,968.8,ASK
87,1712301240.1376338,13904406.06711203,908.1,-0.0,968.8,ASK
88,1712301270.1298623,13904406.06711203,908.1,-0.0,968.8,ASK
89,1712301300.1757982,13904406.06711203,908.1,-0.0,968.8,ASK
90,1712301330.1329544,13904406.06711203,908.1,-0.0,968.8,ASK
91,1712301352.7124236,13904411.55788936,910.8,2.9125936077871675e-10,968.8,BID
92,1712301360.164716,13904411.55788936,910.8,0.0,968.8,BID
93,1712301381.801889,13904466.45468338,910.6,2.9120104380269832e-09,968.8,BID
94,1712301390.13266,13904466.45468338,910.6,0.0,968.8,BID
95,1712301396.7114923,13904471.94425527,910.5,2.9119456864193124e-10,968.8,BID
96,1712301405.801022,13904691.57966049,910.5,1.1650569181846198e-08,968.8,BID
97,1712301420.201104,13904691.57966049,910.5,0.0,968.8,BID
98,1712301450.192564,13904691.57966049,910.5,0.0,968.8,BID
99,1712301455.950482,13904746.52471543,910.0,-2.914531029103098e-09,968.8,ASK
100,1712301455.9522135,13904863.10374985,908.8,-6.1838724802755e-09,968.8,ASK
101,1712301456.0404012,13909248.90090459,908.8,2.326422625116609e-07,968.8,BID
102,1712301456.0505514,13910349.70449958,908.8,5.839153747514923e-08,968.8,BID
103,1712301456.0555491,13913767.28027928,908.8,1.8128347792724986e-07,968.8,BID
104,1712301463.2404354,13913783.09924006,910.3,8.39108307261797e-10,968.8,BID
105,1712301480.142008,13913783.09924006,910.3,0.0,968.8,BID
106,1712301510.1437209,13913783.09924006,910.3,0.0,968.8,BID
107,1712301540.1991854,13913783.09924006,910.3,0.0,968.8,BID
108,1712301557.637675,13913979.34492398,910.2,1.0405186896614596e-08,968.8,BID
109,1712301563.29865,13916502.6842795,910.2,1.3379054801791346e-07,968.8,BID
110,1712301563.4285786,13917036.37766225,910.2,-2.8297077836813306e-08,968.8,ASK
111,1712301570.193412,13917036.37766225,910.2,-0.0,968.8,ASK
112,1712301600.158109,13917036.37766225,910.2,-0.0,968.8,ASK
113,1712301630.1397634,13917036.37766225,910.2,-0.0,968.8,ASK
114,1712301660.1899154,13917036.37766225,910.2,-0.0,968.8,ASK
115,1712301683.3217895,13917261.25314425,910.6,-1.1926093472445716e-08,968.8,ASK
116,1712301690.197161,13917261.25314425,910.6,-0.0,968.8,ASK
117,1712301705.0966773,13917261.25314456,910.6,-1.6496734396931608e-17,968.8,ASK
118,1712301705.1066782,13920127.22111825,910.3,-1.519926959323411e-07,968.8,ASK
119,1712301720.1387184,13920127.22111825,910.3,-0.0,968.8,ASK
120,1712301750.1261585,13920127.22111825,910.3,-0.0,968.8,ASK
121,1712301780.208623,13920127.22111825,910.3,-0.0,968.8,ASK
122,1712301810.1867735,13920127.22111825,910.3,-0.0,968.8,ASK
123,1712301840.1373906,13920127.22111825,910.3,-0.0,968.8,ASK
124,1712301870.1549594,13920127.22111825,910.3,-0.0,968.8,ASK
125,1712301900.1971223,13920127.22111825,910.3,-0.0,968.8,ASK
126,1712301930.184579,13920127.22111825,910.3,-0.0,968.8,ASK
127,1712301949.974111,13920138.20168265,910.7,5.824772836315173e-10,968.8,BID
128,1712301960.1253831,13920138.20168265,910.7,0.0,968.8,BID
129,1712301990.125292,13920138.20168265,910.7,0.0,968.8,BID
130,1712302018.9337056,13920432.9384693,910.7,1.5634660075085333e-08,968.8,BID
131,1712302020.216042,13920432.9384693,910.7,0.0,968.8,BID
132,1712302050.187442,13920432.9384693,910.7,0.0,968.8,BID
133,1712302080.1245155,13920432.9384693,910.7,0.0,968.8,BID
134,1712302110.1229904,13920432.9384693,910.7,0.0,968.8,BID
135,1712302140.1925995,13920432.9384693,910.7,0.0,968.8,BID
136,1712302170.176469,13920432.9384693,910.7,0.0,968.8,BID
137,1712302182.8425148,13920480.6039533,910.7,2.5284357520366687e-09,968.8,BID
138,1712302182.8446956,13920652.02637064,910.7,9.093174606284364e-09,968.8,BID
139,1712302192.1023831,13920981.96668935,910.7,-1.7501823706706925e-08,968.8,ASK
140,1712302200.292391,13920981.96668935,910.7,-0.0,968.8,ASK
141,1712302201.220471,13921613.41847937,910.6,-3.3527049938709823e-08,968.8,ASK
142,1712302210.9962666,13921887.47411411,910.4,-1.4551034769651197e-08,968.8,ASK
143,1712302210.998383,13922008.30012464,910.4,-6.415279444804137e-09,968.8,ASK
144,1712302211.0002737,13924104.1421973,910.3,-1.1127912367072916e-07,968.8,ASK
145,1712302211.0024807,13924622.28394082,910.4,-2.7510831998414e-08,968.8,ASK
146,1712302211.0046525,13924718.2124704,910.4,-5.093343074769623e-09,968.8,ASK
147,1712302228.756345,13924722.72169307,910.8,2.394180142931953e-10,968.8,BID
148,1712302230.1943934,13924722.72169307,910.8,0.0,968.8,BID
149,1712302260.124213,13924722.72169307,910.8,0.0,968.8,BID
150,1712302290.1234522,13924722.72169307,910.8,0.0,968.8,BID
151,1712302320.1744716,13924722.72169307,910.8,0.0,968.8,BID
152,1712302327.8714435,13924876.86426311,910.8,-8.182748783041726e-09,968.8,ASK
153,1712302327.8732114,13924877.95697365,910.8,-5.800718021412503e-11,968.8,ASK
154,1712302350.173735,13924877.95697365,910.8,-0.0,968.8,ASK
155,1712302380.1214275,13924877.95697365,910.8,-0.0,968.8,ASK
156,1712302391.1213431,13927096.80227464,910.9,-1.1778782076749889e-07,968.8,ASK
157,1712302391.1236446,13927258.45160696,910.9,-8.581185256046164e-09,968.8,ASK
158,1712302393.1511252,13928296.15456055,910.9,-5.5086656763667487e-08,968.8,ASK
159,1712302410.11307,13928296.15456055,910.9,-0.0,968.8,ASK
160,1712302440.1957765,13928296.15456055,910.9,-0.0,968.8,ASK
161,1712302464.410674,13928396.15456055,910.8,-5.307641547761426e-09,968.8,ASK
162,1712302470.1931894,13928396.15456055,910.8,-0.0,968.8,ASK
163,1712302500.1329324,13928396.15456055,910.8,-0.0,968.8,ASK
164,1712302530.1417408,13928396.15456055,910.8,-0.0,968.8,ASK
165,1712302530.1646924,13928526.40302018,910.9,6.918770160236615e-09,968.8,BID
166,1712302530.1705012,13929385.32338238,910.9,4.562566489315655e-08,968.8,BID
167,1712302560.180231,13929385.32338238,910.9,0.0,968.8,BID
168,1712302566.6603332,13929432.98886639,910.9,-2.531859076535526e-09,968.8,ASK
169,1712302590.1818476,13929432.98886639,910.9,-0.0,968.8,ASK
170,1712302611.4400597,13931429.2279668,911.5,1.0603447198409821e-07,968.8,BID
171,1712302611.4412358,13931509.2279668,911.5,4.249369605568296e-09,968.8,BID
172,1712302611.4501033,13933567.35161743,911.6,1.093216010685556e-07,968.8,BID
173,1712302611.4519742,13933601.44096148,911.5,1.8107277810369342e-09,968.8,BID
174,1712302611.453852,13939432.98886639,911.6,3.09755030256778e-07,968.8,BID
175,1712302615.920012,13939458.19816639,910.9,-1.339045414982375e-09,968.8,ASK
176,1712302616.3200915,13939493.969908,910.9,-1.900091894198292e-09,968.8,ASK
177,1712302616.322472,13939519.17912375,910.8,-1.339040939803107e-09,968.8,ASK
178,1712302616.3313975,13940905.08446639,910.9,-7.361530049013301e-08,968.8,ASK
179,1712302616.5200522,13941488.1622344,910.4,-3.0971411813258874e-08,968.8,ASK
180,1712302616.521922,13941757.77838888,910.8,-1.4321233650257518e-08,968.8,ASK
181,1712302616.5299108,13942207.28146639,910.3,-2.387630893969565e-08,968.8,ASK
182,1712302617.710031,13942240.23763468,910.3,-1.7505367481060883e-09,968.8,ASK
183,1712302617.7124937,13943256.17815077,910.3,-5.3963834376728775e-08,968.8,ASK
184,1712302620.1526363,13943256.17815077,910.3,-0.0,968.8,ASK
185,1712302640.1601276,13945124.61719649,910.2,-9.917973775880544e-08,968.8,ASK
186,1712302640.1625087,13945513.3864188,910.3,-2.063649312290652e-08,968.8,ASK
187,1712302640.164831,13946549.11125061,909.4,-5.4977933288405785e-08,968.8,ASK
188,1712302640.1700034,13947291.3867839,910.2,-3.940117442160181e-08,968.8,ASK
189,1712302640.171877,13947455.36680317,910.3,-8.704322116415942e-09,968.8,ASK
190,1712302646.3935463,13949770.82974576,909.4,-1.2290848233046385e-07,968.8,ASK
191,1712302650.122244,13949770.82974576,909.4,-0.0,968.8,ASK
192,1712302680.1757193,13949770.82974576,909.4,-0.0,968.8,ASK
193,1712302686.219791,13951770.82974576,909.4,1.061298139184349e-07,968.8,BID
194,1712302692.6596818,13951776.82974576,911.5,3.1838944175530467e-10,968.8,BID
195,1712302703.919792,13952217.21287908,908.3,-2.3368889996041772e-08,968.8,ASK
196,1712302703.9279983,13955976.01839816,908.2,-1.994606651477621e-07,968.8,ASK
197,1712302706.3917518,13955991.8165331,911.5,8.38326560706734e-10,968.8,BID
198,1712302710.1822617,13955991.8165331,911.5,0.0,968.8,BID
199,1712302738.6436872,13956329.25646727,911.5,1.7900849441867724e-08,968.8,BID
200,1712302740.111745,13956329.25646727,911.5,0.0,968.8,BID
201,1712302745.390776,13957061.49652516,911.5,3.8843965500380894e-08,968.8,BID
202,1712302745.3957877,13957340.90204327,911.5,1.4821940139955164e-08,968.8,BID
203,1712302770.1292248,13957340.90204327,911.5,0.0,968.8,BID
204,1712302800.1579442,13957340.90204327,911.5,0.0,968.8,BID
205,1712302830.1290095,13957340.90204327,911.5,0.0,968.8,BID
206,1712302860.1816928,13957340.90204327,911.5,0.0,968.8,BID
207,1712302890.199053,13957340.90204327,911.5,0.0,968.8,BID
208,1712302893.958922,13957390.39524203,911.6,2.6272457643055166e-09,968.8,BID
209,1712302893.9687502,13957432.08933903,911.4,2.213246314391609e-09,968.8,BID
210,1712302897.4789336,13957519.84712753,911.6,4.658443662929761e-09,968.8,BID
211,1712302898.8587418,13957632.3991527,908.4,-5.9745952736736955e-09,968.8,ASK
212,1712302920.148826,13957632.3991527,908.4,-0.0,968.8,ASK
213,1712302949.358641,13957742.48281629,908.4,-5.8434850090682625e-09,968.8,ASK
214,1712302950.133664,13957742.48281629,908.4,-0.0,968.8,ASK
215,1712302966.2285404,13957849.24058291,908.4,-5.666908940402728e-09,968.8,ASK
216,1712302980.1801283,13957849.24058291,908.4,-0.0,968.8,ASK
217,1712303010.172057,13957849.24058291,908.4,-0.0,968.8,ASK
218,1712303040.139792,13957849.24058291,908.4,-0.0,968.8,ASK
219,1712303070.128609,13957849.24058291,908.4,-0.0,968.8,ASK
220,1712303072.0181794,13958956.53767069,908.6,-5.877717062635253e-08,968.8,ASK
221,1712303072.02088,13959049.24058291,908.6,-4.9208247264217885e-09,968.8,ASK
222,1712303093.0782835,13959069.04910057,908.7,-1.0514690549268867e-09,968.8,ASK
223,1712303093.0810738,13959078.72769646,908.7,-5.137559633181796e-10,968.8,ASK
224,1712303100.1486745,13959078.72769646,908.7,-0.0,968.8,ASK
225,1712303130.1278026,13959078.72769646,908.7,-0.0,968.8,ASK
226,1712303160.139756,13959078.72769646,908.7,-0.0,968.8,ASK
227,1712303161.4086258,13959100.73716052,911.4,1.1692243884189e-09,968.8,BID
228,1712303184.588668,13962051.46331725,908.7,-1.567535209603545e-07,968.8,ASK
229,1712303184.5899444,13962619.54729902,908.8,-3.0178728764912515e-08,968.8,ASK
230,1712303184.591167,13964407.27296924,908.8,-9.497062025870297e-08,968.8,ASK
231,1712303190.1291811,13964407.27296924,908.8,-0.0,968.8,ASK
232,1712303192.387777,13968867.56563456,908.7,-2.368863571280448e-07,968.8,ASK
233,1712303192.390003,13969100.49133068,908.7,-1.2370694879356984e-08,968.8,ASK
234,1712303199.7475028,13969680.23943068,908.7,-3.0790449364243835e-08,968.8,ASK
235,1712303199.7575104,13969680.23952211,908.7,-4.855841047118417e-15,968.8,ASK
236,1712303199.8075342,13970213.93290485,908.7,2.834448112421572e-08,968.8,BID
237,1712303200.0076196,13970735.70590485,908.6,-2.771138902584269e-08,968.8,ASK
238,1712303201.3378472,13970969.14228606,908.6,-1.2397817388950254e-08,968.8,ASK
239,1712303213.5105183,13971519.12556495,908.6,-2.920963828907609e-08,968.8,ASK
240,1712303213.5128393,13971849.68909842,908.4,-1.755624509843268e-08,968.8,ASK
241,1712303213.5150952,13972400.10741634,908.5,-2.92327432328208e-08,968.8,ASK
242,1712303220.190141,13972400.10741634,908.5,-0.0,968.8,ASK
243,1712303235.897923,13972624.88196209,908.4,-1.1933183966131713e-08,968.8,ASK
244,1712303241.1136725,13975031.42854049,908.4,-1.2776252287417592e-07,968.8,ASK
245,1712303246.3581607,13976641.45475054,908.3,-8.547559907450633e-08,968.8,ASK
246,1712303246.3609529,13977063.4787567,908.1,-2.2405072988995333e-08,968.8,ASK
247,1712303250.1880064,13977063.4787567,908.1,-0.0,968.8,ASK
248,1712303277.1581233,13978689.09841948,908.0,-8.628404494911948e-08,968.8,ASK
249,1712303280.121159,13978689.09841948,908.0,-0.0,968.8,ASK
250,1712303301.7418735,13981696.92864656,908.0,-1.5963600410852096e-07,968.8,ASK
251,1712303310.1314387,13981696.92864656,908.0,-0.0,968.8,ASK
252,1712303314.4585855,13981712.77720478,908.6,8.410161627714931e-10,968.8,BID
253,1712303340.1929233,13981712.77720478,908.6,0.0,968.8,BID
254,1712303342.789056,13983115.19347832,907.7,-7.442026179259805e-08,968.8,ASK
255,1712303370.1850915,13983115.19347832,907.7,-0.0,968.8,ASK
256,1712303371.7494164,13983136.31862845,907.8,-1.1209460700029055e-09,968.8,ASK
257,1712303371.7524564,13983818.37626095,907.7,-3.619145037650875e-08,968.8,ASK
258,1712303371.7553787,13984016.97587047,907.7,-1.0538124009284308e-08,968.8,ASK
259,1712303371.7582333,13988265.19347832,907.7,-2.254195971386223e-07,968.8,ASK
260,1712303400.1639514,13988265.19347832,907.7,-0.0,968.8,ASK
261,1712303410.987194,13988271.97751054,907.7,-3.608007670215136e-10,968.8,ASK
262,1712303430.121836,13988271.97751054,907.7,-0.0,968.8,ASK
263,1712303460.1825895,13988271.97751054,907.7,-0.0,968.8,ASK
264,1712303471.7998767,13989271.97751054,907.7,-5.318380531786487e-08,968.8,ASK
265,1712303490.2033856,13989271.97751054,907.7,-0.0,968.8,ASK
266,1712303498.2799792,13989278.58107646,908.6,3.5118581082666564e-10,968.8,BID
267,1712303520.1521173,13989278.58107646,908.6,0.0,968.8,BID
268,1712303550.124345,13989278.58107646,908.6,0.0,968.8,BID
269,1712303580.1937044,13989278.58107646,908.6,0.0,968.8,BID
270,1712303584.271984,13989316.05940793,908.6,1.993143429687369e-09,968.8,BID
271,1712303584.2751284,13990437.26133639,908.5,5.962688757364999e-08,968.8,BID
272,1712303584.2781434,13990893.75198617,908.6,2.4276730142872425e-08,968.8,BID
273,1712303610.1824634,13990893.75198617,908.6,0.0,968.8,BID
274,1712303640.1335764,13990893.75198617,908.6,0.0,968.8,BID
275,1712303670.1309605,13990893.75198617,908.6,0.0,968.8,BID
276,1712303700.1560762,13990893.75198617,908.6,0.0,968.8,BID
277,1712303730.1442654,13990893.75198617,908.6,0.0,968.8,BID
278,1712303760.1809993,13990893.75198617,908.6,0.0,968.8,BID
279,1712303790.204633,13990893.75198617,908.6,0.0,968.8,BID
280,1712303801.251272,13990937.328612,908.7,2.3239830886710272e-09,968.8,BID
281,1712303814.2015874,13990942.88600167,908.7,-2.9638090069281276e-10,968.8,ASK
282,1712303820.1342158,13990942.88600167,908.7,-0.0,968.8,ASK
283,1712303850.1319678,13990942.88600167,908.7,-0.0,968.8,ASK
284,1712303880.2043505,13990942.88600167,908.7,-0.0,968.8,ASK
285,1712303910.187641,13990942.88600167,908.7,-0.0,968.8,ASK
286,1712303940.1245556,13990942.88600167,908.7,-0.0,968.8,ASK
287,1712303944.731381,13990955.86474727,908.6,-6.92167254538236e-10,968.8,ASK
288,1712303944.7345278,13991228.91859843,908.7,-1.4562188084139108e-08,968.8,ASK
289,1712303959.1213577,13991317.2427958,908.7,4.710402614800013e-09,968.8,BID
290,1712303959.301396,13991317.24279581,908.7,4.966820442518182e-19,968.8,BID
291,1712303970.131279,13991317.24279581,908.7,0.0,968.8,BID
292,1712303971.4513843,13991356.20132892,908.6,-2.077653151978513e-09,968.8,ASK
293,1712303971.4549158,13991367.20727212,908.6,-5.869454200076083e-10,968.8,ASK
294,1712303971.4563367,13991537.507113,908.0,-9.082066826977844e-09,968.8,ASK
295,1712304000.177808,13991537.507113,908.0,-0.0,968.8,ASK
296,1712304030.1215038,13991537.507113,908.0,-0.0,968.8,ASK
297,1712304060.2632456,13991537.507113,908.0,-0.0,968.8,ASK
298,1712304079.494913,13992367.20727212,908.0,-4.442080538354396e-08,968.8,ASK
299,1712304079.496458,13993712.9491126,908.0,-7.204884286860073e-08,968.8,ASK
300,1712304079.497926,13993720.65327284,908.0,-4.12468286143007e-10,968.8,ASK
301,1712304090.1849177,13993720.65327284,908.0,-0.0,968.8,ASK
302,1712304094.731461,13994170.06561737,908.0,-2.4058257213637623e-08,968.8,ASK
303,1712304094.7350388,13994567.31452117,908.0,-2.1265807274255843e-08,968.8,ASK
304,1712304105.591648,13994871.09726013,908.0,-1.6262310904328688e-08,968.8,ASK
305,1712304105.601283,13995346.18041154,907.7,-2.5432484874042576e-08,968.8,ASK
306,1712304105.6033592,13995363.07471317,908.0,-9.043976184000271e-10,968.8,ASK
307,1712304105.6713934,13995931.58282959,907.7,-3.0433775705869094e-08,968.8,ASK
308,1712304105.6827528,13996288.65515634,907.7,-1.911504653881465e-08,968.8,ASK
309,1712304120.1460876,13996288.65515634,907.7,-0.0,968.8,ASK
310,1712304127.3463805,13996490.89743373,907.7,-1.0825224600388432e-08,968.8,ASK
311,1712304148.821308,13996650.32499825,907.7,-8.533523335001017e-09,968.8,ASK
312,1712304148.8330803,13996802.74417532,907.7,-8.158392233761911e-09,968.8,ASK
313,1712304150.1211083,13996802.74417532,907.7,-0.0,968.8,ASK
314,1712304156.8611965,13997877.94316826,907.7,-5.7549687575398393e-08,968.8,ASK
315,1712304180.185664,13997877.94316826,907.7,-0.0,968.8,ASK
316,1712304210.1912374,13997877.94316826,907.7,-0.0,968.8,ASK
317,1712304240.1233644,13997877.94316826,907.7,-0.0,968.8,ASK
318,1712304270.1234946,13997877.94316826,907.7,-0.0,968.8,ASK
319,1712304300.2048447,13997877.94316826,907.7,-0.0,968.8,ASK
320,1712304317.501318,13997966.26736564,907.8,-4.728968331913659e-09,968.8,ASK
321,1712304330.200595,13997966.26736564,907.8,-0.0,968.8,ASK
322,1712304333.5415256,13997972.86077223,910.0,3.530162518674659e-10,968.8,BID
323,1712304346.4337962,13998249.71407765,910.0,1.4822946964791224e-08,968.8,BID
324,1712304346.436523,14003325.22415098,910.0,2.717468607504236e-07,968.8,BID
325,1712304346.511264,14003510.24170857,910.0,9.905987719895053e-09,968.8,BID
326,1712304355.9568365,14003521.09964312,910.5,5.81342483006243e-10,968.8,BID
327,1712304360.121744,14003521.09964312,910.5,0.0,968.8,BID
328,1712304390.1368427,14003521.09964312,910.5,0.0,968.8,BID
329,1712304420.1857696,14003521.09964312,910.5,0.0,968.8,BID
330,1712304450.1834447,14003521.09964312,910.5,0.0,968.8,BID
331,1712304480.135646,14003521.09964312,910.5,0.0,968.8,BID
332,1712304510.120724,14003521.09964312,910.5,0.0,968.8,BID
333,1712304540.1833386,14003521.09964312,910.5,0.0,968.8,BID
334,1712304556.5913482,14003650.30646078,910.5,6.915964393174933e-09,968.8,BID
335,1712304556.601174,14003779.76986868,910.5,6.929698722419054e-09,968.8,BID
336,1712304570.1896653,14003779.76986868,910.5,0.0,968.8,BID
337,1712304600.1810424,14003779.76986868,910.5,0.0,968.8,BID
338,1712304630.133169,14003779.76986868,910.5,0.0,968.8,BID
339,1712304658.23118,14003892.63612849,908.1,-6.044242015963325e-09,968.8,ASK
340,1712304658.2339332,14003902.69496868,908.1,-5.38673511504356e-10,968.8,ASK
341,1712304659.0965838,14003991.01916606,908.1,-4.7299593848641196e-09,968.8,ASK
342,1712304660.186544,14003991.01916606,908.1,-0.0,968.8,ASK
343,1712304690.181041,14003991.01916606,908.1,-0.0,968.8,ASK
344,1712304720.1291735,14003991.01916606,908.1,-0.0,968.8,ASK
345,1712304720.911196,14004312.30822856,910.3,1.7205575024901196e-08,968.8,BID
346,1712304720.9140449,14005698.2135712,910.3,7.421758513864763e-08,968.8,BID
347,1712304721.0167494,14006231.01968932,911.1,2.8532672627259336e-08,968.8,BID
348,1712304721.0511265,14008023.82528417,910.3,-9.600778478806761e-08,968.8,ASK
349,1712304726.1511962,14008023.82528418,910.3,-4.987390577583312e-19,968.8,ASK
350,1712304728.8863933,14009451.92591034,910.2,7.647721424232113e-08,968.8,BID
351,1712304737.5536604,14010012.30681034,908.2,-3.0009349034281094e-08,968.8,ASK
352,1712304737.5640216,14010394.19601034,908.2,-2.0450815320864176e-08,968.8,ASK
353,1712304737.5718594,14010945.56093567,908.2,-2.9526528276613983e-08,968.8,ASK
354,1712304737.5734406,14013307.44492629,908.2,-1.2648289949401546e-07,968.8,ASK
355,1712304737.611088,14014939.90649345,908.2,8.742108975164608e-08,968.8,BID
356,1712304737.6209402,14028965.42323423,908.2,7.510902446189047e-07,968.8,BID
357,1712304746.5929818,14029899.41203423,909.0,-5.0016686673933416e-08,968.8,ASK
358,1712304746.6009014,14031269.93913423,909.0,-7.339405412445185e-08,968.8,ASK
359,1712304746.7309766,14036917.80006423,909.0,3.0245254601941096e-07,968.8,BID
360,1712304746.7443185,14037096.47441232,909.0,9.568314828909318e-09,968.8,BID
361,1712304749.9312456,14037647.01394105,909.0,2.948232688664071e-08,968.8,BID
362,1712304749.9911015,14044811.18461982,909.0,3.836535086057512e-07,968.8,BID
363,1712304750.1318765,14044811.18461982,909.0,0.0,968.8,BID
364,1712304776.217215,14044949.32654469,908.9,7.383067343463807e-09,968.8,BID
365,1712304776.2250054,14044949.3265447,908.9,4.977502154605557e-19,968.8,BID
366,1712304776.2292378,14048221.13036169,909.0,1.7486326426945706e-07,968.8,BID
367,1712304776.2912,14048617.06248299,909.0,2.1160799067576585e-08,968.8,BID
368,1712304776.3175566,14048617.062483,909.0,4.977502154605557e-19,968.8,BID
369,1712304780.183928,14048617.062483,909.0,0.0,968.8,BID
370,1712304810.184654,14048617.062483,909.0,0.0,968.8,BID
371,1712304840.12326,14048617.062483,909.0,0.0,968.8,BID
372,1712304870.1399777,14048617.062483,909.0,0.0,968.8,BID
373,1712304879.2511427,14049357.670083,909.1,-3.957484284980599e-08,968.8,ASK
374,1712304879.255036,14050444.431183,909.1,-5.8071777480797385e-08,968.8,ASK
375,1712304879.2579803,14050455.43228311,909.0,-5.87850851243954e-10,968.8,ASK
376,1712304895.1511085,14052655.65230511,909.0,1.175701702299793e-07,968.8,BID
377,1712304900.1583445,14052655.65230511,909.0,0.0,968.8,BID
378,1712304915.0712297,14052666.65945976,908.5,-5.885131853737506e-10,968.8,ASK
379,1712304915.075115,14053407.59305976,908.5,-3.961506919019134e-08,968.8,ASK
380,1712304915.0779672,14055595.54792481,908.5,-1.169821200766858e-07,968.8,ASK
381,1712304918.2607858,14062412.40096706,908.5,3.644727475288214e-07,968.8,BID
382,1712304919.5209444,14062447.54649149,909.0,1.8791054718829993e-09,968.8,BID
383,1712304930.1264155,14062447.54649149,909.0,0.0,968.8,BID
384,1712304944.171064,14062485.09764087,909.0,2.0067711424801962e-09,968.8,BID
385,1712304944.174054,14064645.36507394,909.0,1.1544686158381569e-07,968.8,BID
386,1712304960.1855304,14064645.36507394,909.0,0.0,968.8,BID
387,1712304964.6710088,14067945.69510694,909.0,1.763541235920873e-07,968.8,BID
388,1712304964.7512634,14074028.75615979,909.0,3.250501889221982e-07,968.8,BID
389,1712304964.7541313,14074888.86792793,909.0,4.5960329889668667e-08,968.8,BID
390,1712304964.8110852,14075411.02726878,909.0,2.7901740738177293e-08,968.8,BID
391,1712304964.8711529,14075748.97969607,909.0,1.805858915159091e-08,968.8,BID
392,1712304964.8797455,14077120.2206338,909.0,7.327267012348797e-08,968.8,BID
393,1712304990.180794,14077120.2206338,909.0,0.0,968.8,BID
394,1712305020.134172,14077120.2206338,909.0,0.0,968.8,BID
395,1712305040.0911202,14077230.2316349,909.0,-5.8749109590113505e-09,968.8,ASK
396,1712305040.0949998,14077258.06216266,909.0,-1.4862320213144411e-09,968.8,ASK
397,1712305050.1274643,14077258.06216266,909.0,-0.0,968.8,ASK
398,1712305079.927737,14078835.3908094,910.4,8.423342442615609e-08,968.8,BID
399,1712305080.000734,14078945.96220659,910.4,-5.904798247483346e-09,968.8,ASK
400,1712305080.2073748,14078945.96220659,910.4,-0.0,968.8,ASK
401,1712305110.1894765,14078945.96220659,910.4,-0.0,968.8,ASK
402,1712305118.000682,14078956.94638936,910.4,-5.86535602978342e-10,968.8,ASK
403,1712305140.1505716,14078956.94638936,910.4,-0.0,968.8,ASK
404,1712305143.8006806,14079456.94638936,909.5,-2.6699086408653332e-08,968.8,ASK
405,1712305143.8042216,14080001.78695781,909.0,-2.90934908319379e-08,968.8,ASK
406,1712305157.945311,14091971.85655788,909.0,-6.391798451397212e-07,968.8,ASK
407,1712305157.9483387,14092102.99707883,909.0,-7.0026642010813405e-09,968.8,ASK
408,1712305159.2405672,14100080.40987699,909.0,-4.259792672310789e-07,968.8,ASK
409,1712305159.250527,14100091.41097699,909.0,-5.874386389801541e-10,968.8,ASK
410,1712305160.5705388,14101336.33672773,909.0,6.647676038282241e-08,968.8,BID
411,1712305165.9707985,14106336.33672773,909.0,2.669908640865333e-07,968.8,BID
412,1712305166.0707045,14106468.91758898,909.0,7.079575741291578e-09,968.8,BID
413,1712305170.1297696,14106468.91758898,909.0,0.0,968.8,BID
414,1712305183.550633,14106469.69928897,910.5,4.16856834063572e-11,968.8,BID
415,1712305183.5548155,14106727.91758898,909.0,1.3769996745017622e-08,968.8,BID
416,1712305183.9197345,14107891.66158898,908.6,-6.205892878752993e-08,968.8,ASK
417,1712305183.9232612,14128911.86855277,908.5,-1.120943718778462e-06,968.8,ASK
418,1712305183.925069,14129704.93845277,908.7,-4.229200618657412e-08,968.8,ASK
419,1712305183.9268775,14130896.53274913,908.0,-6.354410040483015e-08,968.8,ASK
420,1712305183.9286835,14150830.65614632,908.7,-1.0630261847529193e-06,968.8,ASK
421,1712305183.930475,14152405.65614632,908.1,-8.398996071338904e-08,968.8,ASK
422,1712305183.9322786,14152735.8344426,908.6,-1.760740452892508e-08,968.8,ASK
423,1712305183.9342525,14152790.08234615,908.2,-2.8928757383821514e-09,968.8,ASK
424,1712305183.9360514,14152949.32585888,908.6,-8.491972303483261e-09,968.8,ASK
425,1712305183.9378474,14154085.25426111,908.2,-6.05756075406556e-08,968.8,ASK
426,1712305200.2430136,14154085.25426111,908.2,-0.0,968.8,ASK
427,1712305220.3006272,14154134.22220138,908.2,-2.608056373316553e-09,968.8,ASK
428,1712305220.304887,14154634.22220138,908.5,-2.6630243776726657e-08,968.8,ASK
429,1712305230.130292,14154634.22220138,908.5,-0.0,968.8,ASK
430,1712305234.764358,14155159.16968037,908.5,-2.795821603882069e-08,968.8,ASK
431,1712305260.2131774,14155159.16968037,908.5,-0.0,968.8,ASK
432,1712305290.1847577,14155159.16968037,908.5,-0.0,968.8,ASK
433,1712305309.961036,14155264.93263067,908.9,-5.632693606784826e-09,968.8,ASK
434,1712305319.2052703,14155278.24548187,908.9,-7.09012103287875e-10,968.8,ASK
435,1712305319.2072558,14160988.28579038,908.9,-3.041037286612404e-07,968.8,ASK
436,1712305319.3309658,14161862.99992309,908.9,4.6585280470461534e-08,968.8,BID
437,1712305319.332791,14162685.30034679,908.9,4.379384582526915e-08,968.8,BID
438,1712305319.3405995,14163958.69613181,908.9,6.781815632879139e-08,968.8,BID
439,1712305319.40074,14165210.77523181,908.9,6.6682878283924e-08,968.8,BID
440,1712305319.4025671,14167048.06533181,908.9,9.784988193678257e-08,968.8,BID
441,1712305320.1429927,14167048.06533181,908.9,0.0,968.8,BID
442,1712305321.3508222,14167059.06764229,908.9,5.8562095146671e-10,968.8,BID
443,1712305323.5220106,14170511.13160712,908.9,1.83743313471609e-07,968.8,BID
444,1712305350.1361716,14170511.13160712,908.9,0.0,968.8,BID
445,1712305380.172714,14170511.13160712,908.9,0.0,968.8,BID
446,1712305404.0217578,14171681.97943781,911.2,6.231038160183827e-08,968.8,BID
447,1712305404.0312266,14173095.97943781,911.2,7.52504956456923e-08,968.8,BID
448,1712305410.115414,14173095.97943781,911.2,0.0,968.8,BID
449,1712305413.4312932,14173295.54708841,911.3,1.0619294536629654e-08,968.8,BID
450,1712305425.11131,14177587.51741374,911.3,2.283821896475592e-07,968.8,BID
451,1712305425.1252866,14181346.32293282,911.5,2.0001168923308254e-07,968.8,BID
452,1712305425.1286469,14181379.98526851,911.3,1.791223459349164e-09,968.8,BID
453,1712305425.1929123,14182600.02566851,911.6,6.492018278080806e-08,968.8,BID
454,1712305425.2348645,14184390.30236851,911.6,9.526331307754264e-08,968.8,BID
455,1712305425.239551,14188938.63389472,911.5,-2.420235543262005e-07,968.8,ASK
456,1712305425.251219,14190045.93097252,911.5,-5.89209412111217e-08,968.8,ASK
457,1712305425.341288,14190293.36732313,911.5,-1.3166459986279952e-08,968.8,ASK
458,1712305427.7314124,14192407.71093813,911.5,-1.1250740053145773e-07,968.8,ASK
459,1712305427.8314395,14195696.6898948,911.5,-1.750115119380434e-07,968.8,ASK
460,1712305427.931351,14196152.2712098,911.5,-2.42421662769976e-08,968.8,ASK
461,1712305427.9356604,14197138.7598098,911.5,-5.2492540593896004e-08,968.8,ASK
462,1712305427.9399035,14197811.0335098,911.5,-3.577269366066324e-08,968.8,ASK
463,1712305428.8912263,14217582.59301656,911.6,1.0520743878990209e-06,968.8,BID
464,1712305428.9713829,14218618.24933696,911.7,5.51088288704117e-08,968.8,BID
465,1712305428.9733984,14219209.82380284,911.7,3.1478566163423044e-08,968.8,BID
466,1712305428.9913795,14219892.14812442,911.7,3.6307502335798784e-08,968.8,BID
467,1712305429.0526884,14221166.04691189,911.9,6.77860684998165e-08,968.8,BID
468,1712305429.0570326,14221234.49648372,911.9,3.6423045618425086e-09,968.8,BID
469,1712305436.4613574,14222004.63531472,912.5,4.098024432232879e-08,968.8,BID
470,1712305436.5412943,14222429.60807094,912.5,2.2613438875223785e-08,968.8,BID
471,1712305436.575853,14222881.2352986,912.5,2.403176334860064e-08,968.8,BID
472,1712305440.2143488,14222881.2352986,912.5,0.0,968.8,BID
473,1712305441.2615416,14222897.08385682,912.1,-8.412939438694991e-10,968.8,ASK
474,1712305448.1336732,14223210.77810339,912.5,1.665192923028405e-08,968.8,BID
475,1712305462.2115717,14223735.72558238,912.1,-2.786595025341164e-08,968.8,ASK
476,1712305470.1859083,14223735.72558238,912.1,-0.0,968.8,ASK
477,1712305484.7316036,14228272.71188374,912.5,2.408282893808664e-07,968.8,BID
478,1712305500.1280258,14228272.71188374,912.5,0.0,968.8,BID
479,1712305525.382469,14228376.23813031,912.5,5.501483016577822e-09,968.8,BID
480,1712305530.122332,14228376.23813031,912.5,0.0,968.8,BID
481,1712305541.722011,14229346.52897732,912.2,-5.156191782707727e-08,968.8,ASK
482,1712305553.9134684,14229456.11801841,912.5,5.823636437291335e-09,968.8,BID
483,1712305553.918021,14229672.45246765,912.6,1.1496160279478796e-08,968.8,BID
484,1712305553.9210815,14229770.93552805,912.5,5.23345704363694e-09,968.8,BID
485,1712305553.9230678,14230052.21786508,912.7,1.4947535363109823e-08,968.8,BID
486,1712305554.031844,14233430.15532122,912.7,1.7950590183902677e-07,968.8,BID
487,1712305560.194774,14233430.15532122,912.7,0.0,968.8,BID
488,1712305566.588703,14233437.79247968,915.0,4.0574436764496816e-10,968.8,BID
489,1712305590.18687,14233437.79247968,915.0,0.0,968.8,BID
490,1712305620.161115,14233437.79247968,915.0,0.0,968.8,BID
491,1712305621.9923556,14234530.15532122,915.0,5.8034661464643455e-08,968.8,BID
492,1712305621.9974296,14234548.15532122,915.0,9.562975475179647e-10,968.8,BID
493,1712305622.002075,14234559.15642122,915.0,5.84462497221899e-10,968.8,BID
494,1712305622.1118596,14234812.97608623,915.0,-1.3484840175560396e-08,968.8,ASK
495,1712305650.13541,14234812.97608623,915.0,-0.0,968.8,ASK
496,1712305680.1875076,14234812.97608623,915.0,-0.0,968.8,ASK
497,1712305710.1903248,14234812.97608623,915.0,-0.0,968.8,ASK
498,1712305740.004336,14234827.01754503,913.1,-7.45939723516056e-10,968.8,ASK
499,1712305740.1233237,14235035.53260563,913.1,-1.1077172882350294e-08,968.8,ASK
500,1712305740.1416535,14235035.53260563,913.1,-0.0,968.8,ASK
501,1712305770.1322334,14235035.53260563,913.1,-0.0,968.8,ASK
502,1712305800.1774356,14235035.53260563,913.1,-0.0,968.8,ASK
503,1712305814.714516,14235066.33151273,915.0,1.6373218256447983e-09,968.8,BID
504,1712305830.1292922,14235066.33151273,915.0,0.0,968.8,BID
505,1712305831.1143832,14235108.47904132,915.0,2.240630319867854e-09,968.8,BID
506,1712305860.2183,14235108.47904132,915.0,0.0,968.8,BID
507,1712305887.683058,14235425.23614132,914.9,1.6839281708306817e-08,968.8,BID
508,1712305888.2630498,14235741.99314131,914.9,1.6839276391571994e-08,968.8,BID
509,1712305889.4030194,14235814.31579952,914.9,3.844780797252447e-09,968.8,BID
510,1712305890.1867423,14235814.31579952,914.9,0.0,968.8,BID
511,1712305920.1174676,14235814.31579952,914.9,0.0,968.8,BID
512,1712305950.1375597,14235814.31579952,914.9,0.0,968.8,BID
513,1712305980.1540675,14235814.31579952,914.9,0.0,968.8,BID
514,1712305998.526183,14235825.96340116,913.1,-6.19182686223497e-10,968.8,ASK
515,1712305998.530033,14235872.92917489,912.8,-2.496685140751974e-09,968.8,ASK
516,1712305998.5338132,14235901.44138495,913.1,-1.5156997432553647e-09,968.8,ASK
517,1712305998.5375662,14236236.25545942,913.0,-1.7798606479319566e-08,968.8,ASK
518,1712306010.1268084,14236236.25545942,913.0,-0.0,968.8,ASK
519,1712306029.1476562,14236247.20836193,913.0,5.822407846804822e-10,968.8,BID
520,1712306040.193081,14236247.20836193,913.0,0.0,968.8,BID
521,1712306044.1532433,14236309.79561186,912.8,-3.327047794842524e-09,968.8,ASK
522,1712306044.158033,14236474.74321156,912.8,-8.768376122149432e-09,968.8,ASK
523,1712306070.1888394,14236474.74321156,912.8,-0.0,968.8,ASK
524,1712306100.14796,14236474.74321156,912.8,-0.0,968.8,ASK
525,1712306130.1174788,14236474.74321156,912.8,-0.0,968.8,ASK
526,1712306160.175402,14236474.74321156,912.8,-0.0,968.8,ASK
527,1712306171.3161516,14236598.33041156,912.9,-6.588928956798931e-09,968.8,ASK
528,1712306171.3422542,14236779.68121156,912.9,-9.668537983211154e-09,968.8,ASK
529,1712306180.7217748,14236797.82521156,912.9,-9.673293593475198e-10,968.8,ASK
530,1712306180.7240725,14236810.19001156,912.9,-6.592170448732323e-10,968.8,ASK
531,1712306190.188351,14236810.19001156,912.9,-0.0,968.8,ASK
532,1712306196.133237,14236926.01081676,912.8,-6.174770511771615e-09,968.8,ASK
533,1712306196.1367302,14236936.96611912,912.8,-5.840615409357494e-10,968.8,ASK
534,1712306196.139548,14237149.16444507,912.9,-1.131295852650208e-08,968.8,ASK
535,1712306196.1424377,14239946.29448991,911.9,-1.491237786572824e-07,968.8,ASK
536,1712306196.1459844,14240165.57918991,911.6,-1.1690755360434565e-08,968.8,ASK
537,1712306196.1497312,14246492.71815249,912.3,-3.373196294287808e-07,968.8,ASK
538,1712306196.1528487,14247614.24765942,912.8,-5.979225680182914e-08,968.8,ASK
539,1712306196.155121,14247789.67545942,911.6,-9.352606420909248e-09,968.8,ASK
540,1712306196.1573217,14248885.44578595,912.6,-5.8418954075512895e-08,968.8,ASK
541,1712306196.1596403,14250238.12384224,911.6,-7.211551119427821e-08,968.8,ASK
542,1712306196.1619563,14250810.60717191,911.8,-3.0520882465313885e-08,968.8,ASK
543,1712306196.1642632,14251933.34477191,911.6,-5.985666403374348e-08,968.8,ASK
544,1712306196.1665187,14251977.20167191,911.6,-2.338148939525314e-09,968.8,ASK
545,1712306196.252736,14253891.9958634,911.6,1.0208368599552833e-07,968.8,BID
546,1712306208.442955,14253891.99586341,911.6,4.9651728467783695e-19,968.8,BID
547,1712306208.447975,14253913.54876341,911.6,1.1490527209785402e-09,968.8,BID
548,1712306208.4529276,14254270.07416341,911.5,1.9007487668871332e-08,968.8,BID
549,1712306208.4577205,14254513.03956341,911.5,1.2953247775408124e-08,968.8,BID
550,1712306220.1227465,14254513.03956341,911.5,0.0,968.8,BID
551,1712306250.1275446,14254513.03956341,911.5,0.0,968.8,BID
552,1712306280.197502,14254513.03956341,911.5,0.0,968.8,BID
553,1712306305.9628944,14254806.04431461,911.6,-1.5607567595137238e-08,968.8,ASK
554,1712306310.2128315,14254806.04431461,911.6,-0.0,968.8,ASK
555,1712306340.1277134,14254806.04431461,911.6,-0.0,968.8,ASK
556,1712306356.0727837,14254896.34707899,911.6,-4.810114650945169e-09,968.8,ASK
557,1712306356.082797,14255006.04431461,911.7,-5.843190779850299e-09,968.8,ASK
558,1712306370.160066,14255006.04431461,911.7,-0.0,968.8,ASK
559,1712306400.1614494,14255006.04431461,911.7,-0.0,968.8,ASK
560,1712306430.1363895,14255006.04431461,911.7,-0.0,968.8,ASK
561,1712306440.4910636,14255228.91579323,911.6,-1.1887574919499366e-08,968.8,ASK
562,1712306445.2926035,14255647.15163346,911.6,-2.230796832107153e-08,968.8,ASK
563,1712306445.5351071,14255881.89165625,911.4,-1.2520622310151009e-08,968.8,ASK
564,1712306445.602615,14256118.91150473,911.4,-1.2642224225633648e-08,968.8,ASK
565,1712306445.6127014,14256744.36471223,911.4,-3.3360580316547325e-08,968.8,ASK
566,1712306447.8632631,14256754.90159437,910.8,-5.62018866789026e-10,968.8,ASK
567,1712306460.192726,14256754.90159437,910.8,-0.0,968.8,ASK
568,1712306464.1933055,14256864.91259547,910.8,-5.867295561210363e-09,968.8,ASK
569,1712306490.2180605,14256864.91259547,910.8,-0.0,968.8,ASK
570,1712306515.6137908,14256919.73044554,911.2,2.923624059458017e-09,968.8,BID
571,1712306520.1328385,14256919.73044554,911.2,0.0,968.8,BID
572,1712306550.132455,14256919.73044554,911.2,0.0,968.8,BID
573,1712306575.222661,14257174.91510417,910.9,-1.3609837290356052e-08,968.8,ASK
574,1712306575.3025577,14258282.21218197,910.9,-5.905579568096489e-08,968.8,ASK
575,1712306575.3225822,14259115.36114045,910.9,-4.4434574650473086e-08,968.8,ASK
576,1712306575.4027293,14259435.23051719,910.8,-1.7059686091502777e-08,968.8,ASK
577,1712306580.1677592,14259435.23051719,910.8,-0.0,968.8,ASK
578,1712306610.1314926,14259435.23051719,910.8,-0.0,968.8,ASK
579,1712306614.5825706,14259835.03676633,910.8,-2.13203770069801e-08,968.8,ASK
580,1712306640.1860816,14259835.03676633,910.8,-0.0,968.8,ASK
581,1712306668.8126273,14260780.80725879,910.8,-5.043390880488101e-08,968.8,ASK
582,1712306670.1861885,14260780.80725879,910.8,-0.0,968.8,ASK
583,1712306687.3925538,14261114.64915879,910.8,-1.7801547733598987e-08,968.8,ASK
584,1712306690.1027024,14261224.43069353,910.9,5.853912378641359e-09,968.8,BID
585,1712306690.2027235,14261553.61569353,910.8,-1.7553226514370863e-08,968.8,ASK
586,1712306690.2127306,14261777.94909353,910.8,-1.1962194464907991e-08,968.8,ASK
587,1712306690.2828295,14261832.84588755,910.8,-2.927277550105339e-09,968.8,ASK
588,1712306690.2925916,14262474.15836242,910.8,-3.4196889706048435e-08,968.8,ASK
589,1712306700.1561725,14262474.15836242,910.8,-0.0,968.8,ASK
590,1712306717.022654,14264673.26450729,909.1,-1.1728805232693929e-07,968.8,ASK
591,1712306717.0354297,14264845.84898834,909.1,-9.204693321126947e-09,968.8,ASK
592,1712306717.040233,14265840.29683309,908.4,-5.303829973086595e-08,968.8,ASK
593,1712306717.045481,14267011.14466378,909.4,-6.244649079503201e-08,968.8,ASK
594,1712306724.5128238,14267027.06298631,910.9,8.489945108695871e-10,968.8,BID
595,1712306730.1223817,14267027.06298631,910.9,0.0,968.8,BID
596,1712306760.19267,14267027.06298631,910.9,0.0,968.8,BID
597,1712306787.117656,14267242.12049826,910.9,1.1467436535717966e-08,968.8,BID
598,1712306787.12672,14269562.36039826,910.9,1.237213411410251e-07,968.8,BID
599,1712306787.1291995,14270306.30989826,910.9,3.9669359138665753e-08,968.8,BID
600,1712306790.1899588,14270306.30989826,910.9,0.0,968.8,BID
601,1712306807.6925604,14271446.38338638,910.9,-6.07820588293819e-08,968.8,ASK
602,1712306814.3725555,14271679.5563496,910.9,-1.2431420356304042e-08,968.8,ASK
603,1712306814.6383424,14272077.68751543,910.9,-2.1226028142466538e-08,968.8,ASK
604,1712306820.1325653,14272077.68751543,910.9,-0.0,968.8,ASK
605,1712306850.1939409,14272077.68751543,910.9,-0.0,968.8,ASK
606,1712306864.7761712,14278449.72664174,908.3,-3.396906830930445e-07,968.8,ASK
607,1712306864.7818048,14284447.11823319,908.6,-3.197183830940789e-07,968.8,ASK
608,1712306864.787321,14291921.38733448,910.9,-3.9845009208355714e-07,968.8,ASK
609,1712306864.7905383,14293461.38733448,909.6,-8.209674196809031e-08,968.8,ASK
610,1712306864.8724794,14294568.68441228,908.3,5.902953407669004e-08,968.8,BID
611,1712306864.8925145,14295675.98149008,908.3,5.902953407669004e-08,968.8,BID
612,1712306864.9130888,14299914.74752147,908.3,2.259668059364517e-07,968.8,BID
613,1712306864.9171772,14300495.30322147,908.3,3.09491762993733e-08,968.8,BID
614,1712306880.193648,14300495.30322147,908.3,0.0,968.8,BID
615,1712306910.185814,14300495.30322147,908.3,0.0,968.8,BID
616,1712306940.1477325,14300495.30322147,908.3,0.0,968.8,BID
617,1712306970.1337008,14300495.30322147,908.3,0.0,968.8,BID
618,1712307000.1474235,14300495.30322147,908.3,0.0,968.8,BID
619,1712307030.133464,14300495.30322147,908.3,0.0,968.8,BID
620,1712307060.1899557,14300495.30322147,908.3,0.0,968.8,BID
621,1712307090.1824932,14300495.30322147,908.3,0.0,968.8,BID
622,1712307115.382965,14300500.89900817,911.4,2.981716776772947e-10,968.8,BID
623,1712307120.1344774,14300500.89900817,911.4,0.0,968.8,BID
624,1712307150.126633,14300500.89900817,911.4,0.0,968.8,BID
625,1712307180.1952794,14300500.89900817,911.4,0.0,968.8,BID
626,1712307210.2028835,14300500.89900817,911.4,0.0,968.8,BID
627,1712307236.7084222,14300518.89900817,910.0,-9.591303291887604e-10,968.8,ASK
628,1712307236.7129488,14300698.04533015,908.6,-9.545815042994677e-09,968.8,ASK
629,1712307240.1340275,14300698.04533015,908.6,-0.0,968.8,ASK
630,1712307270.1482782,14300698.04533015,908.6,-0.0,968.8,ASK
631,1712307298.3623643,14300704.62933102,911.3,3.508252577734197e-10,968.8,BID
632,1712307300.1515417,14300704.62933102,911.3,0.0,968.8,BID
633,1712307330.1261568,14300704.62933102,911.3,0.0,968.8,BID
634,1712307360.2025857,14300704.62933102,911.3,0.0,968.8,BID
635,1712307390.1992831,14300704.62933102,911.3,0.0,968.8,BID
636,1712307420.1191075,14300704.62933102,911.3,0.0,968.8,BID
637,1712307450.1345863,14300704.62933102,911.3,0.0,968.8,BID
638,1712307480.1930735,14300704.62933102,911.3,0.0,968.8,BID
639,1712307510.1888757,14300704.62933102,911.3,0.0,968.8,BID
640,1712307540.1331167,14300704.62933102,911.3,0.0,968.8,BID
641,1712307570.1480153,14300704.62933102,911.3,0.0,968.8,BID
642,1712307582.9633403,14303741.90231437,909.3,-1.618875365430615e-07,968.8,ASK
643,1712307582.9689338,14305281.16677429,909.3,-8.204324499991747e-08,968.8,ASK
644,1712307586.673513,14305296.97184508,911.1,8.424148863247324e-10,968.8,BID
645,1712307595.7131934,14305346.97184508,910.0,-2.6650145941856204e-09,968.8,ASK
646,1712307600.1837986,14305346.97184508,910.0,-0.0,968.8,ASK
647,1712307630.131361,14305346.97184508,910.0,-0.0,968.8,ASK
648,1712307660.191404,14305346.97184508,910.0,-0.0,968.8,ASK
649,1712307686.3736143,14305554.48078197,909.4,-1.1058574770612265e-08,968.8,ASK
650,1712307686.376369,14305575.79792249,909.4,-1.1360339263619532e-09,968.8,ASK
651,1712307690.2086885,14305575.79792249,909.4,-0.0,968.8,ASK
652,1712307690.8766422,14305597.77594446,909.9,1.1712406589083183e-09,968.8,BID
653,1712307690.9555385,14305648.19909986,909.9,2.687123064776744e-09,968.8,BID
654,1712307706.643482,14305951.53409986,909.8,1.6165161985717084e-08,968.8,BID
655,1712307706.6488302,14306771.10854045,909.8,4.36763103217183e-08,968.8,BID
656,1712307720.1272385,14306771.10854045,909.8,0.0,968.8,BID
657,1712307721.3737876,14306840.85384045,909.7,3.716612773272359e-09,968.8,BID
658,1712307721.380756,14306888.38394045,909.7,2.532801160470463e-09,968.8,BID
659,1712307721.5533576,14307196.03044045,909.7,-1.6393977967541615e-08,968.8,ASK
660,1712307721.5733483,14307202.99694045,909.7,-3.7123337183473575e-10,968.8,ASK
661,1712307721.5834384,14307462.00054045,909.7,-1.38018775182586e-08,968.8,ASK
662,1712307721.633602,14307479.21584045,909.7,-9.173751331312416e-10,968.8,ASK
663,1712307726.7334554,14307539.21584045,909.8,3.197301701973264e-09,968.8,BID
664,1712307736.7835186,14308391.04752229,909.4,-4.539271476903617e-08,968.8,ASK
665,1712307736.7882545,14311595.00507672,909.4,-1.7073364903047333e-07,968.8,ASK
666,1712307736.943704,14311874.62617672,909.3,-1.4900550315682538e-08,968.8,ASK
667,1712307741.48745,14312974.37323489,909.3,-5.860371901377939e-08,968.8,ASK
668,1712307741.4935732,14315116.12011589,909.3,-1.1413018246355842e-07,968.8,ASK
669,1712307750.1261694,14315116.12011589,909.3,-0.0,968.8,ASK
670,1712307780.18104,14315116.12011589,909.3,-0.0,968.8,ASK
671,1712307783.5903454,14315127.12969422,908.3,-5.864452356929758e-10,968.8,ASK
672,1712307783.5949514,14315237.18912631,908.6,-5.8625160433697335e-09,968.8,ASK
673,1712307783.5976107,14315677.57225963,908.3,-2.3457809433076762e-08,968.8,ASK
674,1712307783.6002498,14315902.22325599,908.3,-1.1966444359204923e-08,968.8,ASK
675,1712307783.6030486,14320620.90928246,908.3,-2.513494028470759e-07,968.8,ASK
676,1712307798.0576675,14320841.5625811,908.4,-1.1753499711141262e-08,968.8,ASK
677,1712307798.0625515,14322656.95607325,908.4,-9.670023977541805e-08,968.8,ASK
678,1712307798.1136923,14323170.07657325,908.3,-2.733229770748376e-08,968.8,ASK
679,1712307798.1192276,14323246.96699614,908.3,-4.095708375093166e-09,968.8,ASK
680,1712307798.1237917,14323519.75867325,908.3,-1.4530745372458664e-08,968.8,ASK
681,1712307798.1537073,14324647.39907408,908.4,6.00658191251904e-08,968.8,BID
682,1712307798.3372953,14325016.28687408,908.3,-1.964948032727505e-08,968.8,ASK
683,1712307798.3431716,14325557.58967408,908.3,-2.8833479230475363e-08,968.8,ASK
684,1712307799.8236585,14329123.1117369,908.4,1.899240246755802e-07,968.8,BID
685,1712307799.930239,14330990.76615074,908.4,9.948401292444405e-08,968.8,BID
686,1712307810.1942866,14330990.76615074,908.4,0.0,968.8,BID
687,1712307810.8635705,14331761.43663406,908.3,-4.101965936161721e-08,968.8,ASK
688,1712307811.703991,14331811.43663406,908.3,-2.661296899873185e-09,968.8,ASK
689,1712307828.2748272,14331832.68864702,908.3,-1.1311583241628702e-09,968.8,ASK
690,1712307828.2776034,14348199.03531292,908.2,-8.711141528842009e-07,968.8,ASK
691,1712307828.2803297,14349409.10962493,908.2,-6.440734030331018e-08,968.8,ASK
692,1712307835.1437628,14349633.49072493,908.0,-1.1942894516446008e-08,968.8,ASK
693,1712307835.1494074,14354692.93256471,908.0,-2.6929353766583986e-07,968.8,ASK
694,1712307835.1544178,14361737.86646471,908.0,-3.749732149576582e-07,968.8,ASK
695,1712307835.1570735,14383336.63336835,908.0,-1.149614628034851e-06,968.8,ASK
696,1712307835.2288013,14384100.98520225,908.0,-4.0683343319333176e-08,968.8,ASK
697,1712307835.2336054,14384647.05104612,908.0,-2.9064866748403266e-08,968.8,ASK
698,1712307835.238122,14385322.18540634,908.0,-3.593465959704212e-08,968.8,ASK
699,1712307837.400719,14385773.00112857,908.0,-2.39950896796404e-08,968.8,ASK
700,1712307837.4067235,14386037.18602857,908.0,-1.4061489107302949e-08,968.8,ASK
701,1712307837.4111376,14388899.19022857,908.0,-1.523328580976975e-07,968.8,ASK
702,1712307837.4138353,14390873.11232857,908.0,-1.0506385530642778e-07,968.8,ASK
703,1712307837.416545,14391571.05047129,908.0,-3.714841231041301e-08,968.8,ASK
704,1712307837.478635,14397736.49506896,907.7,-3.28161571882424e-07,968.8,ASK
705,1712307837.5535707,14399615.61615642,907.7,-1.000179824908644e-07,968.8,ASK
706,1712307837.55817,14400336.42391383,907.7,-3.836566900405684e-08,968.8,ASK
707,1712307837.5628195,14400356.42391383,907.7,-1.064518759949274e-09,968.8,ASK
708,1712307837.5677204,14400940.69131797,907.7,-3.109818062664371e-08,968.8,ASK
709,1712307837.6136873,14407523.10741342,907.6,-3.503552709699565e-07,968.8,ASK
710,1712307837.6993077,14408298.21538488,907.6,-4.1255848830249976e-08,968.8,ASK
711,1712307837.713526,14410285.80158282,907.6,-1.0579113973620273e-07,968.8,ASK
712,1712307837.7336805,14410566.59405747,907.6,-1.494544284586713e-08,968.8,ASK
713,1712307837.73921,14423260.05128573,907.6,-6.756211674048302e-07,968.8,ASK
714,1712307837.833991,14423480.46124767,907.4,-1.173152696818099e-08,968.8,ASK
715,1712307837.84094,14423921.28117273,907.4,-2.346305399931654e-08,968.8,ASK
716,1712307837.9336567,14423921.28117332,907.4,-3.142770816608517e-17,968.8,ASK
717,1712307837.9383662,14424021.28117332,907.3,-5.32259379974637e-09,968.8,ASK
718,1712307837.9430532,14425649.95966758,907.0,-8.668794055327015e-08,968.8,ASK
719,1712307837.947327,14425730.59873714,907.1,-4.292090116523295e-09,968.8,ASK
720,1712307837.9499984,14425881.23787715,907.0,-8.017909526157129e-09,968.8,ASK
721,1712307837.952736,14426112.51681871,907.0,-1.2310038603620152e-08,968.8,ASK
722,1712307837.9555266,14426123.54582499,906.7,-5.870292044331821e-10,968.8,ASK
723,1712307837.958285,14426674.99613931,906.7,-2.93514602387114e-08,968.8,ASK
724,1712307837.9610548,14428783.90573137,907.0,-1.1224869118926185e-07,968.8,ASK
725,1712307837.963825,14429993.36147628,906.7,-6.437441648920923e-08,968.8,ASK
726,1712307837.966576,14436600.87966812,907.0,-3.516913535960159e-07,968.8,ASK
727,1712307838.0675397,14436821.48412433,906.6,-1.1741879108224744e-08,968.8,ASK
728,1712307838.0703504,14436827.00144177,906.6,-2.936643958938272e-10,968.8,ASK
729,1712307838.0731854,14437646.15012917,906.6,-4.359995724625212e-08,968.8,ASK
730,1712307838.1594918,14437651.67049116,906.1,-2.9382644508841433e-10,968.8,ASK
731,1712307838.1643178,14437762.03358574,906.1,-5.87417922929288e-09,968.8,ASK
732,1712307838.1679351,14437817.03358574,905.5,-2.9274265898605034e-09,968.8,ASK
733,1712307838.1710093,14437872.25169728,905.5,-2.939035781125664e-09,968.8,ASK
734,1712307838.1737912,14439438.66353342,905.7,-8.337373926887333e-08,968.8,ASK
735,1712307838.1766362,14439449.70715572,905.5,-5.878071558087404e-10,968.8,ASK
736,1712307838.17946,14439592.64670208,906.0,-7.608091431927137e-09,968.8,ASK
737,1712307838.1822777,14440804.7679142,905.9,-6.451628848176818e-08,968.8,ASK
738,1712307838.185094,14440837.91342298,905.1,-1.7642007951767707e-09,968.8,ASK
739,1712307838.1879208,14440887.91342298,906.0,-2.661296899873185e-09,968.8,ASK
740,1712307838.19074,14440943.13153452,905.5,-2.9390357812248047e-09,968.8,ASK
741,1712307838.1935985,14442002.08183047,905.0,-5.6363622794596194e-08,968.8,ASK
742,1712307838.1964526,14442223.05188902,905.1,-1.1761338635635405e-08,968.8,ASK
743,1712307838.199302,14443292.57778917,905.4,-5.6926519248149584e-08,968.8,ASK
744,1712307838.3169684,14444332.0708731,905.0,-5.532799443403152e-08,968.8,ASK
745,1712307838.5337882,14444337.58819054,905.3,2.9366439599296817e-10,968.8,BID
746,1712307839.08367,14445246.32705289,905.3,4.836847834325869e-08,968.8,BID
747,1712307839.0899022,14447445.17439054,905.3,1.1703571205965424e-07,968.8,BID
748,1712307840.1624415,14447445.17439054,905.3,0.0,968.8,BID
749,1712307842.693982,14447922.34086086,905.3,2.5255556173849577e-08,968.8,BID
750,1712307842.7065823,14449294.74791594,905.6,7.263901725879711e-08,968.8,BID
751,1712307842.7141285,14451733.13362089,905.7,1.290593345828539e-07,968.8,BID
752,1712307842.7938397,14452336.14279143,906.0,3.1916182144293384e-08,968.8,BID
753,1712307842.8062265,14454487.65958991,905.7,1.1387588345527374e-07,968.8,BID
754,1712307842.8939004,14454763.02181785,906.0,1.457442349458182e-08,968.8,BID
755,1712307842.9041944,14456036.16721785,905.7,6.738527781629996e-08,968.8,BID
756,1712307842.9963129,14456537.4867686,906.0,2.653393493150017e-08,968.8,BID
757,1712307843.0024476,14457636.95956045,906.3,5.8193101534412766e-08,968.8,BID
758,1712307847.513899,14457682.92823839,906.3,2.4330387823910967e-09,968.8,BID
759,1712307847.5200112,14457958.29046633,906.3,1.457442349458182e-08,968.8,BID
760,1712307870.129187,14457958.29046633,906.3,0.0,968.8,BID
761,1712307875.9499335,14458915.15236633,906.3,5.0619452490377294e-08,968.8,BID
762,1712307875.9550972,14459283.83529276,906.3,1.9503888574070784e-08,968.8,BID
763,1712307875.9579563,14460641.95751482,906.3,7.184673493174104e-08,968.8,BID
764,1712307876.04521,14461393.38428838,906.3,3.9751621277963344e-08,968.8,BID
765,1712307876.0682645,14461393.38428839,906.3,4.92683832629109e-19,968.8,BID
766,1712307876.073529,14462919.38428838,906.5,8.072772518134733e-08,968.8,BID
767,1712307876.1275682,14463866.38808838,906.5,-5.0097943979448584e-08,968.8,ASK
768,1712307876.1443312,14464973.68517616,906.9,-5.85777031434447e-08,968.8,ASK
769,1712307876.1491854,14465302.00718838,906.5,-1.7368734714030682e-08,968.8,ASK
770,1712307888.6346498,14466687.91252106,906.5,-7.331650381697346e-08,968.8,ASK
771,1712307888.7536075,14467508.29510895,906.4,4.339948892469647e-08,968.8,BID
772,1712307888.75856,14468328.67769684,906.4,4.3399488924795e-08,968.8,BID
773,1712307898.9938412,14468494.63957262,906.4,8.779636106549492e-09,968.8,BID
774,1712307898.9989796,14468628.12529684,906.4,7.061598204806862e-09,968.8,BID
775,1712307900.1886446,14468628.12529684,906.4,0.0,968.8,BID
776,1712307909.133728,14468821.44798975,906.4,1.0227255542128949e-08,968.8,BID
777,1712307930.191646,14468821.44798975,906.4,0.0,968.8,BID
778,1712307960.1278627,14468821.44798975,906.4,0.0,968.8,BID
779,1712307990.12842,14468821.44798975,906.4,0.0,968.8,BID
780,1712308020.200372,14468821.44798975,906.4,0.0,968.8,BID
781,1712308046.4872365,14468828.06831414,906.3,3.502285254007689e-10,968.8,BID
782,1712308050.206214,14468828.06831414,906.3,0.0,968.8,BID
783,1712308056.2941844,14468850.16531999,905.1,-1.168975848032629e-09,968.8,ASK
784,1712308056.30022,14468970.95525157,905.1,-6.390029204111394e-09,968.8,ASK
785,1712308069.8556352,14469382.99628957,905.1,-2.1797795823350626e-08,968.8,ASK
786,1712308074.933792,14469382.99629012,905.1,-2.9068608945311287e-17,968.8,ASK
787,1712308075.0101953,14469388.67963629,905.0,-3.006603905984506e-10,968.8,ASK
788,1712308075.0155034,14471131.75117353,905.0,-9.221197397896957e-08,968.8,ASK
789,1712308075.020475,14474114.33530012,905.0,-1.57784671480986e-07,968.8,ASK
790,1712308075.024114,14475625.60240012,905.0,-7.994905517259696e-08,968.8,ASK
791,1712308080.1305463,14475625.60240012,905.0,-0.0,968.8,ASK
792,1712308080.573963,14475691.89341768,905.1,3.505786608183088e-09,968.8,BID
793,1712308089.0675092,14503390.14402491,905.0,-1.4648161941489872e-06,968.8,ASK
794,1712308102.4438195,14510175.0678727,905.0,-3.5881927957265013e-07,968.8,ASK
795,1712308110.1987257,14510175.0678727,905.0,-0.0,968.8,ASK
796,1712308123.2392757,14510679.1984727,905.0,-2.6616828804221613e-08,968.8,ASK
797,1712308123.2538342,14512391.2987727,905.0,-9.039459334704265e-08,968.8,ASK
798,1712308138.063843,14512409.2987727,905.1,9.503547661581715e-10,968.8,BID
799,1712308140.1417167,14519346.7891285,905.0,-3.662820569338837e-07,968.8,ASK
800,1712308140.1882348,14519346.7891285,905.0,-0.0,968.8,ASK
801,1712308157.4948692,14521002.4653285,905.1,8.737725038726384e-08,968.8,BID
802,1712308157.4981296,14523430.2040285,905.1,1.2812235403560625e-07,968.8,BID
803,1712308157.5012295,14525288.3050285,905.1,9.806008947990633e-08,968.8,BID
804,1712308157.56412,14525538.5093285,905.0,-1.3204371584860748e-08,968.8,ASK
805,1712308164.5568953,14525545.13843025,905.1,3.4984659655801083e-10,968.8,BID
806,1712308170.1756449,14525545.13843025,905.1,0.0,968.8,BID
807,1712308180.308871,14527164.18719284,905.0,-8.541897090079487e-08,968.8,ASK
808,1712308180.312889,14527292.6844304,905.0,-6.779352203304334e-09,968.8,ASK
809,1712308180.3158922,14527302.6844304,905.0,-5.275873888082649e-10,968.8,ASK
810,1712308180.3188827,14532329.3844304,905.0,-2.652023527322112e-07,968.8,ASK
811,1712308180.424062,14532882.05382356,904.7,-2.9158140201222484e-08,968.8,ASK
812,1712308180.4306066,14532887.58333936,904.6,-2.9173028018396646e-10,968.8,ASK
813,1712308180.437115,14533486.57825592,904.9,-3.160221639373826e-08,968.8,ASK
814,1712308180.5057929,14533495.18116456,904.2,-4.53878610611397e-10,968.8,ASK
815,1712308180.5122745,14535041.32811726,904.2,-8.157276334887802e-08,968.8,ASK
816,1712308180.5162132,14535047.32811726,904.4,-3.1655243328495887e-10,968.8,ASK
817,1712308180.5192316,14536544.69966322,904.2,-7.899943440084429e-08,968.8,ASK
818,1712308180.6039326,14536828.43260187,904.2,-1.496939202207916e-08,968.8,ASK
819,1712308180.609052,14537112.74794503,904.0,-1.500011894960063e-08,968.8,ASK
820,1712308180.6840894,14537412.74794503,903.5,-1.5827621664247945e-08,968.8,ASK
821,1712308180.690215,14537855.51969619,903.4,-2.336007920324628e-08,968.8,ASK
822,1712308180.6955254,14537861.05533142,903.6,-2.9205313369514424e-10,968.8,ASK
823,1712308180.7867925,14537937.58589282,904.2,4.037655905336123e-09,968.8,BID
824,1712308190.764161,14540818.475715,903.0,-1.5199211387279634e-07,968.8,ASK
825,1712308190.7710762,14541039.95965741,903.0,-1.1685213483904004e-08,968.8,ASK
1026,1712308191.2839384,14541055.66414756,904.2,8.285490950483723e-10,968.8,BID
826,1712308191.2839384,14541055.66414756,904.2,8.285490950483722e-10,968.8,BID
827,1712308191.4040716,14541071.14744771,904.2,8.168793896960779e-10,968.8,BID
828,1712308196.4243271,14541093.70882793,904.2,1.190309967750201e-09,968.8,BID
829,1712308200.199142,14541093.70882793,904.2,0.0,968.8,BID
830,1712308202.9602644,14553716.69497474,903.0,-6.658138173318667e-07,968.8,ASK
831,1712308202.9733045,14553722.23367477,903.1,-2.9214505726966636e-10,968.8,ASK
832,1712308202.9765012,14557427.96634404,903.0,-1.954631008734382e-07,968.8,ASK
833,1712308202.9796193,14557824.99927729,903.0,-2.094195539939745e-08,968.8,ASK
834,1712308204.063894,14557854.99927729,902.9,1.5823842542205871e-09,968.8,BID
835,1712308204.8039508,14558305.31912145,903.0,2.3752634358740496e-08,968.8,BID
836,1712308204.8110306,14558718.83244598,902.9,2.1811232454833016e-08,968.8,BID
837,1712308206.5538774,14558763.12923446,903.0,2.336484686783402e-09,968.8,BID
838,1712308207.934478,14560979.4412912,902.4,-1.1690191003419334e-07,968.8,ASK
839,1712308207.9377823,14561001.60441176,902.4,-1.169019099969576e-09,968.8,ASK
840,1712308207.9409096,14564736.42450678,903.0,1.969973503568453e-07,968.8,BID
841,1712308207.944034,14567063.29431287,903.0,1.227334047592904e-07,968.8,BID
842,1712308207.9471676,14567407.57186549,902.4,1.815931261156057e-08,968.8,BID
843,1712308207.9502838,14567695.99752469,902.4,1.5213340721051753e-08,968.8,BID
844,1712308207.9940302,14568235.24633066,902.3,-2.844329398913689e-08,968.8,ASK
845,1712308211.8560395,14568246.32052778,903.0,5.841211717449742e-10,968.8,BID
846,1712308215.3840322,14568434.62452778,903.0,9.932309486867414e-09,968.8,BID
847,1712308219.2042718,14568440.2231974,902.0,-2.9530822172121207e-10,968.8,ASK
848,1712308219.2110422,14568551.05108169,902.3,-5.845743300890368e-09,968.8,ASK
849,1712308219.21423,14568556.5959215,902.1,-2.924689069479093e-10,968.8,ASK
850,1712308219.217365,14568571.34711553,902.3,-7.780685721366083e-10,968.8,ASK
851,1712308219.2205057,14569475.03629842,902.0,-4.766611779051735e-08,968.8,ASK
852,1712308219.2236495,14569530.39485431,902.3,-2.9199502392569e-09,968.8,ASK
853,1712308229.5640094,14578120.23656007,902.3,4.530810087147304e-07,968.8,BID
854,1712308230.1451728,14578120.23656007,902.3,0.0,968.8,BID
855,1712308233.1192062,14578620.23656007,903.0,2.632665644547344e-08,968.8,BID
856,1712308233.2163053,14578870.76785493,903.0,1.3191302657234796e-08,968.8,BID
857,1712308233.2339995,14578870.76785494,903.0,4.903721892363101e-19,968.8,BID
858,1712308260.1943536,14578870.76785494,903.0,0.0,968.8,BID
859,1712308264.5047653,14578876.30606092,903.0,-2.9159448682067493e-10,968.8,ASK
860,1712308264.5116146,14578923.44670272,902.5,-2.482022392364389e-09,968.8,ASK
861,1712308290.187776,14578923.44670272,902.5,-0.0,968.8,ASK
862,1712308293.934625,14579212.57237827,902.6,-1.5222843327432378e-08,968.8,ASK
863,1712308300.6089752,14592199.88588488,902.6,-6.83798968664569e-07,968.8,ASK
864,1712308312.1846652,14592255.12839951,905.1,2.908590334078105e-09,968.8,BID
865,1712308317.8245437,14592266.17690243,905.1,5.81718066501795e-10,968.8,BID
866,1712308320.1350312,14592266.17690243,905.1,0.0,968.8,BID
867,1712308348.3146124,14592271.70115389,905.1,2.906747174780616e-10,968.8,BID
868,1712308350.1369264,14592271.70115389,905.1,0.0,968.8,BID
869,1712308378.6915145,14592892.14444014,905.0,3.264643740927643e-08,968.8,BID
870,1712308380.187075,14592892.14444014,905.0,0.0,968.8,BID
871,1712308407.1146123,14593159.74960631,902.7,-1.4080412171590105e-08,968.8,ASK
872,1712308410.1848648,14593159.74960631,902.7,-0.0,968.8,ASK
873,1712308410.2706008,14593199.09153499,902.8,-2.070003126441893e-09,968.8,ASK
874,1712308410.2776017,14593752.92405603,902.8,-2.9140285911330864e-08,968.8,ASK
875,1712308417.814782,14593764.00075603,902.8,-5.828083268758115e-10,968.8,ASK
876,1712308417.8220887,14595110.56416999,902.8,-7.085037694575804e-08,968.8,ASK
877,1712308417.827669,14595278.89480229,902.7,-8.856834090606144e-09,968.8,ASK
878,1712308425.7960625,14596278.89480229,902.7,-5.2615700242035135e-08,968.8,ASK
879,1712308431.775056,14597386.68255015,902.7,-5.8287028073296587e-08,968.8,ASK
880,1712308431.7826092,14599826.34301801,902.7,-1.2836444386923113e-07,968.8,ASK
881,1712308431.789953,14614997.60640536,902.5,-7.982466466817893e-07,968.8,ASK
1082,1712308431.7932632,14616010.59574182,902.6,-5.329914327550305e-08,968.8,ASK
882,1712308431.7932632,14616010.59574182,902.6,-5.3299143275503053e-08,968.8,ASK
883,1712308431.7965558,14616125.30182368,902.5,-6.035340819071867e-09,968.8,ASK
884,1712308440.150643,14616125.30182368,902.5,-0.0,968.8,ASK
885,1712308455.2525492,14616213.78044482,905.1,4.65029290357244e-09,968.8,BID
886,1712308470.141593,14616213.78044482,905.1,0.0,968.8,BID
887,1712308483.9746008,14616219.30580113,905.1,2.9040254884174447e-10,968.8,BID
888,1712308500.145403,14616219.30580113,905.1,0.0,968.8,BID
889,1712308502.5448546,14619628.72800572,905.1,1.793705308086858e-07,968.8,BID
890,1712308502.552035,14621014.63334836,905.1,7.291281690644321e-08,968.8,BID
891,1712308502.5576873,14624711.68675399,905.1,1.9450287820122494e-07,968.8,BID
892,1712308502.6445303,14625058.1081434,905.1,-1.8225313491053832e-08,968.8,ASK
893,1712308502.6501446,14625058.10814341,905.1,-4.899710699895703e-19,968.8,ASK
894,1712308523.5041485,14625060.10814341,906.3,1.0522048607956655e-10,968.8,BID
895,1712308530.1362042,14625060.10814341,906.3,0.0,968.8,BID
896,1712308560.139429,14625060.10814341,906.3,0.0,968.8,BID
897,1712308590.1261995,14625060.10814341,906.3,0.0,968.8,BID
898,1712308618.614085,14625085.53242089,906.2,1.337014564581072e-09,968.8,BID
899,1712308620.1865418,14625085.53242089,906.2,0.0,968.8,BID
900,1712308650.1842377,14625085.53242089,906.2,0.0,968.8,BID
901,1712308680.1178448,14625085.53242089,906.2,0.0,968.8,BID
902,1712308697.414165,14625793.66555535,905.1,-3.7239334255600914e-08,968.8,ASK
903,1712308697.420007,14626667.40299845,905.3,-4.594814041571252e-08,968.8,ASK
904,1712308697.4255917,14626700.54118468,905.3,-1.742672293721979e-09,968.8,ASK
905,1712308698.994188,14627804.0503438,905.1,-5.803138482131868e-08,968.8,ASK
906,1712308710.1366816,14627804.0503438,905.1,-0.0,968.8,ASK
907,1712308740.193974,14627804.0503438,905.1,-0.0,968.8,ASK
908,1712308764.881595,14629158.17952956,903.0,-7.120178724147125e-08,968.8,ASK
909,1712308764.892002,14629553.91964399,903.0,-2.0808504629294458e-08,968.8,ASK
910,1712308769.5542498,14630428.85429409,903.0,-4.600514593557873e-08,968.8,ASK
911,1712308770.187421,14630428.85429409,903.0,-0.0,968.8,ASK
912,1712308776.578933,14630866.32161914,903.0,-2.299970656178113e-08,968.8,ASK
1112,1712308776.578933,14630866.32161914,903.0,-2.2999706561781132e-08,968.8,ASK
913,1712308784.1644032,14631045.407291,903.0,-9.41537268352947e-09,968.8,ASK
914,1712308784.1720088,14631057.66738479,903.0,-6.445705620346296e-10,968.8,ASK
915,1712308784.1766963,14631075.10490062,903.0,-9.167718919910383e-10,968.8,ASK
916,1712308799.5873296,14631080.86966506,904.6,3.0308067119471437e-10,968.8,BID
917,1712308799.5926294,14631090.8200461,903.0,5.231381431395692e-10,968.8,BID
918,1712308800.1699555,14631090.8200461,903.0,0.0,968.8,BID
919,1712308810.3671534,14631096.8200461,902.8,3.1552464625411595e-10,968.8,BID
920,1712308812.314282,14631107.89669652,902.8,5.82492700821266e-10,968.8,BID
1120,1712308812.314282,14631107.89669652,902.8,5.824927008212661e-10,968.8,BID
921,1712308830.127067,14631107.89669652,902.8,0.0,968.8,BID
922,1712308843.8143427,14631126.87790724,902.7,-9.981724904891487e-10,968.8,ASK
923,1712308843.8219228,14631143.82705977,902.7,-8.91311836735933e-10,968.8,ASK
924,1712308860.1904037,14631143.82705977,902.7,-0.0,968.8,ASK
925,1712308860.9643674,14631401.79278601,902.7,-1.3565723283208209e-08,968.8,ASK
926,1712308861.0702477,14631906.8778751,902.5,-2.656106550651512e-08,968.8,ASK
927,1712308861.0844002,14631906.87787511,902.5,-4.897574774295284e-19,968.8,ASK
928,1712308890.340516,14631906.87787511,902.5,-0.0,968.8,ASK
929,1712308891.7848568,14632210.12903129,902.7,1.5946584627968678e-08,968.8,BID
930,1712308896.694425,14632653.58801133,902.0,-2.3319469720573283e-08,968.8,ASK
931,1712308896.7029488,14632774.45275634,902.0,-6.355721472322173e-09,968.8,ASK
932,1712308896.7074013,14633017.78305503,902.0,-1.279562211567485e-08,968.8,ASK
933,1712308905.323115,14633023.33096984,901.6,-2.9173934288899945e-10,968.8,ASK
934,1712308909.5241852,14633578.20834194,901.1,-2.9178450904547152e-08,968.8,ASK
935,1712308909.5375752,14633838.84356555,901.1,-1.3705608587606169e-08,968.8,ASK
936,1712308909.5411215,14633877.21957449,901.0,-2.018017942518308e-09,968.8,ASK
937,1712308909.5446622,14633957.69796568,901.0,-4.231988731682471e-09,968.8,ASK
938,1712308909.548443,14635066.96030622,901.5,-5.8331008563693184e-08,968.8,ASK
939,1712308909.5519562,14635088.60532787,901.0,-1.1382122128725707e-09,968.8,ASK
940,1712308909.5554717,14635094.15940293,900.6,-2.920632820239081e-10,968.8,ASK
941,1712308909.558998,14635316.18426971,900.8,-1.1675267366606104e-08,968.8,ASK
942,1712308909.5625155,14635447.77898728,901.0,-6.919961416660693e-09,968.8,ASK
943,1712308909.5660777,14636273.94023172,900.1,-4.3444022990094895e-08,968.8,ASK
944,1712308909.5695746,14636334.49578726,900.0,-3.184338365816016e-09,968.8,ASK
945,1712308909.5731058,14637881.49578726,900.2,-8.13496203288567e-08,968.8,ASK
946,1712308909.576635,14639546.03403252,900.1,-8.75304164672402e-08,968.8,ASK
947,1712308909.5801835,14639697.53515033,900.0,-7.966747519903211e-09,968.8,ASK
948,1712308909.5837264,14639754.01942985,900.1,-2.970248670598161e-09,968.8,ASK
949,1712308909.5872722,14641019.92531873,900.0,-6.656817287163877e-08,968.8,ASK
950,1712308909.5907955,14643834.64052089,900.0,-1.4801293667071218e-07,968.8,ASK
951,1712308909.594496,14644390.31956067,899.8,-2.922060692360101e-08,968.8,ASK
952,1712308909.6224737,14644422.31956067,899.0,-1.682732935050688e-09,968.8,ASK
953,1712308909.6276772,14644427.88129594,899.0,-2.924660973680916e-10,968.8,ASK
954,1712308909.631193,14644650.2023275,899.6,-1.1690841311225252e-08,968.8,ASK
955,1712308909.6347485,14645336.18080655,899.0,-3.607245560729943e-08,968.8,ASK
956,1712308909.6383028,14645558.650217,899.0,-1.169864387523202e-08,968.8,ASK
957,1712308909.641875,14646114.51458609,899.5,-2.9230352540214632e-08,968.8,ASK
958,1712308909.6454575,14647197.25474181,899.0,-5.6936328754180553e-08,968.8,ASK
959,1712308909.6490407,14647207.25474181,899.6,-5.2585404220334e-10,968.8,ASK
960,1712308909.6526313,14647212.93122875,899.5,-2.985003602488483e-10,968.8,ASK
961,1712308909.6562064,14647242.63132597,899.0,-1.561791617697891e-09,968.8,ASK
962,1712308909.6598437,14649467.57292125,898.9,-1.1699945315446217e-07,968.8,ASK
963,1712308909.6634626,14649503.73948776,899.0,-1.9018335191769803e-09,968.8,ASK
964,1712308909.667086,14650616.2102854,898.9,-5.8499726577182094e-08,968.8,ASK
965,1712308909.6750884,14651410.07217298,899.6,-4.1745548253598233e-08,968.8,ASK
966,1712308909.734198,14651723.9635354,898.4,-1.650610417409298e-08,968.8,ASK
967,1712308909.7380185,14651776.9635354,898.2,-2.7870264236777023e-09,968.8,ASK
968,1712308909.7436912,14652474.10164782,899.6,-3.6659289439017726e-08,968.8,ASK
969,1712308909.7497633,14653668.7864919,898.0,-6.282298544187237e-08,968.8,ASK
970,1712308909.814037,14655560.60944839,898.0,-9.94822748803024e-08,968.8,ASK
971,1712308909.9740524,14655573.25144839,899.8,6.647846801040967e-10,968.8,BID
972,1712308912.7842398,14656820.25155953,899.7,6.557400490711469e-08,968.8,BID
973,1712308913.945683,14656945.25211527,899.7,6.573204751389491e-09,968.8,BID
974,1712308914.227688,14657290.90276232,898.0,-1.817617899413214e-08,968.8,ASK
975,1712308914.2337835,14658100.25637907,898.0,-4.256018709398109e-08,968.8,ASK
1175,1712308914.2337835,14658100.25637907,898.0,-4.2560187093981093e-08,968.8,ASK
976,1712308914.396474,14658127.62960907,899.7,1.4394323644165421e-09,968.8,BID
1176,1712308914.396474,14658127.62960907,899.7,1.439432364416542e-09,968.8,BID
977,1712308914.5568526,14658212.25571219,899.7,4.450097840152907e-09,968.8,BID
978,1712308914.604402,14658462.78700703,899.7,-1.3174289408976508e-08,968.8,ASK
979,1712308914.6442504,14659200.57664541,899.7,-3.879696636376472e-08,968.8,ASK
980,1712308920.1933331,14659200.57664541,899.7,-0.0,968.8,ASK
981,1712308922.3568666,14660144.25896049,898.0,-4.9559925947892463e-08,968.8,ASK
982,1712308922.3606555,14661380.33913866,898.0,-6.491595859849469e-08,968.8,ASK
983,1712308922.379351,14661901.48506467,897.2,-2.7369330852532684e-08,968.8,ASK
984,1712308922.3829665,14661907.05299341,898.0,-2.924142283617852e-10,968.8,ASK
985,1712308922.386521,14663021.63168266,897.2,-5.8534992570810294e-08,968.8,ASK
1185,1712308922.386521,14663021.63168266,897.2,-5.853499257081029e-08,968.8,ASK
986,1712308922.3900816,14663085.24719489,898.0,-3.340933728280992e-09,968.8,ASK
987,1712308922.3936584,14667573.99747333,897.8,-2.357383706817659e-07,968.8,ASK
988,1712308922.7642517,14667587.02419938,898.0,6.84132327246254e-10,968.8,BID
989,1712308922.8429303,14667600.05085811,898.8,6.841287917763895e-10,968.8,BID
990,1712308922.855089,14668568.74209938,898.0,5.0873334613318083e-08,968.8,BID
991,1712308922.8600223,14669452.28809938,898.8,4.640171128763e-08,968.8,BID
992,1712308923.684206,14669842.64159938,898.8,2.050042715045981e-08,968.8,BID
993,1712308932.5364146,14669850.6877425,898.8,-4.225640883896626e-10,968.8,ASK
994,1712308932.5560088,14669865.87507362,898.8,-7.97602109951299e-10,968.8,ASK
995,1712308933.724251,14669891.39607362,898.8,1.340301550620769e-09,968.8,BID
996,1712308936.7002797,14671106.37617362,898.8,6.38078332314747e-08,968.8,BID
997,1712308937.3341346,14671106.37624217,898.8,3.6001299714749975e-15,968.8,BID
998,1712308937.344015,14671594.52377391,899.8,2.563633453559117e-08,968.8,BID
999,1712308938.0041993,14672678.53639156,899.8,5.6929735991465696e-08,968.8,BID
1000,1712308938.0157752,14674022.97117391,900.0,7.060648185342504e-08,968.8,BID
1201,1712308941.104733,14674479.56748584,900.2,2.3979340341204924e-08,968.8,BID
1202,1712308942.676035,14675034.99961203,900.2,2.916995963918581e-08,968.8,BID
1203,1712308949.437205,14676420.90495467,898.0,-7.278441595703584e-08,968.8,ASK
1204,1712308949.4398384,14677528.20204245,897.7,-5.815258037132409e-08,968.8,ASK
1205,1712308949.4423804,14677533.77617846,897.0,-2.927402193823667e-10,968.8,ASK
1206,1712308949.4451222,14677945.69357846,898.0,-2.1632911324471466e-08,968.8,ASK
1207,1712308949.4468365,14678007.75370885,897.0,-3.2592488143097112e-09,968.8,ASK
1208,1712308949.4480493,14678057.53536824,896.7,-2.61441304287872e-09,968.8,ASK
1209,1712308949.449229,14679506.53536824,896.9,-7.609799564003353e-08,968.8,ASK
1210,1712308949.450423,14679529.77697448,896.5,-1.220593271498966e-09,968.8,ASK
1211,1712308949.4516408,14680055.48947448,897.0,-2.7609156337334533e-08,968.8,ASK
1212,1712308949.4528315,14681853.02468646,896.0,-9.440222686272386e-08,968.8,ASK
1213,1712308949.4540305,14683323.02468646,897.5,-7.720086514206302e-08,968.8,ASK
1214,1712308949.4553823,14683546.16426026,896.3,-1.1718753840062762e-08,968.8,ASK
1215,1712308949.4566045,14685102.81060065,896.9,-8.17513225838381e-08,968.8,ASK
1216,1712308949.4624994,14685593.33456943,897.0,-2.576113929439878e-08,968.8,ASK
1217,1712308949.463739,14685604.49154812,896.3,-5.85937691954227e-10,968.8,ASK
1218,1712308949.4649696,14685660.26399653,896.5,-2.9290348764874797e-09,968.8,ASK
1219,1712308950.1403904,14685660.26399653,896.5,-0.0,968.8,ASK
1220,1712308952.47197,14685682.49362862,899.7,1.165991953525897e-09,968.8,BID
1221,1712308955.6941469,14685860.6334985,896.0,-9.343818829360242e-09,968.8,ASK
1222,1712308955.70407,14687881.61261296,896.0,-1.0600469572689586e-07,968.8,ASK
1223,1712308958.065297,14687903.84471611,899.6,1.1661215659078303e-09,968.8,BID
1224,1712308958.9584649,14688237.32626346,899.6,1.7491823495065643e-08,968.8,BID
1225,1712308962.9442592,14688248.44602327,899.3,5.832552879422346e-10,968.8,BID
1226,1712308967.4841835,14688257.54663314,896.5,-4.773465362231444e-10,968.8,ASK
1227,1712308967.4863422,14688557.08522979,896.5,-1.5711442819568343e-08,968.8,ASK
1228,1712308972.979302,14688579.32969647,899.1,1.1667700597480443e-09,968.8,BID
1229,1712308973.8344154,14695989.54427685,896.5,-3.886816722860393e-07,968.8,ASK
1230,1712308973.8372376,14697219.24108148,896.0,-6.45002388586396e-08,968.8,ASK
1231,1712308973.839707,14699150.60042124,896.5,-1.0130394603565984e-07,968.8,ASK
1232,1712308973.841902,14700547.41404247,896.0,-7.326587486529117e-08,968.8,ASK
1233,1712308973.8442266,14700552.99102987,896.9,-2.9252496883729937e-10,968.8,ASK
1234,1712308980.192849,14700552.99102987,896.9,-0.0,968.8,ASK
1235,1712308985.0945592,14700559.92311946,896.0,-3.6334855620500204e-10,968.8,ASK
1236,1712308985.0974948,14702343.89861339,896.0,-9.350786824843137e-08,968.8,ASK
1237,1712308985.1000035,14702857.88301339,896.0,-2.6940720722067787e-08,968.8,ASK
1238,1712308985.2262683,14703595.84671339,896.0,3.868069525984202e-08,968.8,BID
1239,1712308985.2295067,14704216.65784787,896.0,3.2540091479742115e-08,968.8,BID
1240,1712308985.2308242,14704954.62154787,896.0,3.868069525984202e-08,968.8,BID
1241,1712308990.3341982,14704976.87591528,898.7,1.1664725567916923e-09,968.8,BID
1242,1712308996.4341743,14705709.00345338,898.7,3.837479024045829e-08,968.8,BID
1243,1712309006.066337,14705754.6475538,896.1,-2.3924558061081086e-09,968.8,ASK
1244,1712309010.2134,14705754.6475538,896.1,-0.0,968.8,ASK
1245,1712309019.1188765,14706311.00673929,898.7,2.9154688561402504e-08,968.8,BID
1246,1712309023.9342656,14706351.00673929,896.1,-2.0961054888083157e-09,968.8,ASK
1247,1712309034.6197824,14706593.39109058,896.1,-1.2701579228447645e-08,968.8,ASK
1248,1712309040.1305344,14706593.39109058,896.1,-0.0,968.8,ASK
1249,1712309070.1377947,14706593.39109058,896.1,-0.0,968.8,ASK
1250,1712309078.035635,14706604.55055939,896.1,-5.84762520053186e-10,968.8,ASK
1251,1712309083.734526,14707381.30951979,896.1,-4.070261182228672e-08,968.8,ASK
1252,1712309083.7374938,14707492.90420788,896.1,-5.847625199458219e-09,968.8,ASK
1253,1712309083.7452252,14707994.45300788,896.1,-2.6281442708899665e-08,968.8,ASK
1254,1712309083.7469618,14712105.00123783,896.1,-2.153950678525991e-07,968.8,ASK
1255,1712309083.8543732,14717579.46931569,896.1,2.8686524451804845e-07,968.8,BID
1256,1712309090.6728046,14718457.38784587,896.0,-4.6003430880391616e-08,968.8,ASK
1257,1712309090.7041173,14718962.00634587,896.1,2.64422967367742e-08,968.8,BID
1258,1712309090.743968,14719702.47914587,896.1,3.88011963554759e-08,968.8,BID
1259,1712309096.004321,14719769.48149,896.1,3.510960984456577e-09,968.8,BID
1260,1712309096.8741362,14720242.31846695,896.1,2.4776926832172453e-08,968.8,BID
1261,1712309096.9140708,14720516.02168054,896.1,1.4342204242488097e-08,968.8,BID
1262,1712309097.0390878,14720516.02168055,896.1,5.856219986142932e-19,968.8,BID
1263,1712309100.1908636,14720516.02168055,896.1,0.0,968.8,BID
1264,1712309117.3511448,14720739.21105674,896.1,-1.1694408149853148e-08,968.8,ASK
1265,1712309117.3525798,14720789.21105674,896.0,-2.619839785738588e-09,968.8,ASK
1266,1712309117.3539715,14720839.0886631,896.0,-2.613426751199389e-09,968.8,ASK
1267,1712309130.214491,14720839.0886631,896.0,-0.0,968.8,ASK
1268,1712309142.2012217,14720855.77758165,898.8,8.744325923261802e-10,968.8,BID
1269,1712309144.5493212,14720866.90352735,898.8,5.829550614206599e-10,968.8,BID
1270,1712309147.514351,14721946.38575088,898.8,5.6560551612947774e-08,968.8,BID
1271,1712309147.5240314,14723332.29108355,898.8,7.261589713140045e-08,968.8,BID
1272,1712309147.6283429,14723522.62917163,898.8,-9.972954644457282e-09,968.8,ASK
1273,1712309147.631518,14724042.36297163,898.8,-2.72319726801126e-08,968.8,ASK
1274,1712309160.1241665,14724042.36297163,898.8,-0.0,968.8,ASK
1275,1712309161.2542274,14724804.10507163,898.8,3.990621980543713e-08,968.8,BID
1276,1712309163.6052368,14725730.02269122,898.8,-4.8507063019171223e-08,968.8,ASK
1277,1712309174.624616,14726601.40607524,898.8,-4.565011814032054e-08,968.8,ASK
1278,1712309182.8022609,14726608.07126075,900.2,3.4917639191837435e-10,968.8,BID
1279,1712309190.1301816,14726608.07126075,900.2,0.0,968.8,BID
1280,1712309220.207775,14726608.07126075,900.2,0.0,968.8,BID
1281,1712309250.1985636,14726608.07126075,900.2,0.0,968.8,BID
1282,1712309269.1279926,14726708.07126075,899.5,-5.238176975761703e-09,968.8,ASK
1283,1712309269.1305463,14726714.70847075,899.5,-3.4766880606900144e-10,968.8,ASK
1284,1712309269.1345243,14727426.32420772,898.8,-3.7275691689797453e-08,968.8,ASK
1285,1712309269.1369646,14728538.17655372,899.4,-5.8240793592700865e-08,968.8,ASK
1286,1712309275.5346196,14740518.1167127,898.8,6.275304671177186e-07,968.8,BID
1287,1712309280.1116674,14740518.1167127,898.8,0.0,968.8,BID
1288,1712309288.844737,14741904.02204537,896.3,-7.254865945703583e-08,968.8,ASK
1289,1712309288.8472884,14743011.31913315,896.3,-5.7964218367154616e-08,968.8,ASK
1290,1712309288.8497484,14743693.8426653,896.2,-3.5728390776883187e-08,968.8,ASK
1291,1712309307.611023,14743700.51897552,898.7,3.4948805319949806e-10,968.8,BID
1292,1712309308.124629,14744245.67401479,896.2,-2.853749557270564e-08,968.8,ASK
1293,1712309308.1298993,14744264.27519931,896.2,-9.73725239012281e-10,968.8,ASK
1294,1712309308.1349146,14744314.15978742,896.2,-2.6113327581523757e-09,968.8,ASK
1295,1712309310.129013,14744314.15978742,896.2,-0.0,968.8,ASK
1296,1712309320.5463176,14745541.15365245,896.5,-6.421860630694796e-08,968.8,ASK
1297,1712309320.5489078,14745569.376606,896.2,-1.4771375754481216e-09,968.8,ASK
1298,1712309320.5509424,14747992.41859984,896.2,-1.2681756959216877e-07,968.8,ASK
1299,1712309320.6211758,14748177.45633128,896.2,9.684535160177396e-09,968.8,BID
1300,1712309320.6233108,14748598.03843128,896.2,2.2012494984240586e-08,968.8,BID
1301,1712309328.0244584,14749030.15919984,896.2,-2.261640771328608e-08,968.8,ASK
1302,1712309328.0264976,14749784.16772171,896.2,-3.94634217807272e-08,968.8,ASK
1303,1712309330.834561,14750072.27412171,897.8,1.507896005303744e-08,968.8,BID
1304,1712309337.7157545,14750127.9658125,897.8,2.914800853885257e-09,968.8,BID
1305,1712309340.1945298,14750127.9658125,897.8,0.0,968.8,BID
1306,1712309344.0527463,14750199.69238661,897.8,3.7530135845893125e-09,968.8,BID
1307,1712309344.055443,14751241.79962849,897.8,5.4527107754851874e-08,968.8,BID
1308,1712309344.8047757,14751353.18301008,897.8,5.828012133486052e-09,968.8,BID
1309,1712309352.9444592,14752308.76587498,897.8,4.999981551710648e-08,968.8,BID
1310,1712309360.4967816,14766246.0100555,898.8,7.292508723629526e-07,968.8,BID
1311,1712309366.156314,14766926.0100555,898.8,-3.5580247198362346e-08,968.8,ASK
1312,1712309370.19451,14766926.0100555,898.8,-0.0,968.8,ASK
1313,1712309397.6745348,14767138.30174428,900.2,1.1099160631348677e-08,968.8,BID
1314,1712309397.6772213,14767370.25269004,900.6,1.2126997624610358e-08,968.8,BID
1315,1712309400.196586,14767370.25269004,900.6,0.0,968.8,BID
1316,1712309404.7344737,14767385.90891922,900.6,8.185311895979232e-10,968.8,BID
1317,1712309412.2244475,14767397.01262785,900.6,5.80518573629022e-10,968.8,BID
1318,1712309414.9947646,14767413.6681908,900.6,8.707778608330606e-10,968.8,BID
1319,1712309415.0947392,14767430.32375375,900.6,8.707778608330606e-10,968.8,BID
1320,1712309425.5145764,14768285.28926479,898.8,-4.469888174970336e-08,968.8,ASK
1321,1712309425.5164115,14774502.69340319,898.8,-3.250552318000769e-07,968.8,ASK
1322,1712309430.140998,14774502.69340319,898.8,-0.0,968.8,ASK
1323,1712309452.905944,14774541.03840319,897.8,-2.004062536000413e-09,968.8,ASK
1324,1712309452.9145727,14774699.28935428,897.8,-8.270825462466618e-09,968.8,ASK
1325,1712309453.4774325,14774845.55188491,897.8,7.64426282571341e-09,968.8,BID
1326,1712309456.0246334,14775700.51740592,897.8,4.4683905859891216e-08,968.8,BID
1327,1712309456.0274365,14777582.84806528,897.8,9.837810287447517e-08,968.8,BID
1328,1712309456.1250167,14778690.14514308,897.8,-5.787175876398671e-08,968.8,ASK
1329,1712309456.1284754,14779268.2690825,897.8,-3.021506136744454e-08,968.8,ASK
1330,1712309460.1875112,14779268.2690825,897.8,-0.0,968.8,ASK
1331,1712309463.404769,14779589.2806825,897.8,1.6773594910190872e-08,968.8,BID
1332,1712309470.2346623,14779851.7022825,897.9,1.3712132564859965e-08,968.8,BID
1333,1712309483.3444333,14779881.41505675,897.9,1.5525608387274572e-09,968.8,BID
1334,1712309490.1902423,14779881.41505675,897.9,0.0,968.8,BID
1335,1712309503.2846584,14780278.29295536,897.9,2.07371871036405e-08,968.8,BID
1336,1712309503.2884889,14782091.421739,897.9,9.473742670257544e-08,968.8,BID
1337,1712309517.4008052,14782148.17093407,897.9,2.965190755776993e-09,968.8,BID
1338,1712309520.1675358,14782148.17093407,897.9,0.0,968.8,BID
1339,1712309526.1346493,14782176.61936306,897.9,1.486295067235554e-09,968.8,BID
1340,1712309544.2297475,14783289.83321144,897.9,5.8160127302252176e-08,968.8,BID
1341,1712309550.1315897,14783289.83321144,897.9,0.0,968.8,BID
1342,1712309561.1445885,14783359.65334731,897.9,3.6475745683719294e-09,968.8,BID
1343,1712309567.0946412,14784130.87259346,897.9,4.0290378611890295e-08,968.8,BID
1344,1712309571.5845184,14786338.67057663,897.9,1.1534076345270733e-07,968.8,BID
1345,1712309571.6649263,14788133.74902288,897.9,9.377928597922857e-08,968.8,BID
1346,1712309571.684831,14788133.74902289,897.9,4.865456785257e-19,968.8,BID
1347,1712309577.1819124,14789206.71039628,898.2,-5.6054124926989e-08,968.8,ASK
1348,1712309580.2551675,14789206.71039628,898.2,-0.0,968.8,ASK
1349,1712309610.1391518,14789206.71039628,898.2,-0.0,968.8,ASK
1350,1712309629.975233,14789314.21415891,898.5,-5.614700880727069e-09,968.8,ASK
1351,1712309640.194424,14789314.21415891,898.5,-0.0,968.8,ASK
1352,1712309653.8563454,14790427.18021345,898.5,-5.812763952747392e-08,968.8,ASK
1353,1712309659.6145618,14790449.08601848,898.5,-1.144089465439978e-09,968.8,ASK
1354,1712309670.1944056,14790449.08601848,898.5,-0.0,968.8,ASK
1355,1712309691.1744974,14790515.23001848,900.8,3.454363973691e-09,968.8,BID
1356,1712309691.694516,14790522.58051848,900.8,3.838791483893266e-10,968.8,BID
1357,1712309700.1383014,14790522.58051848,900.8,0.0,968.8,BID
1358,1712309714.1345448,14791522.58051848,898.8,-5.228539983348063e-08,968.8,ASK
1359,1712309730.141276,14791522.58051848,898.8,-0.0,968.8,ASK
1360,1712309746.509041,14791579.24334293,899.3,-2.9624992120300667e-09,968.8,ASK
1361,1712309750.5448174,14791584.79396459,900.8,2.9020283501367516e-10,968.8,BID
1362,1712309760.194808,14791584.79396459,900.8,0.0,968.8,BID
1363,1712309790.1981618,14791584.79396459,900.8,0.0,968.8,BID
1364,1712309793.75297,14794881.79396459,899.3,-1.72376358249881e-07,968.8,ASK
1365,1712309800.1847813,14795598.48836459,900.7,3.747078272671807e-08,968.8,BID
1366,1712309800.188599,14797060.33347329,900.7,7.642934066210018e-08,968.8,BID
1367,1712309800.1914382,14797726.40807365,900.7,3.4824238378229795e-08,968.8,BID
1368,1712309819.4545405,14797738.40807365,900.7,6.27393478616491e-10,968.8,BID
1369,1712309820.136346,14797738.40807365,900.7,0.0,968.8,BID
1370,1712309839.9345644,14798267.45407365,900.7,2.7651994521394452e-08,968.8,BID
1371,1712309839.937609,14798848.65565886,900.7,3.037804472583148e-08,968.8,BID
1372,1712309850.135271,14798848.65565886,900.7,0.0,968.8,BID
1373,1712309880.1944706,14798848.65565886,900.7,0.0,968.8,BID
1374,1712309910.1931636,14798848.65565886,900.7,0.0,968.8,BID
1375,1712309940.1401815,14798848.65565886,900.7,0.0,968.8,BID
1376,1712309965.8048697,14798959.68041738,900.7,5.802700631091955e-09,968.8,BID
1377,1712309968.5944595,14799514.80420998,900.7,2.901350315555713e-08,968.8,BID
1378,1712309970.1410654,14799514.80420998,900.7,0.0,968.8,BID
1379,1712310000.151054,14799514.80420998,900.7,0.0,968.8,BID
1380,1712310004.4849346,14799762.09701744,900.7,1.2946310744484288e-08,968.8,BID
1381,1712310012.094667,14799773.19949329,900.7,5.81238507850858e-10,968.8,BID
1382,1712310030.131099,14799773.19949329,900.7,0.0,968.8,BID
1383,1712310050.994715,14800269.46372104,900.7,2.5980183934268014e-08,968.8,BID
1384,1712310051.0046215,14800331.86565682,900.7,3.266835848177942e-09,968.8,BID
1385,1712310060.185245,14800331.86565682,900.7,0.0,968.8,BID
1386,1712310077.1657536,14800420.34427796,900.7,-4.631867804690675e-09,968.8,ASK
1387,1712310077.2446494,14800492.18828356,900.7,-3.7610434274117815e-09,968.8,ASK
1388,1712310079.4544988,14809082.69345319,900.9,4.497141095612601e-07,968.8,BID
1389,1712310079.464434,14809473.15299198,900.8,2.0440609759154247e-08,968.8,BID
1390,1712310079.534581,14813327.44456625,902.0,2.017726861325825e-07,968.8,BID
1391,1712310085.7446065,14813827.44456625,903.0,-2.6175067745208466e-08,968.8,ASK
1392,1712310090.1931694,14813827.44456625,903.0,-0.0,968.8,ASK
1393,1712310101.691093,14814870.52373595,905.0,5.457058777258347e-08,968.8,BID
1394,1712310101.6942132,14818712.03865307,905.0,2.009758540425196e-07,968.8,BID
1395,1712310101.6972904,14819000.40455307,905.0,1.508638760481386e-08,968.8,BID
1396,1712310101.700357,14819993.12675307,905.0,5.193607112719097e-08,968.8,BID
1397,1712310101.8444474,14820332.52115307,905.4,-1.7756036581655373e-08,968.8,ASK
1398,1712310101.8468456,14820601.05465307,905.4,-1.404881945431843e-08,968.8,ASK
1399,1712310101.86455,14820640.46698958,906.3,2.061928213409288e-09,968.8,BID
1400,1712310101.866928,14820760.46698958,906.3,6.278018699763615e-09,968.8,BID
1401,1712310101.8691714,14821361.82898958,906.6,-3.1461349011046363e-08,968.8,ASK
1402,1712310101.871429,14822182.21157748,906.6,-4.291981023165905e-08,968.8,ASK
1403,1712310102.1046407,14822245.82708971,907.0,3.3281614614321314e-09,968.8,BID
1404,1712310102.1080463,14822939.53034117,906.9,3.629234987296885e-08,968.8,BID
1405,1712310108.694772,14822955.18657035,906.6,-8.190841629646653e-10,968.8,ASK
1406,1712310113.8157475,14824528.25296289,909.7,8.229783523608306e-08,968.8,BID
1407,1712310113.8199077,14824558.92996289,907.3,1.6049231638282e-09,968.8,BID
1408,1712310113.8239348,14824835.87689985,909.8,1.448898374227811e-08,968.8,BID
1409,1712310113.827056,14828741.75859338,909.9,2.0434331925875762e-07,968.8,BID
1410,1712310113.8288655,14828777.92515989,908.0,1.892119840453973e-09,968.8,BID
1411,1712310113.830696,14830308.7961471,911.1,8.009030570527185e-08,968.8,BID
1412,1712310113.8325355,14830352.11455965,909.0,2.2662817002639987e-09,968.8,BID
1413,1712310113.834379,14831502.47673877,909.6,6.018329393342318e-08,968.8,BID
1414,1712310113.8362565,14831524.63985933,909.3,1.1595040443581702e-09,968.8,BID
1415,1712310113.8381174,14831546.28488098,910.0,1.1323987556782563e-09,968.8,BID
1416,1712310113.8401785,14832995.28488098,908.6,7.580707579964568e-08,968.8,BID
1417,1712310113.842022,14835296.00923922,909.9,1.2036658786684636e-07,968.8,BID
1418,1712310113.84389,14836446.37141834,910.8,6.018329393352063e-08,968.8,BID
1419,1712310113.845758,14836467.98070036,911.0,1.1305289717752967e-09,968.8,BID
1420,1712310113.8476574,14836499.57541793,910.0,1.652935230966732e-09,968.8,BID
1421,1712310117.9314137,14836515.29056341,908.0,-8.221664766020066e-10,968.8,ASK
1422,1712310120.1209629,14836515.29056341,908.0,-0.0,968.8,ASK
1423,1712310124.5803463,14836906.90245597,908.0,-2.0465829921404112e-08,968.8,ASK
1424,1712310124.6165142,14837908.01983375,909.7,5.231888605582128e-08,968.8,BID
1425,1712310124.6207445,14840885.89262171,911.6,1.556250950591025e-07,968.8,BID
1426,1712310124.6248443,14841969.44218734,911.3,5.662683269551069e-08,968.8,BID
1427,1712310124.6289022,14842282.4452943,911.2,1.6357696161915515e-08,968.8,BID
1428,1712310124.6312325,14842798.10152347,909.5,2.694844790107161e-08,968.8,BID
1429,1712310124.6330404,14844205.10152347,910.3,7.35305113211474e-08,968.8,BID
1430,1712310124.6348708,14845203.02617906,909.5,5.2152032825535046e-08,968.8,BID
1431,1712310124.6367154,14848162.60716941,912.0,1.546691567283398e-07,968.8,BID
1432,1712310124.6385694,14851233.18489868,911.1,1.6046990084189105e-07,968.8,BID
1433,1712310124.6404335,14857188.9304746,911.9,3.112501901180104e-07,968.8,BID
1434,1712310124.814659,14857742.9304746,909.4,2.895231220463089e-08,968.8,BID
1435,1712310124.8179634,14858135.1653746,909.4,-2.0498388596281298e-08,968.8,ASK
1436,1712310124.8212268,14858688.46246238,909.4,-2.8915577666701042e-08,968.8,ASK
1437,1712310124.8244565,14858710.7274746,909.4,-1.16358047837596e-09,968.8,ASK
1438,1712310127.1647513,14858726.43196475,909.4,-8.207243715158771e-10,968.8,ASK
1439,1712310129.3505094,14859376.02786713,909.4,-3.3948201033471435e-08,968.8,ASK
1440,1712310129.354292,14859499.82346475,909.4,-6.4696187578737e-09,968.8,ASK
1441,1712310129.748874,14859828.80586696,909.4,-1.719278198311177e-08,968.8,ASK
1442,1712310129.7746048,14859839.80212823,909.4,5.746700168584033e-10,968.8,BID
1443,1712310130.958028,14859855.30856175,909.3,8.103738347741654e-10,968.8,BID
1444,1712310132.3245957,14859866.30361397,909.3,5.74606831386897e-10,968.8,BID
1445,1712310133.4454694,14860718.75222888,912.0,4.4549383460806123e-08,968.8,BID
1446,1712310133.4497638,14861080.81724314,909.3,1.892169554373008e-08,968.8,BID
1447,1712310133.4539926,14862550.81724314,909.4,7.682292227582567e-08,968.8,BID
1448,1712310133.4562354,14863120.99644314,909.3,2.9797845146143442e-08,968.8,BID
1449,1712310133.4581678,14863142.59638997,912.0,1.128823834364252e-09,968.8,BID
1450,1712310133.4617517,14864717.59638997,911.9,8.231027386695606e-08,968.8,BID
1451,1712310133.4637125,14864739.20112307,912.0,1.1290739671725323e-09,968.8,BID
1452,1712310133.465669,14866125.10646571,909.3,7.242809416279698e-08,968.8,BID
1453,1712310133.467648,14873963.28070393,911.8,4.096268369300293e-07,968.8,BID
1454,1712310133.4696,14873984.88304363,912.0,1.1289488868970507e-09,968.8,BID
1455,1712310133.4715664,14874007.1672008,914.0,1.1645810028924292e-09,968.8,BID
1456,1712310133.473551,14874034.01049321,914.3,1.4028436506166239e-09,968.8,BID
1457,1712310133.4755497,14874039.68698015,913.0,2.966559966478681e-10,968.8,BID
1458,1712310133.4775329,14876946.43167095,913.5,1.519079057530639e-07,968.8,BID
1459,1712310133.4795032,14877654.53897095,914.0,3.7006035422259895e-08,968.8,BID
1460,1712310133.4814718,14878399.00716794,912.2,3.8906273764751295e-08,968.8,BID
1461,1712310133.483473,14880113.55770655,914.9,8.96032535820832e-08,968.8,BID
1462,1712310134.1475327,14880966.10989805,908.1,-4.455479642425863e-08,968.8,ASK
1463,1712310135.8374166,14881834.02830101,909.2,-4.535784218530276e-08,968.8,ASK
1464,1712310135.8395245,14883389.15189189,910.0,-8.127152296024107e-08,968.8,ASK
1465,1712310150.118036,14883389.15189189,910.0,-0.0,968.8,ASK
1466,1712310154.5497625,14883449.98358372,913.8,3.172012901830977e-09,968.8,BID
1467,1712310158.0848467,14883465.49001724,910.1,-8.085687855957332e-10,968.8,ASK
1468,1712310161.20303,14883471.57318642,910.1,-3.1720128997913324e-10,968.8,ASK
1469,1712310163.8809483,14883903.5291297,910.1,-2.2523947368585047e-08,968.8,ASK
1470,1712310165.354619,14884695.24962937,913.6,4.1283540931872846e-08,968.8,BID
1471,1712310165.3590152,14885003.70863933,913.6,1.6084312795651433e-08,968.8,BID
1472,1712310167.4046276,14885019.14208941,913.6,8.047631309053103e-10,968.8,BID
1473,1712310167.7247083,14885032.82922007,910.1,-7.13702902817272e-10,968.8,ASK
1474,1712310169.9245496,14886147.59654343,910.1,-5.812852192486522e-08,968.8,ASK
1475,1712310169.986108,14886184.26247749,910.0,-1.911911577624297e-09,968.8,ASK
1476,1712310170.0644193,14886711.25884343,910.0,2.747974323426648e-08,968.8,BID
1477,1712310170.0745256,14886724.61454627,910.1,6.964209024399399e-10,968.8,BID
1478,1712310170.079149,14886884.88864627,910.0,8.357346273624964e-09,968.8,BID
1479,1712310180.1882577,14886884.88864627,910.0,0.0,968.8,BID
1480,1712310189.6846614,14887240.91831659,909.1,1.8561758120140043e-08,968.8,BID
1481,1712310192.0746756,14887295.91776659,909.1,2.867419692077693e-09,968.8,BID
1482,1712310192.114524,14887350.91721659,909.1,2.867419692077693e-09,968.8,BID
1483,1712310192.1544583,14887405.91666659,909.1,2.867419692077693e-09,968.8,BID
1484,1712310210.1902432,14887405.91666659,909.1,0.0,968.8,BID
1485,1712310231.8559618,14887428.13395164,905.1,-1.1582789915458243e-09,968.8,ASK
1486,1712310234.3147793,14888889.91666659,905.1,-7.62087809160676e-08,968.8,ASK
1487,1712310234.319415,14888915.34213724,903.0,-1.325534980440017e-09,968.8,ASK
1488,1712310234.3234994,14892756.85705436,905.0,-2.002740665288677e-07,968.8,ASK
1489,1712310234.3974824,14894184.85705436,900.9,7.444754821298648e-08,968.8,BID
1490,1712310234.4146578,14896310.11463334,900.9,1.1079847064155581e-07,968.8,BID
1491,1712310240.1279447,14896310.11463334,900.9,0.0,968.8,BID
1492,1712310242.304634,14896651.21617533,901.1,-1.7775580326112858e-08,968.8,ASK
1493,1712310270.1337566,14896651.21617533,901.1,-0.0,968.8,ASK
1494,1712310282.104539,14897320.23226105,902.5,-3.4863397630611645e-08,968.8,ASK
1495,1712310282.107509,14898881.23226105,902.5,-8.134597188771764e-08,968.8,ASK
1496,1712310300.1512043,14898881.23226105,902.5,-0.0,968.8,ASK
1497,1712310318.3895557,14898934.80072299,902.5,-2.792049579056272e-09,968.8,ASK
1498,1712310330.127955,14898934.80072299,902.5,-0.0,968.8,ASK
1499,1712310360.1951127,14898934.80072299,902.5,-0.0,968.8,ASK
1500,1712310378.3857677,14899104.01897123,902.5,-8.819826650483034e-09,968.8,ASK
1501,1712310390.1893027,14899104.01897123,902.5,-0.0,968.8,ASK
1502,1712310420.1436915,14899104.01897123,902.5,-0.0,968.8,ASK
1503,1712310434.1759515,14899115.55033654,902.5,-6.010216662428805e-10,968.8,ASK
1504,1712310450.159159,14899115.55033654,902.5,-0.0,968.8,ASK
1505,1712310461.1947043,14899319.91938743,902.5,-1.0651831554916226e-08,968.8,ASK
1506,1712310461.3050208,14899342.08250799,902.4,-1.1551544909163143e-09,968.8,ASK
1507,1712310480.2065065,14899342.08250799,902.4,-0.0,968.8,ASK
1508,1712310510.199326,14899342.08250799,902.4,-0.0,968.8,ASK
1509,1712310526.1546154,14899633.29280799,902.5,1.5177885283377213e-08,968.8,BID
