,time,acc_trade_volume,trade_price,dev,high,ask_bid
0,1712300395.4513865,16028801.35827646,122.9,0.0,127.5,ASK
1,1712300400.3951387,16028801.35827646,122.9,-0.0,127.5,ASK
2,1712300413.8792238,16029562.54674275,123.0,9.738043065873936e-08,127.5,BID
3,1712300413.8806524,16029614.36640654,123.0,6.629397842785105e-09,127.5,BID
4,1712300430.327855,16029614.36640654,123.0,0.0,127.5,BID
5,1712300455.6553886,16037744.44770735,123.0,1.0400849789932115e-06,127.5,BID
6,1712300460.445341,16037744.44770735,123.0,0.0,127.5,BID
7,1712300469.3455524,16037988.54860238,122.9,-3.122394344323368e-08,127.5,ASK
8,1712300469.3553016,16043681.40599735,122.9,-7.281966635510002e-07,127.5,ASK
9,1712300469.425555,16043681.40599792,122.9,-7.29071181687743e-17,127.5,ASK
10,1712300490.4255438,16043681.40599792,122.9,-0.0,127.5,ASK
11,1712300520.3057914,16043681.40599792,122.9,-0.0,127.5,ASK
12,1712300532.3163,16127797.51937602,122.4,-1.0758631821705682e-05,127.5,ASK
13,1712300543.2157707,16128121.93137926,122.9,4.149299297399207e-08,127.5,BID
14,1712300550.298132,16128121.93137926,122.9,0.0,127.5,BID
15,1712300580.4057925,16128121.93137926,122.9,0.0,127.5,BID
16,1712300610.437681,16128121.93137926,122.9,0.0,127.5,BID
17,1712300640.316299,16128121.93137926,122.9,0.0,127.5,BID
18,1712300670.326244,16128121.93137926,122.9,0.0,127.5,BID
19,1712300700.4360063,16128121.93137926,122.9,0.0,127.5,BID
20,1712300724.9000392,16128169.92237926,122.4,-6.140329474399184e-09,127.5,ASK
21,1712300724.900643,16128415.02041847,122.4,-3.1359686488414375e-08,127.5,ASK
22,1712300724.907256,16128456.70056337,122.3,-5.3328712095183665e-09,127.5,ASK
23,1712300724.907909,16141850.56741488,122.3,-1.7137120585910703e-06,127.5,ASK
24,1712300724.9085038,16150609.25424002,122.4,-1.120652265403959e-06,127.5,ASK
25,1712300724.9091156,16158785.86912145,122.3,-1.0461776032352033e-06,127.5,ASK
26,1712300724.9097111,16159449.4961072,122.4,-8.490942761288131e-08,127.5,ASK
27,1712300724.9103072,16165088.73699369,122.3,-7.21526891047601e-07,127.5,ASK
28,1712300730.4262023,16165088.73699369,122.3,-0.0,127.5,ASK
29,1712300730.9114656,16165129.66170727,122.2,-5.23318782644299e-09,127.5,ASK
30,1712300730.9128425,16193991.46862184,122.2,-3.690661299133519e-06,127.5,ASK
31,1712300730.914085,16201172.62213776,122.2,-9.182794910516688e-07,127.5,ASK
32,1712300734.436332,16201276.80791508,122.2,-1.3322603723728224e-08,127.5,ASK
33,1712300748.686381,16207918.48570003,122.2,-8.492948218655721e-07,127.5,ASK
34,1712300748.706382,16226634.56262095,122.2,-2.393290931787757e-06,127.5,ASK
35,1712300748.7077904,16227044.06303045,122.1,-5.236426526551432e-08,127.5,ASK
36,1712300748.7163856,16231139.06712545,122.1,-5.236426526568104e-07,127.5,ASK
37,1712300748.7175095,16231302.86728925,122.1,-2.094570610625336e-08,127.5,ASK
38,1712300748.7863674,16234764.29713035,122.1,4.426252726319131e-07,127.5,BID
39,1712300754.066291,16254666.01703205,122.1,-2.544903291911332e-06,127.5,ASK
40,1712300754.186155,16254666.01703267,122.1,7.931494603747271e-17,127.5,BID
41,1712300754.1961162,16260509.11284767,122.1,7.471773217589917e-07,127.5,BID
42,1712300760.2862608,16260509.11284767,122.1,0.0,127.5,BID
43,1712300790.2975984,16260509.11284767,122.1,0.0,127.5,BID
44,1712300820.4063952,16260509.11284767,122.1,0.0,127.5,BID
45,1712300850.426602,16260509.11284767,122.1,0.0,127.5,BID
46,1712300876.366556,16264600.02398505,122.1,-5.223406604855848e-07,127.5,ASK
47,1712300876.3674252,16276873.59369549,122.1,-1.5671287627071145e-06,127.5,ASK
48,1712300876.4866958,16278674.983035,122.1,-2.300071709683273e-07,127.5,ASK
49,1712300880.2564983,16278674.983035,122.1,-0.0,127.5,ASK
50,1712300891.512405,16285934.94986607,122.0,-9.267134072366204e-07,127.5,ASK
51,1712300910.296707,16285934.94986607,122.0,-0.0,127.5,ASK
52,1712300926.98953,16308917.94986607,122.1,2.933380689053177e-06,127.5,BID
53,1712300940.4071238,16308917.94986607,122.1,0.0,127.5,BID
54,1712300951.3592696,16316892.43152476,122.1,-1.017439638878362e-06,127.5,ASK
55,1712300970.4406967,16316892.43152476,122.1,-0.0,127.5,ASK
56,1712300975.1870575,16321913.61274079,122.1,-6.405575238552048e-07,127.5,ASK
57,1712300982.399383,16353657.33764842,122.1,-4.049581353457557e-06,127.5,ASK
58,1712301000.331078,16353657.33764842,122.1,-0.0,127.5,ASK
59,1712301011.587077,16366379.63204468,122.0,-1.624619922974594e-06,127.5,ASK
60,1712301016.0670788,16366461.53212658,122.1,1.0458530560769064e-08,127.5,BID
61,1712301030.286964,16366461.53212658,122.1,0.0,127.5,BID
62,1712301035.7972877,16374651.54031658,122.1,1.045644470285225e-06,127.5,BID
63,1712301060.446985,16374651.54031658,122.1,0.0,127.5,BID
64,1712301065.798672,16375056.27900447,122.1,5.1667682749353784e-08,127.5,BID
65,1712301090.427183,16375056.27900447,122.1,0.0,127.5,BID
66,1712301103.5274808,16375651.54031658,122.1,-7.598872932573143e-08,127.5,ASK
67,1712301103.5297291,16376342.84829464,122.0,-8.824967078624628e-08,127.5,ASK
68,1712301113.907314,16380427.06742791,122.3,5.213754294308356e-07,127.5,BID
69,1712301120.2671046,16380427.06742791,122.3,0.0,127.5,BID
70,1712301148.6792028,16389699.18467548,122.2,1.1835430064821857e-06,127.5,BID
71,1712301150.3288443,16389699.18467548,122.2,0.0,127.5,BID
72,1712301180.4067411,16389699.18467548,122.2,0.0,127.5,BID
73,1712301210.4260094,16389699.18467548,122.2,0.0,127.5,BID
74,1712301226.5154035,16390427.06742748,122.2,9.289744086042157e-08,127.5,BID
75,1712301226.6193807,16390427.06742791,122.2,5.491417045459795e-17,127.5,BID
76,1712301240.295138,16390427.06742791,122.2,0.0,127.5,BID
77,1712301264.2947257,16392878.04782006,122.4,3.1280755133023296e-07,127.5,BID
78,1712301270.274255,16392878.04782006,122.4,0.0,127.5,BID
79,1712301277.6541798,16394512.03474816,122.4,2.085303834164255e-07,127.5,BID
80,1712301300.3434668,16394512.03474816,122.4,0.0,127.5,BID
81,1712301330.286131,16394512.03474816,122.4,0.0,127.5,BID
82,1712301360.312142,16394512.03474816,122.4,0.0,127.5,BID
83,1712301384.0518222,16394593.86780871,122.2,-1.0445778007598896e-08,127.5,ASK
84,1712301389.0951736,16402780.52355984,122.2,1.0450053807676314e-06,127.5,BID
85,1712301389.0969796,16428363.82278211,122.2,3.26564181489757e-06,127.5,BID
86,1712301390.2833345,16428363.82278211,122.2,0.0,127.5,BID
87,1712301393.5018215,16434903.30796711,122.2,8.343077828378426e-07,127.5,BID
88,1712301393.5916317,16482711.24107111,122.2,6.099338027640771e-06,127.5,BID
89,1712301393.6724498,16496445.77196711,122.2,1.7522520039411872e-06,127.5,BID
90,1712301393.71154,16496445.77196755,122.2,5.631981329834461e-17,127.5,BID
91,1712301420.421272,16496445.77196755,122.2,0.0,127.5,BID
92,1712301450.4104662,16496445.77196755,122.2,0.0,127.5,BID
93,1712301480.3133962,16496445.77196755,122.2,0.0,127.5,BID
94,1712301510.312122,16496445.77196755,122.2,0.0,127.5,BID
95,1712301540.42926,16496445.77196755,122.2,0.0,127.5,BID
96,1712301570.4285412,16496445.77196755,122.2,0.0,127.5,BID
97,1712301600.3081336,16496445.77196755,122.2,0.0,127.5,BID
98,1712301630.2976992,16496445.77196755,122.2,0.0,127.5,BID
99,1712301660.4071374,16496445.77196755,122.2,0.0,127.5,BID
100,1712301690.450192,16496445.77196755,122.2,0.0,127.5,BID
101,1712301693.2168522,16496490.77196755,122.8,5.741607006979194e-09,127.5,BID
102,1712301720.3066957,16496490.77196755,122.8,0.0,127.5,BID
103,1712301750.2784646,16496490.77196755,122.8,0.0,127.5,BID
104,1712301780.4458506,16496490.77196755,122.8,0.0,127.5,BID
105,1712301810.4256425,16496490.77196755,122.8,0.0,127.5,BID
106,1712301840.305089,16496490.77196755,122.8,0.0,127.5,BID
107,1712301870.3550074,16496490.77196755,122.8,0.0,127.5,BID
108,1712301900.4345913,16496490.77196755,122.8,0.0,127.5,BID
109,1712301930.424466,16496490.77196755,122.8,0.0,127.5,BID
110,1712301934.368051,16496654.03727367,122.5,-2.09222389471069e-08,127.5,ASK
111,1712301934.3743982,16499737.71074305,122.5,-3.95168788121078e-07,127.5,ASK
112,1712301934.376397,16506566.50042983,122.5,-8.751006134906031e-07,127.5,ASK
113,1712301947.2545226,16522893.03104207,122.5,2.0922238947558034e-06,127.5,BID
114,1712301960.304042,16522893.03104207,122.5,0.0,127.5,BID
115,1712301971.4040186,16537591.09670207,122.5,1.882757862414396e-06,127.5,BID
116,1712301971.5167704,16537591.09670297,122.5,1.1524220073513186e-16,127.5,BID
117,1712301978.6764398,16537636.09670297,122.7,5.7643029884680734e-09,127.5,BID
118,1712301990.2956705,16537636.09670297,122.7,0.0,127.5,BID
119,1712302020.4435267,16537636.09670297,122.7,0.0,127.5,BID
120,1712302050.423254,16537636.09670297,122.7,0.0,127.5,BID
121,1712302080.2935617,16537636.09670297,122.7,0.0,127.5,BID
122,1712302110.290208,16537636.09670297,122.7,0.0,127.5,BID
123,1712302140.42271,16537636.09670297,122.7,0.0,127.5,BID
124,1712302153.562581,16540936.09670297,122.5,-4.226177819269721e-07,127.5,ASK
125,1712302170.4071395,16540936.09670297,122.5,-0.0,127.5,ASK
126,1712302185.0369742,16545017.72935603,122.5,-5.226912849105799e-07,127.5,ASK
127,1712302195.5624237,16545385.63846195,122.5,-4.71142064093199e-08,127.5,ASK
128,1712302195.5646956,16553017.13597849,122.5,-9.772847244650188e-07,127.5,ASK
129,1712302200.522233,16553017.13597849,122.5,-0.0,127.5,ASK
130,1712302230.4320073,16553017.13597849,122.5,-0.0,127.5,ASK
131,1712302244.8959794,16553098.56920324,122.8,1.0435204456942896e-08,127.5,BID
132,1712302260.2919312,16553098.56920324,122.8,0.0,127.5,BID
133,1712302266.5617695,16554784.93646006,122.6,-2.160980928606533e-07,127.5,ASK
134,1712302290.286164,16554784.93646006,122.6,-0.0,127.5,ASK
135,1712302320.401414,16554784.93646006,122.6,-0.0,127.5,ASK
136,1712302350.4112668,16554784.93646006,122.6,-0.0,127.5,ASK
137,1712302362.7915213,16555029.6346656,122.6,3.135581197711081e-08,127.5,BID
138,1712302370.9013393,16557994.30420922,122.5,-3.798949836141832e-07,127.5,ASK
139,1712302380.3012414,16557994.30420922,122.5,-0.0,127.5,ASK
140,1712302391.681237,16558074.32728916,122.5,-1.0253701014935142e-08,127.5,ASK
141,1712302410.2743876,16558074.32728916,122.5,-0.0,127.5,ASK
142,1712302438.9110065,16559617.1109616,122.6,1.9768325149922493e-07,127.5,BID
143,1712302438.9198391,16560113.47900204,122.6,6.360168954826767e-08,127.5,BID
144,1712302438.9908292,16560455.79928466,122.6,4.386291333727109e-08,127.5,BID
145,1712302438.992964,16563502.52645678,122.6,3.90389751055547e-07,127.5,BID
146,1712302440.4107826,16563502.52645678,122.6,0.0,127.5,BID
147,1712302470.4209104,16563502.52645678,122.6,0.0,127.5,BID
148,1712302500.3019428,16563502.52645678,122.6,0.0,127.5,BID
149,1712302527.5227182,16565100.43440715,122.6,2.052237367619497e-07,127.5,BID
150,1712302527.5237253,16567549.81726878,122.6,3.145810141991754e-07,127.5,BID
151,1712302527.5308118,16567549.81726908,122.6,3.851517143363692e-17,127.5,BID
152,1712302530.3203592,16567549.81726908,122.6,0.0,127.5,BID
153,1712302538.5903482,16567594.81726908,122.8,5.779106147293994e-09,127.5,BID
154,1712302560.4102366,16567594.81726908,122.8,0.0,127.5,BID
155,1712302574.4703977,16569703.11197072,122.6,-2.707566716412622e-07,127.5,ASK
156,1712302590.4002342,16569703.11197072,122.6,-0.0,127.5,ASK
157,1712302620.3099174,16569703.11197072,122.6,-0.0,127.5,ASK
158,1712302650.2900407,16569703.11197072,122.6,-0.0,127.5,ASK
159,1712302655.803132,16571403.11197072,122.6,2.1831438595404386e-07,127.5,BID
160,1712302680.4017344,16571403.11197072,122.6,0.0,127.5,BID
161,1712302688.4896903,16571445.6784068,122.6,-5.46624507919386e-09,127.5,ASK
162,1712302693.7097738,16574533.95547038,122.8,3.965866268646624e-07,127.5,BID
163,1712302693.7121036,16575337.1683208,122.8,1.0314601586719505e-07,127.5,BID
164,1712302693.7295344,16575337.16832178,122.8,1.2605571799681696e-16,127.5,BID
165,1712302710.419634,16575337.16832178,122.8,0.0,127.5,BID
166,1712302740.2740543,16575337.16832178,122.8,0.0,127.5,BID
167,1712302770.2992945,16575337.16832178,122.8,0.0,127.5,BID
168,1712302800.309174,16575337.16832178,122.8,0.0,127.5,BID
169,1712302830.2991931,16575337.16832178,122.8,0.0,127.5,BID
170,1712302860.4088943,16575337.16832178,122.8,0.0,127.5,BID
171,1712302890.418727,16575337.16832178,122.8,0.0,127.5,BID
172,1712302920.3208392,16575337.16832178,122.8,0.0,127.5,BID
173,1712302930.8087592,16584377.60463269,122.6,-1.162236031660948e-06,127.5,ASK
174,1712302930.8887792,16591692.93858748,122.6,9.404573422665632e-07,127.5,BID
175,1712302936.668604,16592507.27083503,122.8,-1.0469033211435745e-07,127.5,ASK
176,1712302950.288627,16592507.27083503,122.8,-0.0,127.5,ASK
177,1712302980.4084828,16592507.27083503,122.8,-0.0,127.5,ASK
178,1712303010.398203,16592507.27083503,122.8,-0.0,127.5,ASK
179,1712303040.313765,16592507.27083503,122.8,-0.0,127.5,ASK
180,1712303041.0483506,16604692.64260349,122.6,-1.5661242126132149e-06,127.5,ASK
181,1712303050.7280724,16616855.90790961,122.6,-1.563282980799774e-06,127.5,ASK
182,1712303070.224247,16617855.90790961,122.8,1.2852494305236818e-07,127.5,BID
183,1712303070.2886732,16617855.90790961,122.8,0.0,127.5,BID
184,1712303100.3201163,16617855.90790961,122.8,0.0,127.5,BID
185,1712303108.8306715,16618668.91603969,123.0,1.0487661159416677e-07,127.5,BID
186,1712303108.8325598,16618848.71095023,123.0,2.3193225629025305e-08,127.5,BID
187,1712303111.2178593,16620477.37544534,123.0,2.1009484081530365e-07,127.5,BID
188,1712303115.1389213,16626515.83332238,123.0,7.789503917198933e-07,127.5,BID
189,1712303115.349573,16628007.38892928,123.0,1.9240803660886585e-07,127.5,BID
190,1712303129.267994,16629283.7549994,123.0,1.6464896676319438e-07,127.5,BID
191,1712303130.287876,16629283.7549994,123.0,0.0,127.5,BID
192,1712303133.589845,16632710.7549994,123.0,4.419967976997358e-07,127.5,BID
193,1712303158.7179708,16633728.79698283,122.5,-1.3130180817055158e-07,127.5,ASK
194,1712303158.7206442,16633812.75989533,122.6,-1.082910372060139e-08,127.5,ASK
195,1712303160.3197603,16633812.75989533,122.6,-0.0,127.5,ASK
196,1712303161.4115264,16633861.58007433,122.9,6.296123153401412e-09,127.5,BID
197,1712303190.3091488,16633861.58007433,122.9,0.0,127.5,BID
198,1712303220.4242957,16633861.58007433,122.9,0.0,127.5,BID
199,1712303225.5579207,16633922.50615069,122.6,7.857361260125748e-09,127.5,BID
200,1712303250.4280183,16633922.50615069,122.6,0.0,127.5,BID
201,1712303270.813885,16633967.50615069,122.6,5.803441436261789e-09,127.5,BID
202,1712303280.268318,16633967.50615069,122.6,0.0,127.5,BID
203,1712303310.2985456,16633967.50615069,122.6,0.0,127.5,BID
204,1712303340.4212334,16633967.50615069,122.6,0.0,127.5,BID
205,1712303345.9590588,16634914.56964275,122.6,1.221383022670322e-07,127.5,BID
206,1712303370.4105616,16634914.56964275,122.6,0.0,127.5,BID
207,1712303400.3493657,16634914.56964275,122.6,0.0,127.5,BID
208,1712303415.709453,16638870.26584528,122.5,-5.115892928725346e-07,127.5,ASK
209,1712303430.3056307,16638870.26584528,122.5,-0.0,127.5,ASK
210,1712303448.4928966,16639050.26584528,122.6,-2.3277900364122e-08,127.5,ASK
211,1712303450.8997152,16641612.31548499,122.6,-3.313285346727089e-07,127.5,ASK
212,1712303451.7014828,16641791.20662194,123.0,2.313450034413252e-08,127.5,BID
213,1712303460.4195964,16641791.20662194,123.0,0.0,127.5,BID
214,1712303489.349928,16643419.87111705,122.6,-2.106118546404357e-07,127.5,ASK
215,1712303489.4904385,16644883.28575119,123.0,1.892424567057996e-07,127.5,BID
216,1712303490.4198103,16644883.28575119,123.0,0.0,127.5,BID
217,1712303520.3101437,16644883.28575119,123.0,0.0,127.5,BID
218,1712303550.300934,16644883.28575119,123.0,0.0,127.5,BID
219,1712303580.4103334,16644883.28575119,123.0,0.0,127.5,BID
220,1712303610.4012923,16644883.28575119,123.0,0.0,127.5,BID
221,1712303640.3006513,16644883.28575119,123.0,0.0,127.5,BID
222,1712303646.7306366,16648883.28575119,122.7,-5.172373197651519e-07,127.5,ASK
223,1712303670.2924397,16648883.28575119,122.7,-0.0,127.5,ASK
224,1712303700.3409257,16648883.28575119,122.7,-0.0,127.5,ASK
225,1712303730.307157,16648883.28575119,122.7,-0.0,127.5,ASK
226,1712303738.2303643,16651881.57144919,122.7,-3.88361378105726e-07,127.5,ASK
227,1712303738.2407014,16651881.57144941,122.7,-2.846919278974906e-17,127.5,ASK
228,1712303760.411102,16651881.57144941,122.7,-0.0,127.5,ASK
229,1712303777.9332216,16653920.72316229,122.6,-2.64114268634046e-07,127.5,ASK
230,1712303777.935726,16657690.95519386,122.6,-4.883266258756225e-07,127.5,ASK
231,1712303790.4409888,16657690.95519386,122.6,-0.0,127.5,ASK
232,1712303790.880947,16660545.242336,122.5,-3.696578434242876e-07,127.5,ASK
233,1712303790.8825378,16698476.38663119,122.5,-4.9124507453263935e-06,127.5,ASK
234,1712303790.9836822,16702013.78702671,122.4,-4.581276292182204e-07,127.5,ASK
235,1712303820.2809582,16702013.78702671,122.4,-0.0,127.5,ASK
236,1712303850.281253,16702013.78702671,122.4,-0.0,127.5,ASK
237,1712303865.984784,16735248.60248171,122.4,4.301206331668963e-06,127.5,BID
238,1712303866.0041273,16736739.10097883,122.4,1.9289836532538282e-07,127.5,BID
239,1712303880.4311428,16736739.10097883,122.4,0.0,127.5,BID
240,1712303910.4244285,16736739.10097883,122.4,0.0,127.5,BID
241,1712303940.2922096,16736739.10097883,122.4,0.0,127.5,BID
242,1712303970.2633803,16736739.10097883,122.4,0.0,127.5,BID
243,1712304000.401502,16736739.10097883,122.4,0.0,127.5,BID
244,1712304030.2844653,16736739.10097883,122.4,0.0,127.5,BID
245,1712304060.470514,16736739.10097883,122.4,0.0,127.5,BID
246,1712304062.3415716,16737792.96780889,122.4,-1.3682908259459592e-07,127.5,ASK
247,1712304062.3445735,16737911.53398536,122.4,-1.539407132900332e-08,127.5,ASK
248,1712304062.421425,16740007.07483436,122.4,2.720751082869855e-07,127.5,BID
249,1712304062.424397,16740007.07483504,122.4,8.827051690996353e-17,127.5,BID
250,1712304065.3134973,16741724.15851157,122.5,2.229380197730901e-07,127.5,BID
251,1712304065.315816,16742224.15851157,122.5,6.491763413173089e-08,127.5,BID
252,1712304068.9813943,16742276.52291157,122.3,-6.798745921374735e-09,127.5,ASK
253,1712304068.9843392,16757632.28677773,122.3,-1.9937197209532653e-06,127.5,ASK
254,1712304072.3311892,16771200.81563438,122.3,-1.7616735840436744e-06,127.5,ASK
255,1712304072.3713236,16771499.60221727,122.3,3.87930361431628e-08,127.5,BID
256,1712304088.277155,16786980.65874301,122.2,-2.009987127021127e-06,127.5,ASK
257,1712304088.2870088,16833902.52169522,122.2,-6.092112663821576e-06,127.5,ASK
258,1712304090.42121,16833902.52169522,122.2,-0.0,127.5,ASK
259,1712304120.3140535,16833902.52169522,122.2,-0.0,127.5,ASK
260,1712304125.4614303,16835410.50420713,122.1,-1.9548784561595694e-07,127.5,ASK
261,1712304125.4645443,16836802.80559943,122.1,-1.8049148281133173e-07,127.5,ASK
262,1712304125.4674156,16837111.01988514,122.1,-3.995546780291112e-08,127.5,ASK
263,1712304150.2766397,16837111.01988514,122.1,-0.0,127.5,ASK
264,1712304179.4033942,16853491.03626515,122.3,2.123321375316874e-06,127.5,BID
265,1712304180.411327,16853491.03626515,122.3,0.0,127.5,BID
266,1712304191.811355,16859648.79965193,122.2,-7.980160629820544e-07,127.5,ASK
267,1712304199.9411626,16866734.53726424,122.2,-9.182769907725088e-07,127.5,ASK
268,1712304200.0013187,16871262.24670714,122.2,5.867690323583327e-07,127.5,BID
269,1712304200.004353,16884161.49996614,122.2,1.6716802278010924e-06,127.5,BID
270,1712304210.421419,16884161.49996614,122.2,0.0,127.5,BID
271,1712304240.2764723,16884161.49996614,122.2,0.0,127.5,BID
272,1712304269.8313756,16884979.8305717,122.4,1.0600016438358693e-07,127.5,BID
273,1712304270.2812152,16884979.8305717,122.4,0.0,127.5,BID
274,1712304300.4312713,16884979.8305717,122.4,0.0,127.5,BID
275,1712304330.4213605,16884979.8305717,122.4,0.0,127.5,BID
276,1712304360.2722745,16884979.8305717,122.4,0.0,127.5,BID
277,1712304390.311108,16884979.8305717,122.4,0.0,127.5,BID
278,1712304402.46127,16900472.20693253,122.4,2.0094404655667725e-06,127.5,BID
279,1712304402.5873904,16901546.38771337,122.4,1.3932674226852578e-07,127.5,BID
280,1712304420.4256103,16901546.38771337,122.4,0.0,127.5,BID
281,1712304450.411354,16901546.38771337,122.4,0.0,127.5,BID
282,1712304480.3049617,16901546.38771337,122.4,0.0,127.5,BID
283,1712304499.2713022,16963949.30719133,122.1,-8.091849649554373e-06,127.5,ASK
284,1712304510.2721124,16963949.30719133,122.1,-0.0,127.5,ASK
285,1712304540.4136796,16963949.30719133,122.1,-0.0,127.5,ASK
286,1712304570.4115372,16963949.30719133,122.1,-0.0,127.5,ASK
287,1712304600.331224,16963949.30719133,122.1,-0.0,127.5,ASK
288,1712304630.2922428,16963949.30719133,122.1,-0.0,127.5,ASK
289,1712304660.411093,16963949.30719133,122.1,-0.0,127.5,ASK
290,1712304690.4117212,16963949.30719133,122.1,-0.0,127.5,ASK
291,1712304701.3410945,16963992.9866503,122.5,5.6634800105558255e-09,127.5,BID
292,1712304702.1210124,16964042.9866503,122.2,-6.483001557620811e-09,127.5,ASK
293,1712304720.2910967,16964042.9866503,122.2,-0.0,127.5,ASK
294,1712304737.561449,16964407.47045664,122.5,4.7258911458140747e-08,127.5,BID
295,1712304737.5670123,16964449.88885,122.5,5.499962031371411e-09,127.5,BID
296,1712304737.5696585,16968114.55454304,122.7,4.751599618356073e-07,127.5,BID
297,1712304742.7086525,16968161.68609122,122.7,6.111068923907019e-09,127.5,BID
298,1712304742.7102776,16973621.27929874,122.7,7.078899734431241e-07,127.5,BID
299,1712304750.300997,16973621.27929874,122.7,0.0,127.5,BID
300,1712304780.4222133,16973621.27929874,122.7,0.0,127.5,BID
301,1712304810.4123497,16973621.27929874,122.7,0.0,127.5,BID
302,1712304840.2719617,16973621.27929874,122.7,0.0,127.5,BID
303,1712304842.7322032,16987129.41512426,122.7,1.7511958742767025e-06,127.5,BID
304,1712304842.733717,16992264.76894201,122.7,6.657477045504393e-07,127.5,BID
305,1712304842.7809432,16995702.25263604,122.7,-4.456356776861856e-07,127.5,ASK
306,1712304849.3109963,16995751.03237018,123.0,6.3238088715472596e-09,127.5,BID
307,1712304870.306535,16995751.03237018,123.0,0.0,127.5,BID
308,1712304900.3323894,16995751.03237018,123.0,0.0,127.5,BID
309,1712304930.292069,16995751.03237018,123.0,0.0,127.5,BID
310,1712304960.4023046,16995751.03237018,123.0,0.0,127.5,BID
311,1712304963.9408343,17005751.03237018,122.9,1.3010006578789069e-06,127.5,BID
312,1712304982.1341631,17005754.62102291,123.0,4.668839562613452e-10,127.5,BID
313,1712304982.13985,17028737.62102218,123.0,2.9900898119080985e-06,127.5,BID
314,1712304990.4124644,17028737.62102218,123.0,0.0,127.5,BID
315,1712305020.3019145,17028737.62102218,123.0,0.0,127.5,BID
316,1712305050.2813663,17028737.62102218,123.0,0.0,127.5,BID
317,1712305057.1171818,17029533.79936612,123.0,1.0352821982753069e-07,127.5,BID
318,1712305066.8507805,17029578.79936612,123.3,5.851414984714639e-09,127.5,BID
319,1712305071.8406453,17032847.66167258,123.0,-4.250548862887383e-07,127.5,ASK
320,1712305072.0307336,17035170.22362358,123.0,3.020060845113532e-07,127.5,BID
321,1712305073.6506617,17035251.59058859,122.9,-1.0580263962287278e-08,127.5,ASK
322,1712305073.6524484,17037557.32039777,122.8,-2.998173768030779e-07,127.5,ASK
323,1712305080.4406638,17037557.32039777,122.8,-0.0,127.5,ASK
324,1712305110.410763,17037557.32039777,122.8,-0.0,127.5,ASK
325,1712305128.1106465,17037557.32039781,123.0,5.327702433566745e-18,127.5,BID
326,1712305128.1205215,17037602.32039777,123.2,5.850590035436474e-09,127.5,BID
327,1712305140.290794,17037602.32039777,123.2,0.0,127.5,BID
328,1712305170.2812195,17037602.32039777,123.2,0.0,127.5,BID
329,1712305200.411843,17037602.32039777,123.2,0.0,127.5,BID
330,1712305216.110778,17037651.10088558,123.1,6.3964316612046545e-09,127.5,BID
331,1712305216.1142747,17056565.81117391,123.3,2.480226360474993e-06,127.5,BID
332,1712305216.1176443,17056627.56025031,123.2,8.096961819006024e-09,127.5,BID
333,1712305216.120376,17078136.50560838,123.4,2.820400230820724e-06,127.5,BID
334,1712305230.260428,17078136.50560838,123.4,0.0,127.5,BID
335,1712305260.4009216,17078136.50560838,123.4,0.0,127.5,BID
336,1712305270.01044,17080565.65540595,123.5,3.1831805856375453e-07,127.5,BID
337,1712305285.9761002,17107893.80700956,123.5,3.5811065136036924e-06,127.5,BID
338,1712305285.9809563,17124799.04742749,123.5,2.215278495699441e-06,127.5,BID
339,1712305285.982423,17125570.71816849,123.5,1.0112045472497085e-07,127.5,BID
340,1712305286.1107423,17129362.12959021,123.5,-4.9683009429293e-07,127.5,ASK
341,1712305286.1455357,17134934.80372972,123.5,-7.302484247254182e-07,127.5,ASK
342,1712305286.2011182,17135202.74893519,123.6,3.5111790014589054e-08,127.5,BID
343,1712305286.2046018,17149126.04277572,123.6,1.824521430734429e-06,127.5,BID
344,1712305286.2426617,17159664.36485555,123.5,-1.3809515692802313e-06,127.5,ASK
345,1712305290.420643,17159664.36485555,123.5,-0.0,127.5,ASK
346,1712305299.8106768,17159784.36485555,123.7,1.5704188898982073e-08,127.5,BID
347,1712305299.812796,17159881.42274243,123.7,1.2701794914148704e-08,127.5,BID
348,1712305299.8149476,17208039.71638754,123.7,6.302391170462125e-06,127.5,BID
349,1712305305.560632,17208084.71638754,123.7,5.889070837118277e-09,127.5,BID
350,1712305320.2910972,17208084.71638754,123.7,0.0,127.5,BID
351,1712305325.743167,17216311.71130432,123.6,-1.075809081144526e-06,127.5,ASK
352,1712305350.301107,17216311.71130432,123.6,-0.0,127.5,ASK
353,1712305354.9010086,17217061.8988512,123.5,-9.808578750174225e-08,127.5,ASK
354,1712305374.2642915,17221884.38544383,123.5,-6.305321877442855e-07,127.5,ASK
355,1712305380.3841746,17221884.38544383,123.5,-0.0,127.5,ASK
356,1712305393.8212025,17231062.30241682,123.4,-1.1998895729163569e-06,127.5,ASK
357,1712305396.7944474,17232835.30750004,123.6,2.317966395143705e-07,127.5,BID
358,1712305396.797345,17237916.47630004,123.6,6.642946846533828e-07,127.5,BID
359,1712305410.265785,17237916.47630004,123.6,0.0,127.5,BID
360,1712305418.9015422,17240319.74510874,123.7,3.141138701218386e-07,127.5,BID
361,1712305418.904518,17241353.95999407,123.7,1.351747415824277e-07,127.5,BID
362,1712305421.114297,17243622.76951788,123.7,2.965396702662695e-07,127.5,BID
363,1712305422.698297,17245830.83689328,123.6,-2.886005037245683e-07,127.5,ASK
364,1712305424.7448606,17246934.87058098,123.6,-1.4430025186228417e-07,127.5,ASK
365,1712305431.0714316,17248680.87058098,123.7,2.2820702172278697e-07,127.5,BID
366,1712305434.721416,17248781.02148098,123.7,1.3089999205293769e-08,127.5,BID
367,1712305434.723092,17251578.40802841,123.7,3.656261469621122e-07,127.5,BID
368,1712305440.426694,17251578.40802841,123.7,0.0,127.5,BID
369,1712305445.5814762,17251702.40802841,123.6,-1.62035640105475e-08,127.5,ASK
370,1712305450.503222,17251858.98422883,123.7,-2.0460423274714224e-08,127.5,ASK
371,1712305451.225747,17251978.98422883,123.8,1.568086839730403e-08,127.5,BID
372,1712305451.2275145,17252787.14662827,123.8,1.0560573524403194e-07,127.5,BID
373,1712305451.2291782,17252827.98422883,123.8,5.336408666894075e-09,127.5,BID
374,1712305452.133121,17252907.14662827,123.8,1.0344459730409956e-08,127.5,BID
375,1712305455.8014824,17294861.46425621,123.8,-5.482334445186387e-06,127.5,ASK
376,1712305463.1347885,17294911.46425621,124.0,6.533695165543346e-09,127.5,BID
377,1712305466.0883446,17294961.46425621,124.0,6.533695165543346e-09,127.5,BID
378,1712305469.4715028,17295011.46425621,124.0,6.533695165543346e-09,127.5,BID
379,1712305469.7814589,17295097.69765168,123.6,-1.1268454382097952e-08,127.5,ASK
380,1712305470.4218185,17295097.69765168,123.6,-0.0,127.5,ASK
381,1712305472.541616,17295133.84519268,124.0,4.720217118814677e-09,127.5,BID
382,1712305472.5514038,17295147.69765168,124.0,1.8088813876552555e-09,127.5,BID
383,1712305476.6215725,17295151.91896368,124.0,5.51227237180381e-10,127.5,BID
384,1712305476.624615,17295197.69765168,124.0,5.977871269289552e-09,127.5,BID
385,1712305487.3235717,17315391.95423263,123.6,-2.637005809638872e-06,127.5,ASK
386,1712305490.6317086,17315441.95423263,123.9,6.529098506469933e-09,127.5,BID
387,1712305500.2629156,17315441.95423263,123.9,0.0,127.5,BID
388,1712305521.1317165,17323512.9792528,123.9,1.0631272490509906e-06,127.5,BID
389,1712305526.5117035,17326297.30236182,123.9,3.667551221763347e-07,127.5,BID
390,1712305526.659848,17330887.59828805,123.9,-6.046405095001814e-07,127.5,ASK
391,1712305526.6616914,17331584.00427297,123.9,-9.17316173744746e-08,127.5,ASK
392,1712305530.2967608,17331584.00427297,123.9,-0.0,127.5,ASK
393,1712305541.3317978,17339655.02929314,123.8,1.062847249454501e-06,127.5,BID
394,1712305545.086376,17343213.6502621,123.6,-4.686233160298292e-07,127.5,ASK
395,1712305546.5918057,17351284.67528227,123.8,1.0628472494549916e-06,127.5,BID
396,1712305551.991743,17461941.75121118,123.8,1.457207337232175e-05,127.5,BID
397,1712305555.819952,17467461.82390907,123.8,7.269205669763504e-07,127.5,BID
398,1712305560.4236743,17467461.82390907,123.8,0.0,127.5,BID
399,1712305590.4265218,17467461.82390907,123.8,0.0,127.5,BID
400,1712305592.5321062,17473622.71296369,123.6,-8.095144517914241e-07,127.5,ASK
401,1712305592.5361202,17477461.82390907,123.6,-5.04442745968105e-07,127.5,ASK
402,1712305601.1625369,17487461.82390907,123.6,-1.313957197759529e-06,127.5,ASK
403,1712305620.3230035,17487461.82390907,123.6,-0.0,127.5,ASK
404,1712305642.9220214,17497276.63722534,123.7,1.2892057129676632e-06,127.5,BID
405,1712305648.109396,17506109.96920998,123.7,-1.1602851416703096e-06,127.5,ASK
406,1712305648.2021794,17525996.79216756,123.7,-2.612194948953856e-06,127.5,ASK
407,1712305650.324796,17525996.79216756,123.7,-0.0,127.5,ASK
408,1712305652.502093,17527882.19577649,123.7,-2.474985574641332e-07,127.5,ASK
409,1712305680.424049,17527882.19577649,123.7,-0.0,127.5,ASK
410,1712305683.1720731,17531937.85912681,123.6,-5.32374126120321e-07,127.5,ASK
411,1712305710.4229426,17531937.85912681,123.6,-0.0,127.5,ASK
412,1712305740.276742,17531937.85912681,123.6,-0.0,127.5,ASK
413,1712305770.3035986,17531937.85912681,123.6,-0.0,127.5,ASK
414,1712305800.362322,17531937.85912681,123.6,-0.0,127.5,ASK
415,1712305830.297167,17531937.85912681,123.6,-0.0,127.5,ASK
416,1712305860.4546957,17531937.85912681,123.6,-0.0,127.5,ASK
417,1712305890.4246752,17531937.85912681,123.6,-0.0,127.5,ASK
418,1712305920.267419,17531937.85912681,123.6,-0.0,127.5,ASK
419,1712305950.3064382,17531937.85912681,123.6,-0.0,127.5,ASK
420,1712305956.7031698,17540017.81750508,123.5,1.0649116453835405e-06,127.5,BID
421,1712305956.712945,17572397.47074362,123.6,4.267530622426593e-06,127.5,BID
422,1712305980.3331628,17572397.47074362,123.6,0.0,127.5,BID
423,1712306008.0534768,17595380.47074362,123.3,-3.0270881721862457e-06,127.5,ASK
424,1712306008.057618,17598632.50326394,123.0,-4.283248130281732e-07,127.5,ASK
425,1712306008.061576,17603043.35301225,123.0,-5.809524910759682e-07,127.5,ASK
426,1712306008.065493,17641376.35301225,123.1,-5.048834830283921e-06,127.5,ASK
427,1712306008.06731,17673576.40989437,123.0,-4.241065628142183e-06,127.5,ASK
428,1712306010.2729833,17673576.40989437,123.0,-0.0,127.5,ASK
429,1712306040.4352963,17673576.40989437,123.0,-0.0,127.5,ASK
430,1712306070.2267244,17677279.74645729,123.1,-4.86967123469211e-07,127.5,ASK
431,1712306070.4245937,17677279.74645729,123.1,-0.0,127.5,ASK
432,1712306100.3089015,17677279.74645729,123.1,-0.0,127.5,ASK
433,1712306130.264758,17677279.74645729,123.1,-0.0,127.5,ASK
434,1712306160.4027317,17677279.74645729,123.1,-0.0,127.5,ASK
435,1712306166.8328204,17685403.22330529,123.2,-1.0748655129985967e-06,127.5,ASK
436,1712306166.8369775,17685403.22330538,123.2,-1.2322882623563404e-17,127.5,ASK
437,1712306190.4230192,17685403.22330538,123.2,-0.0,127.5,ASK
438,1712306215.252815,17685446.22330538,123.1,-5.688832285329275e-09,127.5,ASK
439,1712306220.283547,17685446.22330538,123.1,-0.0,127.5,ASK
440,1712306222.3851836,17688577.82647998,123.1,4.143058783400062e-07,127.5,BID
441,1712306247.7027872,17688642.74104056,123.1,8.588088126026486e-09,127.5,BID
442,1712306250.2965686,17688642.74104056,123.1,0.0,127.5,BID
443,1712306280.413579,17688642.74104056,123.1,0.0,127.5,BID
444,1712306310.432846,17688642.74104056,123.1,0.0,127.5,BID
445,1712306339.1476822,17711181.5448094,123.0,-2.981690935639e-06,127.5,ASK
446,1712306339.1527274,17711274.5448094,123.0,-1.2303104453032046e-08,127.5,ASK
447,1712306340.2769332,17711274.5448094,123.0,-0.0,127.5,ASK
448,1712306365.2293365,17712087.8076244,122.9,-1.0754810775344268e-07,127.5,ASK
449,1712306365.2326643,17720220.43781052,122.9,-1.0754813467985952e-06,127.5,ASK
450,1712306365.2358756,17751847.77711076,122.9,-4.1824861930056255e-06,127.5,ASK
451,1712306365.3028626,17759122.88558367,122.9,9.62080320817085e-07,127.5,BID
452,1712306370.2639213,17759122.88558367,122.9,0.0,127.5,BID
453,1712306376.0052075,17760747.58095267,123.1,2.1468722276993459e-07,127.5,BID
454,1712306376.1028318,17760747.58095328,123.1,8.073060828845507e-17,127.5,BID
455,1712306386.2435422,17761557.95372475,123.4,1.0708264640513324e-07,127.5,BID
456,1712306387.3956068,17814376.95372475,123.0,-6.979501902842476e-06,127.5,ASK
457,1712306387.3977191,17838852.87159062,122.9,-3.2342474359354104e-06,127.5,ASK
458,1712306387.3997126,17855252.87159062,122.9,-2.167095764906882e-06,127.5,ASK
459,1712306387.4016483,17885252.87159062,122.8,-3.964199569951613e-06,127.5,ASK
460,1712306387.403666,17888893.02712261,123.0,-4.810100998154009e-07,127.5,ASK
461,1712306387.4055874,17898203.50648055,122.8,-1.2302866088928668e-06,127.5,ASK
462,1712306400.3186126,17898203.50648055,122.8,-0.0,127.5,ASK
463,1712306430.262629,17898203.50648055,122.8,-0.0,127.5,ASK
464,1712306459.5227969,17928233.35315789,122.8,-4.039331366428844e-06,127.5,ASK
465,1712306460.4249177,17928233.35315789,122.8,-0.0,127.5,ASK
466,1712306462.2832584,17930861.42771307,122.8,3.533285075360671e-07,127.5,BID
467,1712306462.2876732,17938766.07788385,122.8,1.062731740973897e-06,127.5,BID
468,1712306490.4426558,17938766.07788385,122.8,0.0,127.5,BID
469,1712306520.310591,17938766.07788385,122.8,0.0,127.5,BID
470,1712306550.259252,17938766.07788385,122.8,0.0,127.5,BID
471,1712306559.755476,17939417.74862485,122.7,-8.759790222900163e-08,127.5,ASK
472,1712306559.7598948,17953559.77225018,122.7,-1.9009777866537345e-06,127.5,ASK
473,1712306559.912758,17961273.44835137,122.7,1.0368761437747208e-06,127.5,BID
474,1712306560.052759,17963923.34503181,122.7,3.562004179814191e-07,127.5,BID
475,1712306580.354523,17963923.34503181,122.7,0.0,127.5,BID
476,1712306594.122764,17965106.83726403,122.6,-1.5901962741429906e-07,127.5,ASK
477,1712306594.1326048,17965149.83726403,122.6,-5.77768386867754e-09,127.5,ASK
478,1712306608.1028862,17967614.73290964,122.6,-3.311950653395022e-07,127.5,ASK
479,1712306608.182681,17973306.44411464,122.6,7.647653026583907e-07,127.5,BID
480,1712306608.2031124,17973306.44411558,122.6,1.2613801198181892e-16,127.5,BID
481,1712306610.2880616,17973306.44411558,122.6,0.0,127.5,BID
482,1712306640.4141366,17973306.44411558,122.6,0.0,127.5,BID
483,1712306670.4229455,17973306.44411558,122.6,0.0,127.5,BID
484,1712306689.182644,17974224.24288647,122.6,-1.2330073580383336e-07,127.5,ASK
485,1712306700.349684,17974224.24288647,122.6,-0.0,127.5,ASK
486,1712306730.2876894,17974224.24288647,122.6,-0.0,127.5,ASK
487,1712306760.4225044,17974224.24288647,122.6,-0.0,127.5,ASK
488,1712306764.9422562,17982437.67809347,122.7,-1.1388410304794037e-06,127.5,ASK
489,1712306764.9527698,17982437.67809429,122.7,-1.1363734342459909e-16,127.5,ASK
490,1712306784.572899,17983218.5376645,122.6,-1.0827076554257745e-07,127.5,ASK
491,1712306790.4488878,17983218.5376645,122.6,-0.0,127.5,ASK
492,1712306818.8436472,17983318.5376645,122.6,-1.3863466072513674e-08,127.5,ASK
493,1712306820.2926147,17983318.5376645,122.6,-0.0,127.5,ASK
494,1712306821.29261,17987396.84109028,122.6,-5.65393250790547e-07,127.5,ASK
495,1712306850.319642,17987396.84109028,122.6,-0.0,127.5,ASK
496,1712306858.352614,17992203.69728328,122.6,-6.66349555330306e-07,127.5,ASK
497,1712306880.4342778,17992203.69728328,122.6,-0.0,127.5,ASK
498,1712306910.4143877,17992203.69728328,122.6,-0.0,127.5,ASK
499,1712306940.313886,17992203.69728328,122.6,-0.0,127.5,ASK
500,1712306970.3026645,17992203.69728328,122.6,-0.0,127.5,ASK
501,1712306981.7345543,17999951.51455111,122.4,-1.07395200729061e-06,127.5,ASK
502,1712306981.7367527,18000476.41276242,122.4,-7.275797404229047e-08,127.5,ASK
503,1712306981.7388058,18000476.41276305,122.6,-8.778383452141561e-17,127.5,ASK
504,1712307000.3038826,18000476.41276305,122.6,-0.0,127.5,ASK
505,1712307030.265025,18000476.41276305,122.6,-0.0,127.5,ASK
506,1712307060.4245625,18000476.41276305,122.6,-0.0,127.5,ASK
507,1712307090.4238365,18000476.41276305,122.6,-0.0,127.5,ASK
508,1712307120.2938917,18000476.41276305,122.6,-0.0,127.5,ASK
509,1712307150.2945583,18000476.41276305,122.6,-0.0,127.5,ASK
510,1712307180.422587,18000476.41276305,122.6,-0.0,127.5,ASK
511,1712307210.4274385,18000476.41276305,122.6,-0.0,127.5,ASK
512,1712307240.2734516,18000476.41276305,122.6,-0.0,127.5,ASK
513,1712307245.782507,18014178.34129405,122.5,1.9787567696531088e-06,127.5,BID
514,1712307270.3023844,18014178.34129405,122.5,0.0,127.5,BID
515,1712307300.306869,18014178.34129405,122.5,0.0,127.5,BID
516,1712307327.2925284,18014260.04064045,122.4,-1.2164649324566808e-08,127.5,ASK
517,1712307327.2971883,18018221.90701432,122.4,-5.89903312965275e-07,127.5,ASK
518,1712307327.302693,18018263.30861432,122.4,-6.164503972888535e-09,127.5,ASK
519,1712307330.2857478,18018263.30861432,122.4,-0.0,127.5,ASK
520,1712307360.4238863,18018263.30861432,122.4,-0.0,127.5,ASK
521,1712307385.6229413,18019082.98074546,122.5,1.2203624890017642e-07,127.5,BID
522,1712307385.6277146,18021821.92958267,122.5,4.077862712713653e-07,127.5,BID
523,1712307385.7029736,18022856.79664875,122.5,1.540753797239192e-07,127.5,BID
524,1712307390.434945,18022856.79664875,122.5,0.0,127.5,BID
525,1712307403.2030756,18026128.41951488,122.4,-4.870522265166727e-07,127.5,ASK
526,1712307420.274257,18026128.41951488,122.4,-0.0,127.5,ASK
527,1712307450.2862232,18026128.41951488,122.4,-0.0,127.5,ASK
528,1712307480.4229531,18026128.41951488,122.4,-0.0,127.5,ASK
529,1712307498.0039506,18027206.10209914,122.4,-1.604269300594689e-07,127.5,ASK
530,1712307510.4263132,18027206.10209914,122.4,-0.0,127.5,ASK
531,1712307519.2058642,18027928.85559297,122.4,-1.0758905185671008e-07,127.5,ASK
532,1712307519.2129464,18028106.10209914,122.4,-2.6384906757925684e-08,127.5,ASK
533,1712307540.3052762,18028106.10209914,122.4,-0.0,127.5,ASK
534,1712307551.0856607,18029737.42346944,122.5,2.428344420692308e-07,127.5,BID
535,1712307570.313316,18029737.42346944,122.5,0.0,127.5,BID
536,1712307600.3653374,18029737.42346944,122.5,0.0,127.5,BID
537,1712307602.3980484,18030598.28329517,122.5,-1.3181639695746362e-07,127.5,ASK
538,1712307630.285137,18030598.28329517,122.5,-0.0,127.5,ASK
539,1712307660.4146843,18030598.28329517,122.5,-0.0,127.5,ASK
540,1712307674.7436578,18030679.78288767,122.7,1.2479161933656426e-08,127.5,BID
541,1712307685.7511373,18030843.18125435,122.7,-2.501944629274389e-08,127.5,ASK
542,1712307690.4233975,18030843.18125435,122.7,-0.0,127.5,ASK
543,1712307705.603552,18030924.54821936,122.9,1.2458796778931833e-08,127.5,BID
544,1712307713.5935402,18031256.99502787,122.7,5.0903794021036e-08,127.5,BID
545,1712307720.274303,18031256.99502787,122.7,0.0,127.5,BID
546,1712307750.2702675,18031256.99502787,122.7,0.0,127.5,BID
547,1712307775.213402,18032400.37412478,122.9,1.750712592406522e-07,127.5,BID
548,1712307780.403954,18032400.37412478,122.9,0.0,127.5,BID
549,1712307792.7436974,18050243.19538515,122.8,-2.731988003461806e-06,127.5,ASK
550,1712307792.7488172,18050324.62858515,122.8,-1.2468573340032493e-08,127.5,ASK
551,1712307810.4279857,18050324.62858515,122.8,-0.0,127.5,ASK
552,1712307816.8535538,18075406.03200815,122.7,-3.83902336836873e-06,127.5,ASK
553,1712307816.9360392,18127273.03933015,122.7,-7.938895993910884e-06,127.5,ASK
554,1712307816.939095,18165448.34981315,122.7,-5.843210069519649e-06,127.5,ASK
555,1712307816.9534526,18213323.81358922,122.7,-7.327940191707223e-06,127.5,ASK
556,1712307817.2321415,18216783.52499658,122.6,-5.295522230819805e-07,127.5,ASK
557,1712307817.2951975,18226731.70116058,122.6,-1.5226931333207358e-06,127.5,ASK
558,1712307817.2975318,18235517.43035371,122.6,-1.3447660448557844e-06,127.5,ASK
559,1712307840.2900095,18235517.43035371,122.6,-0.0,127.5,ASK
560,1712307870.2956698,18235517.43035371,122.6,-0.0,127.5,ASK
561,1712307892.943746,18235663.40996219,122.5,-2.2266572969540523e-08,127.5,ASK
562,1712307892.948712,18236292.20419687,122.5,-9.59112910026703e-08,127.5,ASK
563,1712307900.4151332,18236292.20419687,122.5,-0.0,127.5,ASK
564,1712307929.3837116,18244324.33271092,122.5,-1.2337869337095238e-06,127.5,ASK
565,1712307930.404391,18244324.33271092,122.5,-0.0,127.5,ASK
566,1712307944.1436336,18245024.33271092,122.5,-1.075082825893444e-07,127.5,ASK
567,1712307960.3082712,18245024.33271092,122.5,-0.0,127.5,ASK
568,1712307987.086486,18249123.6998531,122.5,-6.295858815860734e-07,127.5,ASK
569,1712307990.2738626,18249123.6998531,122.5,-0.0,127.5,ASK
570,1712307994.8338206,18250021.65903676,122.5,-1.3789904792781966e-07,127.5,ASK
571,1712308020.426226,18250021.65903676,122.5,-0.0,127.5,ASK
572,1712308030.8237712,18251981.78138872,122.5,-3.010097174693802e-07,127.5,ASK
573,1712308030.8277743,18252113.27526627,122.5,-2.0193094013468533e-08,127.5,ASK
574,1712308050.4451969,18252113.27526627,122.5,-0.0,127.5,ASK
575,1712308062.3748765,18252231.70990679,122.4,-1.8186913163311266e-08,127.5,ASK
576,1712308062.3789368,18252870.78993123,122.4,-9.813761293089017e-08,127.5,ASK
577,1712308062.3828366,18253611.72130377,122.4,-1.1377798314106547e-07,127.5,ASK
578,1712308062.4939637,18262197.79896718,122.3,-1.3184845936389537e-06,127.5,ASK
579,1712308062.4989655,18263996.65424109,122.3,-2.762335792679351e-07,127.5,ASK
580,1712308062.5035846,18272689.3566414,122.3,-1.3348579690516127e-06,127.5,ASK
581,1712308080.259243,18272689.3566414,122.3,-0.0,127.5,ASK
582,1712308107.2438054,18274432.59778852,122.2,-2.675900211853241e-07,127.5,ASK
583,1712308110.3714306,18274432.59778852,122.2,-0.0,127.5,ASK
584,1712308110.7337203,18276595.59157804,122.2,-3.32011798373999e-07,127.5,ASK
585,1712308110.7508938,18276749.9230692,122.2,-2.3689331044042644e-08,127.5,ASK
586,1712308110.7547686,18278689.16964711,122.2,-2.976674029029413e-07,127.5,ASK
587,1712308113.9139135,18341879.72102555,122.1,-9.699523274200034e-06,127.5,ASK
588,1712308113.9181044,18363202.48468616,122.1,-3.2729678390955696e-06,127.5,ASK
589,1712308113.994,18366922.94111245,122.1,-5.710767339464151e-07,127.5,ASK
590,1712308113.998972,18367741.53263568,122.1,-1.2565086644175093e-07,127.5,ASK
591,1712308114.0039992,18369080.7638298,122.1,-2.055671908780445e-07,127.5,ASK
592,1712308116.0732458,18410479.43452019,122.0,-6.354547651871883e-06,127.5,ASK
593,1712308116.1640587,18418405.52755356,122.0,-1.2166268876215851e-06,127.5,ASK
594,1712308118.6682537,18418487.45378256,122.0,-1.2575382673824136e-08,127.5,ASK
595,1712308118.6707845,18418647.06743567,122.0,-2.45001239816705e-08,127.5,ASK
596,1712308118.6731622,18455547.62638536,122.0,-5.6641036128959776e-06,127.5,ASK
597,1712308123.2637732,18455566.99710712,122.0,-2.973336399596207e-09,127.5,ASK
598,1712308124.4739535,18456176.99710712,122.0,9.363281484644132e-08,127.5,BID
599,1712308124.5954783,18456245.49121575,122.0,1.0513600314149947e-08,127.5,BID
600,1712308124.603352,18463377.26810712,122.1,1.0947022052388808e-06,127.5,BID
601,1712308140.4162018,18463377.26810712,122.1,0.0,127.5,BID
602,1712308147.783981,18464033.21560412,121.9,-1.0033043015925766e-07,127.5,ASK
603,1712308147.7892191,18464935.59460329,121.9,-1.380233533439773e-07,127.5,ASK
604,1712308147.7942126,18466781.30670333,121.9,-2.823108401120152e-07,127.5,ASK
605,1712308147.8888106,18475976.46845533,121.9,1.4064456960089406e-06,127.5,BID
606,1712308147.8937862,18475976.46845623,121.9,1.3789200373063735e-16,127.5,BID
607,1712308170.406489,18475976.46845623,121.9,0.0,127.5,BID
608,1712308174.4539576,18476499.44080036,122.0,-7.997243284953986e-08,127.5,ASK
609,1712308185.9339745,18480693.13137584,122.0,-6.412951692447679e-07,127.5,ASK
610,1712308191.8939743,18484183.2801099,122.0,-5.337102208217807e-07,127.5,ASK
611,1712308191.8981688,18485259.22565444,122.0,-1.6453256807175346e-07,127.5,ASK
612,1712308191.9039435,18486079.57019914,121.9,-1.2544630657996417e-07,127.5,ASK
613,1712308191.9075148,18488243.91030351,122.0,-3.309688277078048e-07,127.5,ASK
614,1712308192.0340347,18490249.14929322,121.9,-3.066392367623526e-07,127.5,ASK
615,1712308192.043887,18499091.81298851,121.9,-1.352211711612493e-06,127.5,ASK
616,1712308199.7538714,18499910.14359407,122.1,1.2513833692473368e-07,127.5,BID
617,1712308200.3538384,18499910.14359407,122.1,0.0,127.5,BID
618,1712308205.954116,18500731.16165646,121.8,-1.266151270546045e-07,127.5,ASK
619,1712308205.95927,18502426.88579438,121.8,-2.615098704976492e-07,127.5,ASK
620,1712308205.9634094,18515156.03004577,121.8,-1.963053299940612e-06,127.5,ASK
621,1712308206.0440507,18525474.47530011,121.8,-1.5912819908986615e-06,127.5,ASK
622,1712308206.04779,18525565.56815138,121.7,-1.4048086717770413e-08,127.5,ASK
623,1712308206.0501688,18525635.51889029,121.8,-1.0787608824269596e-08,127.5,ASK
624,1712308206.0525887,18526457.21157722,121.7,-1.267191657789005e-07,127.5,ASK
625,1712308206.0550382,18526500.21157722,121.8,-6.631340664414277e-09,127.5,ASK
626,1712308206.0574305,18539086.80354019,121.7,-1.9410692816375217e-06,127.5,ASK
627,1712308206.094453,18539230.80354019,121.6,-2.2207280364550138e-08,127.5,ASK
628,1712308206.0995088,18545666.83768757,121.7,-9.925473246300392e-07,127.5,ASK
629,1712308206.1036513,18545991.77676149,121.6,-5.011120219405744e-08,127.5,ASK
630,1712308206.1074705,18546156.38581498,121.5,-2.5385551398399123e-08,127.5,ASK
631,1712308206.1110942,18546206.38581498,121.6,-7.710861237691021e-09,127.5,ASK
632,1712308206.1134994,18551306.4835272,121.5,-7.865229151516859e-07,127.5,ASK
633,1712308206.1160774,18551861.66773772,121.6,-8.561896817357183e-08,127.5,ASK
634,1712308206.1185362,18554330.80354019,121.5,-3.807832709972434e-07,127.5,ASK
635,1712308206.1270568,18562794.72023126,121.5,-1.3052817426447065e-06,127.5,ASK
636,1712308206.1295376,18563206.242865,121.5,-6.346387849858306e-08,127.5,ASK
637,1712308206.132002,18564256.49869423,121.5,-1.6196753926536534e-07,127.5,ASK
638,1712308207.7088368,18571436.69553989,121.5,-1.1073100307241055e-06,127.5,ASK
639,1712308207.7123566,18571650.90014853,121.5,-3.3034040273605846e-08,127.5,ASK
640,1712308207.71482,18572413.10554577,121.5,-1.1754520105486212e-07,127.5,ASK
641,1712308209.7441146,18575705.28661572,121.5,-5.077110279944096e-07,127.5,ASK
642,1712308209.748546,18575961.28697978,121.5,-3.947966568152371e-08,127.5,ASK
643,1712308209.7537985,18576003.26228842,121.5,-6.473315606922115e-09,127.5,ASK
644,1712308209.8841517,18580952.72992642,121.5,7.632931631407625e-07,127.5,BID
645,1712308209.895748,18580952.72992658,121.5,2.4703669042938488e-17,127.5,BID
646,1712308225.6039271,18581776.45315557,121.5,-1.270323103402526e-07,127.5,ASK
647,1712308225.6839442,18589912.27965732,121.5,1.254684584178384e-06,127.5,BID
648,1712308225.756627,18606312.27965732,121.6,-2.5291624859626547e-06,127.5,ASK
649,1712308225.763829,18607232.50551918,121.6,-1.4191467856309668e-07,127.5,ASK
650,1712308225.767166,18610410.26208785,121.6,-4.900647989635526e-07,127.5,ASK
651,1712308230.3635087,18610410.26208785,121.6,-0.0,127.5,ASK
652,1712308231.3711293,18621398.30340192,121.6,1.6910403534788385e-06,127.5,BID
653,1712308238.353989,18627917.77566402,121.6,-1.0033353864878463e-06,127.5,ASK
654,1712308238.3596177,18647819.09145464,121.6,-3.062777716914183e-06,127.5,ASK
655,1712308242.3473148,18653754.49308575,121.6,9.134479372095804e-07,127.5,BID
656,1712308242.3516247,18655783.04987966,121.6,3.1219134509736294e-07,127.5,BID
657,1712308242.354396,18663120.93006442,121.6,1.1292869353828744e-06,127.5,BID
658,1712308242.4046464,18664360.43427007,121.6,-1.9075753085979525e-07,127.5,ASK
659,1712308260.4246953,18664360.43427007,121.6,-0.0,127.5,ASK
660,1712308271.435156,18664519.03152497,121.4,-2.438322242416536e-08,127.5,ASK
661,1712308272.372358,18664820.45460504,121.4,-4.6341697462624804e-08,127.5,ASK
662,1712308274.5144467,18665053.49053858,121.4,-3.5827650382837474e-08,127.5,ASK
663,1712308283.825699,18668575.93598536,121.6,5.415514339064328e-07,127.5,BID
664,1712308284.06462,18688968.54085936,121.6,3.135220850813093e-06,127.5,BID
665,1712308284.0844328,18690576.52595409,121.6,2.472164997038319e-07,127.5,BID
666,1712308284.0943627,18692490.98630568,121.6,2.9433493413158145e-07,127.5,BID
667,1712308284.5356586,18695778.97770568,121.7,5.055057584976008e-07,127.5,BID
668,1712308285.3753414,18696292.45310568,121.8,7.894326352170258e-08,127.5,BID
669,1712308290.4298725,18696292.45310568,121.8,0.0,127.5,BID
670,1712308310.4801886,18697647.6662554,121.8,-2.0823025771153426e-07,127.5,ASK
671,1712308312.2746575,18719275.45310568,121.8,3.323137493536096e-06,127.5,BID
672,1712308320.3036714,18719275.45310568,121.8,0.0,127.5,BID
673,1712308325.184555,18737288.60892847,121.8,2.7665547970099977e-06,127.5,BID
674,1712308325.2044396,18742748.4611505,121.8,8.385526947315233e-07,127.5,BID
675,1712308331.304642,18742907.94426165,121.7,-2.449425134253353e-08,127.5,ASK
676,1712308332.1948469,18743072.14787412,121.8,2.5219250653907347e-08,127.5,BID
677,1712308337.2946916,18756278.49511371,121.8,2.028299963987621e-06,127.5,BID
678,1712308337.300639,18775563.33229803,121.8,2.961866279662431e-06,127.5,BID
679,1712308350.300248,18775563.33229803,121.8,0.0,127.5,BID
680,1712308380.4157093,18775563.33229803,121.8,0.0,127.5,BID
681,1712308410.4078565,18775563.33229803,121.8,0.0,127.5,BID
682,1712308411.2444632,18775607.66727339,121.8,6.802035425022768e-09,127.5,BID
683,1712308414.024727,18775649.34477339,121.5,-6.394315754133612e-09,127.5,ASK
684,1712308414.0304947,18776481.58386846,121.5,-1.2768519121871256e-07,127.5,ASK
685,1712308414.034969,18776539.14965793,121.6,-8.831955720386743e-09,127.5,ASK
686,1712308418.4354558,18778358.45779062,121.5,-2.7912496322805e-07,127.5,ASK
687,1712308418.8545716,18790831.096167,121.8,1.913598178125341e-06,127.5,BID
688,1712308418.8643892,18810961.096167,121.8,3.088418838360553e-06,127.5,BID
689,1712308440.286101,18810961.096167,121.8,0.0,127.5,BID
690,1712308442.2247646,18818992.21596395,121.9,1.2313496614479009e-06,127.5,BID
691,1712308444.4171717,18819042.21596395,121.5,-7.666114393633359e-09,127.5,ASK
692,1712308466.864661,18831110.95338456,121.5,-1.8504064330625632e-06,127.5,ASK
693,1712308470.3246243,18831110.95338456,121.5,-0.0,127.5,ASK
694,1712308490.9145374,18835817.70448179,121.5,-7.213787111925562e-07,127.5,ASK
695,1712308497.6546793,18839849.00535972,121.5,-6.178560479775129e-07,127.5,ASK
696,1712308500.2959466,18839849.00535972,121.5,-0.0,127.5,ASK
697,1712308503.0197637,18842478.67106931,121.8,4.042413586545853e-07,127.5,BID
698,1712308503.0244846,18850397.55127236,121.9,1.217317806073682e-06,127.5,BID
699,1712308503.0292718,18855730.5530576,121.9,8.198075822003946e-07,127.5,BID
700,1712308503.1547534,18858676.78906496,121.9,4.529056458351524e-07,127.5,BID
701,1712308511.004927,18862708.08994289,121.6,-6.197055915125193e-07,127.5,ASK
702,1712308526.126027,18862753.08994289,122.0,6.917556506565122e-09,127.5,BID
703,1712308530.3101857,18862753.08994289,122.0,0.0,127.5,BID
704,1712308560.2858498,18862753.08994289,122.0,0.0,127.5,BID
705,1712308590.3018534,18862753.08994289,122.0,0.0,127.5,BID
706,1712308620.415558,18862753.08994289,122.0,0.0,127.5,BID
707,1712308644.194183,18867702.55758089,121.6,-7.605231364159451e-07,127.5,ASK
708,1712308644.2839837,18870021.32418443,121.6,-3.5629602594085965e-07,127.5,ASK
709,1712308644.2870004,18870825.55864275,121.6,-1.235767071108065e-07,127.5,ASK
710,1712308650.4266407,18870825.55864275,121.6,-0.0,127.5,ASK
711,1712308666.3541677,18871237.08127649,121.5,-6.322402888909133e-08,127.5,ASK
712,1712308666.3599288,18876237.08127649,121.5,-7.681719510067808e-07,127.5,ASK
713,1712308674.204471,18876381.08127649,121.4,-2.2123352188995287e-08,127.5,ASK
714,1712308674.208233,18878852.25096346,121.4,-3.796566479416153e-07,127.5,ASK
715,1712308674.2109222,18912410.42148386,121.4,-5.155689064174591e-06,127.5,ASK
716,1712308674.3647892,18913044.53097332,121.4,-9.74210247340104e-08,127.5,ASK
717,1712308680.2798183,18913044.53097332,121.4,-0.0,127.5,ASK
718,1712308686.2577658,18920042.88432803,121.4,-1.0743416863601762e-06,127.5,ASK
719,1712308686.260671,18920867.28663635,121.3,-1.2655688006410573e-07,127.5,ASK
720,1712308686.2669995,18938044.53097332,121.3,-2.636938821555567e-06,127.5,ASK
721,1712308686.3675928,18938209.41143498,121.3,-2.5311376012134893e-08,127.5,ASK
722,1712308686.3735,18938770.82332222,121.3,-8.618430123676039e-08,127.5,ASK
723,1712308686.3764343,18938820.82332222,121.3,-7.675674775959699e-09,127.5,ASK
724,1712308687.8342018,18938985.70378388,121.3,2.5311376012134893e-08,127.5,BID
725,1712308701.5143192,18962673.41092875,121.3,3.636382724643616e-06,127.5,BID
726,1712308701.5342307,18967304.59073233,121.3,7.109486000254669e-07,127.5,BID
727,1712308701.5440245,18970515.48222504,121.3,4.929151767792524e-07,127.5,BID
728,1712308701.5985012,18972231.66657304,121.3,2.634574582165557e-07,127.5,BID
729,1712308701.603976,18975988.77712436,121.3,5.767671737851817e-07,127.5,BID
730,1712308701.6635125,18988077.30242146,121.3,1.8557517740302675e-06,127.5,BID
731,1712308710.2950983,18988077.30242146,121.3,0.0,127.5,BID
732,1712308718.244202,18988118.45468483,121.5,6.308612731508945e-09,127.5,BID
733,1712308720.1939712,18992296.98569033,121.3,-6.405658338560259e-07,127.5,ASK
734,1712308735.4441743,18992346.36840637,121.5,7.570335277468083e-09,127.5,BID
735,1712308740.427077,18992346.36840637,121.5,0.0,127.5,BID
736,1712308770.416505,18992346.36840637,121.5,0.0,127.5,BID
737,1712308798.5010543,18992871.87167145,121.4,8.05528822653033e-08,127.5,BID
738,1712308800.337425,18992871.87167145,121.4,0.0,127.5,BID
739,1712308819.9209197,18993824.87167145,121.4,-1.4670107603646868e-07,127.5,ASK
740,1712308820.5741642,18993993.81486436,121.4,-2.60064514050292e-08,127.5,ASK
741,1712308820.6741767,18994080.92203666,121.3,-1.3408935893791461e-08,127.5,ASK
742,1712308820.6789849,19000787.51730561,121.3,-1.0323869281175606e-06,127.5,ASK
743,1712308820.6841187,19021750.9884572,121.3,-3.2270343918129828e-06,127.5,ASK
744,1712308820.6942415,19028045.46042184,121.3,-9.689462857234267e-07,127.5,ASK
745,1712308821.1920772,19028088.34325984,121.2,-6.601215611795027e-09,127.5,ASK
746,1712308821.1949604,19028188.46042184,121.2,-1.5411642597244864e-08,127.5,ASK
747,1712308828.104159,19030535.34668442,121.2,-3.61270451264697e-07,127.5,ASK
748,1712308830.2658792,19030535.34668442,121.2,-0.0,127.5,ASK
749,1712308833.9340694,19031708.78981571,121.2,-1.805082835206249e-07,127.5,ASK
750,1712308838.5094457,19032533.19212403,121.3,1.2681606942646897e-07,127.5,BID
751,1712308838.604179,19034256.34730503,121.3,2.650693294523851e-07,127.5,BID
752,1712308838.6241949,19035979.50248587,121.3,2.6506932942831685e-07,127.5,BID
753,1712308838.6303043,19035979.50248603,121.3,2.4641302843567285e-17,127.5,BID
754,1712308838.6442866,19037702.65766703,121.3,2.650693294523851e-07,127.5,BID
755,1712308838.649052,19039425.81284803,121.3,2.6506932945295815e-07,127.5,BID
756,1712308839.974254,19039673.13354052,121.3,3.804482082645075e-08,127.5,BID
757,1712308840.0343614,19042669.25518957,121.3,4.6088707809368987e-07,127.5,BID
758,1712308860.4395869,19042669.25518957,121.3,0.0,127.5,BID
759,1712308873.784036,19042768.10197704,121.4,1.5201951361034314e-08,127.5,BID
760,1712308876.5342352,19050591.00513858,121.2,-1.2031083296743884e-06,127.5,ASK
761,1712308890.6045997,19050591.00513858,121.2,-0.0,127.5,ASK
762,1712308905.826245,19050687.87560062,121.2,-1.4895806649007384e-08,127.5,ASK
763,1712308905.831311,19050737.87559963,121.2,-7.688518274763698e-09,127.5,ASK
764,1712308905.8362217,19055152.07526958,121.2,-6.787731100695797e-07,127.5,ASK
765,1712308905.8497088,19055152.07527057,121.2,-1.52375243724805e-16,127.5,ASK
766,1712308906.0087132,19059528.62357775,121.1,-6.729834461404057e-07,127.5,ASK
767,1712308906.012673,19081954.29167742,121.1,-3.4484032485039683e-06,127.5,ASK
768,1712308906.0155723,19082036.86806057,121.1,-1.2697800870076511e-08,127.5,ASK
769,1712308909.1763306,19093077.35472922,121.1,-1.6976997039299566e-06,127.5,ASK
770,1712308920.4008758,19093077.35472922,121.1,-0.0,127.5,ASK
771,1712308931.2489417,19094077.35472922,121.2,1.536487964543157e-07,127.5,BID
772,1712308944.6041858,19099522.82506335,121.2,8.3668996296695e-07,127.5,BID
773,1712308945.2099152,19108727.35472922,121.2,1.4142649050887748e-06,127.5,BID
774,1712308945.2757242,19120924.43205958,121.3,1.8740662520697747e-06,127.5,BID
775,1712308945.414078,19124477.35472922,121.3,5.459022920856974e-07,127.5,BID
776,1712308945.4191012,19145102.601615,121.3,3.169044360573257e-06,127.5,BID
777,1712308945.479493,19160702.601615,121.4,2.3969212246873247e-06,127.5,BID
778,1712308945.4845507,19161259.74216062,121.4,8.560397429007404e-08,127.5,BID
779,1712308950.2941122,19161259.74216062,121.4,0.0,127.5,BID
780,1712308971.2686749,19162259.74216062,121.1,-1.5345379293102977e-07,127.5,ASK
781,1712308971.274965,19187682.69075233,121.2,-3.9012478888889205e-06,127.5,ASK
782,1712308971.2778633,19188129.9175113,121.0,-6.862864246390407e-08,127.5,ASK
783,1712308971.2807746,19303944.62563674,121.1,-1.7772206239049268e-05,127.5,ASK
784,1712308971.283724,19304061.68142186,121.0,-1.7962654211112013e-08,127.5,ASK
785,1712308971.2869515,19304116.59033186,121.1,-8.425980505029643e-09,127.5,ASK
786,1712308971.2898755,19339039.60271818,121.0,-5.359068711257876e-06,127.5,ASK
787,1712308971.2928371,19350284.54345195,121.0,-1.7255788068819153e-06,127.5,ASK
788,1712308971.295814,19461259.74216062,121.0,-1.7029565163119875e-05,127.5,ASK
789,1712308980.4061663,19461259.74216062,121.0,-0.0,127.5,ASK
790,1712308984.2640233,19511259.74216062,121.0,-7.63016713453348e-06,127.5,ASK
791,1712308993.008475,19513739.0810036,121.0,-3.7835539510165124e-07,127.5,ASK
792,1712309007.954134,19513798.39093806,121.0,-9.050894253303564e-09,127.5,ASK
793,1712309010.4353778,19513798.39093806,121.0,-0.0,127.5,ASK
794,1712309019.194272,19513876.97688847,121.0,-1.1980855777076736e-08,127.5,ASK
795,1712309019.2007987,19515778.69892165,121.0,-2.899278724532017e-07,127.5,ASK
796,1712309019.2068388,19520998.39093806,121.0,-7.957704516086947e-07,127.5,ASK
797,1712309040.2860055,19520998.39093806,121.0,-0.0,127.5,ASK
798,1712309055.8942828,19521246.52989587,120.9,-3.782511050183898e-08,127.5,ASK
799,1712309055.9049854,19522073.65975525,120.9,-1.2608370167506809e-07,127.5,ASK
800,1712309055.908468,19534240.18870476,120.9,-1.8546072168646007e-06,127.5,ASK
801,1712309055.974271,19541335.73088657,120.9,1.0816103584322469e-06,127.5,BID
802,1712309055.9841807,19541471.90055357,120.9,2.075704978640344e-08,127.5,BID
803,1712309055.994267,19545511.09125228,120.9,6.157148231188996e-07,127.5,BID
804,1712309070.3164542,19545511.09125228,120.9,0.0,127.5,BID
805,1712309072.339115,19545552.39380793,121.3,6.293120191254221e-09,127.5,BID
806,1712309085.5745654,19568735.54899593,121.0,3.532333041210344e-06,127.5,BID
807,1712309085.581246,19617522.36248993,121.0,7.433469339385433e-06,127.5,BID
808,1712309085.614514,19622908.9944968,121.0,8.207415282519902e-07,127.5,BID
809,1712309085.620474,19642136.72874939,121.0,2.9296599387467724e-06,127.5,BID
810,1712309088.624249,19642336.72874939,121.3,3.047327262027286e-08,127.5,BID
811,1712309100.4243965,19642336.72874939,121.3,0.0,127.5,BID
812,1712309106.032014,19643136.72874939,121.3,1.2203836210249198e-07,127.5,BID
813,1712309121.4006245,19643178.03130504,121.3,6.300620302788382e-09,127.5,BID
814,1712309121.6972957,19644192.35030448,120.8,-1.5473228667629045e-07,127.5,ASK
815,1712309121.7025523,19644440.48926229,120.9,-3.785308998113736e-08,127.5,ASK
816,1712309121.7070067,19645440.48926229,120.9,-1.5254795262811496e-07,127.5,ASK
817,1712309121.7100132,19645698.24257354,120.8,-3.931973991435951e-08,127.5,ASK
818,1712309121.7134058,19645739.64753222,121.0,-6.316241675327206e-09,127.5,ASK
819,1712309121.716438,19668378.03130504,120.8,-3.453439095353268e-06,127.5,ASK
820,1712309125.714238,19668419.33386069,121.3,6.300620302788382e-09,127.5,BID
821,1712309128.9734075,19669419.33386069,121.3,1.5254795262811496e-07,127.5,BID
822,1712309130.4241374,19669419.33386069,121.3,0.0,127.5,BID
823,1712309155.0970984,19672349.82895396,121.3,4.46817958817697e-07,127.5,BID
824,1712309155.1040792,19675601.48585969,121.3,4.957860890916927e-07,127.5,BID
825,1712309155.1203935,19675601.48586053,121.3,1.2836841600004426e-16,127.5,BID
826,1712309160.270378,19675601.48586053,121.3,0.0,127.5,BID
827,1712309181.3820164,19678201.29964453,121.3,3.963530552508096e-07,127.5,BID
828,1712309181.3942964,19678201.29964499,121.3,7.042417609744809e-17,127.5,BID
829,1712309184.0244198,19694001.29964499,121.4,-2.408779548560128e-06,127.5,ASK
830,1712309184.0344045,19732784.29964499,121.3,-5.912639065304268e-06,127.5,ASK
831,1712309184.084509,19739561.29964499,121.2,-1.0331834810501255e-06,127.5,ASK
832,1712309184.18562,19743318.41019632,121.2,-5.727880416276626e-07,127.5,ASK
833,1712309184.2373502,19796877.41019632,121.3,8.165305306413411e-06,127.5,BID
834,1712309184.7344604,19802943.29964499,121.2,-9.24771547328422e-07,127.5,ASK
835,1712309186.614624,19819458.57627587,121.1,-2.5178266194476594e-06,127.5,ASK
836,1712309186.6221528,19882758.79547975,120.9,-9.650397053017397e-06,127.5,ASK
837,1712309186.6754994,19894873.62227975,120.9,1.846958672796706e-06,127.5,BID
838,1712309186.6842885,19915244.47917975,120.9,3.105626802998211e-06,127.5,BID
839,1712309186.7143216,19923500.50927975,120.9,1.2586681302009369e-06,127.5,BID
840,1712309188.971112,19950957.08825526,120.8,-4.185876323394565e-06,127.5,ASK
841,1712309188.9766283,20005271.14402916,120.8,-8.280416882754554e-06,127.5,ASK
842,1712309188.9820142,20005415.14402916,120.7,-2.1953433860294843e-08,127.5,ASK
843,1712309188.9850771,20029080.68672916,120.8,-3.607916155780803e-06,127.5,ASK
844,1712309188.9881384,20165753.23409668,120.7,-2.083633145243665e-05,127.5,ASK
845,1712309188.9913692,20176106.39744659,120.6,-1.578385325327168e-06,127.5,ASK
846,1712309188.9944682,20185841.23982433,120.6,-1.4841195713892231e-06,127.5,ASK
847,1712309190.2786407,20185841.23982433,120.6,-0.0,127.5,ASK
848,1712309194.3043876,20189718.28762771,120.6,-5.855650823813368e-07,127.5,ASK
849,1712309194.3647287,20201861.87512771,120.7,1.8340916015132165e-06,127.5,BID
850,1712309194.3906348,20210137.50512771,120.7,1.2498994617715822e-06,127.5,BID
851,1712309196.5145836,20210303.20521056,120.7,2.5026305473950225e-08,127.5,BID
852,1712309199.2071495,20210385.9181965,120.7,1.2492452732696657e-08,127.5,BID
853,1712309205.1443455,20215354.43642288,120.7,7.504139572403769e-07,127.5,BID
854,1712309205.3443696,20225632.13406888,120.7,1.552279253179207e-06,127.5,BID
855,1712309205.4243302,20228615.69505303,120.7,4.5061841433845124e-07,127.5,BID
856,1712309210.064386,20228657.13425899,120.9,6.258718819588531e-09,127.5,BID
857,1712309214.384545,20228706.76205055,120.9,7.495471639167877e-09,127.5,BID
858,1712309220.4420772,20228706.76205055,120.9,0.0,127.5,BID
859,1712309232.8745873,20232842.41134748,120.9,6.241349544331711e-07,127.5,BID
860,1712309233.174695,20258642.82916406,120.9,3.893691520282076e-06,127.5,BID
861,1712309234.1355407,20258663.85709466,120.6,-3.173447641170992e-09,127.5,ASK
862,1712309234.1426923,20267948.86123716,120.7,-1.4012541251250938e-06,127.5,ASK
863,1712309234.1479156,20280200.45722339,120.6,-1.8489598013733768e-06,127.5,ASK
864,1712309234.196078,20281978.81830431,120.9,2.6838284209241655e-07,127.5,BID
865,1712309240.8047657,20292765.66254199,120.6,-1.627905572593238e-06,127.5,ASK
866,1712309240.8125136,20334853.37534199,120.6,-6.3517021934465e-06,127.5,ASK
867,1712309240.816488,20346214.18197152,120.6,-1.7145255844863677e-06,127.5,ASK
868,1712309240.9047391,20347392.86415752,120.6,1.7788180274298138e-07,127.5,BID
869,1712309240.9120543,20348166.4137247,120.6,1.1674087651080637e-07,127.5,BID
870,1712309240.9243572,20353062.95730346,120.6,7.389659480262604e-07,127.5,BID
871,1712309240.9444716,20376269.89551946,120.6,3.5022943886309297e-06,127.5,BID
872,1712309241.8044574,20377916.89551946,120.6,2.4855837527494296e-07,127.5,BID
873,1712309244.767758,20378594.75731331,120.6,1.0230007658786837e-07,127.5,BID
874,1712309245.484404,20382656.49573734,120.6,-6.129806335570769e-07,127.5,ASK
875,1712309250.4322996,20382656.49573734,120.6,-0.0,127.5,ASK
876,1712309251.0844438,20391573.44589359,120.9,1.3419467631417763e-06,127.5,BID
877,1712309251.104513,20399680.62705664,120.9,1.2200814549058374e-06,127.5,BID
878,1712309259.8545856,20402788.62333455,120.9,4.677345361266512e-07,127.5,BID
879,1712309269.636609,20511443.92315287,120.9,1.635196175086965e-05,127.5,BID
880,1712309274.7812665,20511485.25978653,121.2,6.220911944899012e-09,127.5,BID
881,1712309280.248905,20511485.25978653,121.2,0.0,127.5,BID
882,1712309296.2639716,20512310.34229478,121.2,1.238795249497964e-07,127.5,BID
883,1712309302.2947423,20512367.65559478,121.0,-8.60513258568543e-09,127.5,ASK
884,1712309310.2655406,20512367.65559478,121.0,-0.0,127.5,ASK
885,1712309313.6942842,20521253.80879478,121.0,1.3341632531561394e-06,127.5,BID
886,1712309317.8045788,20521295.14542844,121.2,6.206264555309656e-09,127.5,BID
887,1712309320.3332074,20522104.86202763,120.9,-1.215705050086373e-07,127.5,ASK
888,1712309323.8743424,20522517.40328175,121.2,6.193876802115739e-08,127.5,BID
889,1712309325.4145672,20526988.0804844,121.2,6.71225569293848e-07,127.5,BID
890,1712309326.2645533,20527029.38304005,121.2,6.2011480969429676e-09,127.5,BID
891,1712309337.084575,20540894.52044005,121.2,2.081705818333346e-06,127.5,BID
892,1712309337.0920238,20543522.78650333,121.2,3.946067462741759e-07,127.5,BID
1093,1712309338.2443285,20543572.29145382,121.2,7.43265216189008e-09,127.5,BID
893,1712309338.2443285,20543572.29145382,121.2,7.4326521618900805e-09,127.5,BID
894,1712309340.4453182,20543572.29145382,121.2,0.0,127.5,BID
895,1712309370.4404323,20543572.29145382,121.2,0.0,127.5,BID
896,1712309370.4760947,20543819.81620629,121.1,3.7142181701928e-08,127.5,BID
897,1712309377.454377,20544750.51975707,121.1,1.396561759923589e-07,127.5,BID
898,1712309381.674566,20545681.22330785,121.1,1.396561759929179e-07,127.5,BID
899,1712309389.4047856,20546981.22330785,121.2,1.950707383014036e-07,127.5,BID
900,1712309389.4124534,20549038.95812048,121.1,3.0877219163687506e-07,127.5,BID
901,1712309389.419304,20552387.22330785,121.2,5.024219708688079e-07,127.5,BID
902,1712309398.8944066,20720390.86190988,120.9,-2.520968755340007e-05,127.5,ASK
903,1712309398.9545462,20721631.55669896,120.9,-1.861717296247435e-07,127.5,ASK
904,1712309398.9618254,20721748.72415279,120.9,-1.7581493633351908e-08,127.5,ASK
905,1712309400.396983,20721748.72415279,120.9,-0.0,127.5,ASK
906,1712309407.604578,20721790.06078645,121.2,6.190965404091205e-09,127.5,BID
907,1712309408.417587,20734300.45896542,121.2,1.8736756107103847e-06,127.5,BID
908,1712309408.4233544,20757593.33508222,121.2,3.488561535691563e-06,127.5,BID
909,1712309408.426756,20792049.38530219,121.2,5.160464120724697e-06,127.5,BID
910,1712309408.4977703,20794448.63361061,121.2,-3.593341295148391e-07,127.5,ASK
911,1712309408.5147102,20808889.63481118,121.2,-2.1628209875229745e-06,127.5,ASK
912,1712309408.521932,20820881.72057175,121.2,-1.7960482384077169e-06,127.5,ASK
913,1712309423.424503,20820923.0231274,121.3,6.1858615589369e-09,127.5,BID
914,1712309428.1447434,20826461.55322904,120.8,-8.295026762676889e-07,127.5,ASK
915,1712309430.304606,20826461.55322904,120.8,-0.0,127.5,ASK
916,1712309435.6597276,20842811.55322904,120.7,-2.444085916328642e-06,127.5,ASK
917,1712309435.6633022,20855173.50604526,120.7,-1.8479311789870307e-06,127.5,ASK
918,1712309435.6667354,20893823.8617052,120.8,-5.777662992633077e-06,127.5,ASK
919,1712309435.670131,20905711.67216822,120.7,-1.7770538304989252e-06,127.5,ASK
920,1712309442.647571,20905753.04293618,121.1,6.184324851068981e-09,127.5,BID
921,1712309460.3951106,20905802.58876607,121.1,7.406377066858371e-09,127.5,BID
922,1712309460.414987,20905802.58876607,121.1,0.0,127.5,BID
923,1712309482.0047958,20905843.89132172,121.2,6.165298633973244e-09,127.5,BID
924,1712309490.4074545,20905843.89132172,121.2,0.0,127.5,BID
925,1712309520.3420844,20905843.89132172,121.2,0.0,127.5,BID
926,1712309550.3198392,20905843.89132172,121.2,0.0,127.5,BID
927,1712309578.0345185,20905893.39627221,121.2,7.389677727150825e-09,127.5,BID
928,1712309580.3280654,20905893.39627221,121.2,0.0,127.5,BID
929,1712309587.164462,20909155.05186578,121.2,4.868717546022728e-07,127.5,BID
930,1712309589.474533,20912912.16241711,121.2,5.60828988188477e-07,127.5,BID
931,1712309590.3447237,20916418.33072145,121.2,5.233704985987893e-07,127.5,BID
932,1712309591.264688,20918003.33072145,121.2,2.3659509991362445e-07,127.5,BID
933,1712309591.6045873,20918615.44447463,121.2,9.137105021599417e-08,127.5,BID
1134,1712309591.7786148,20918862.56144332,121.4,3.6887485109073654e-08,127.5,BID
934,1712309591.7786148,20918862.56144332,121.4,3.688748510907365e-08,127.5,BID
935,1712309591.7822435,20921216.44447463,121.4,3.513673129195303e-07,127.5,BID
936,1712309610.3076785,20921216.44447463,121.4,0.0,127.5,BID
937,1712309625.6945827,20924929.14182294,121.2,-5.540457336540489e-07,127.5,ASK
938,1712309632.5607965,20935627.56419163,121.4,1.596525306027313e-06,127.5,BID
939,1712309632.565655,20944522.46859163,121.4,1.3273863640738417e-06,127.5,BID
940,1712309632.8045285,20952248.06885036,121.4,-1.1528911359318785e-06,127.5,ASK
941,1712309640.4282274,20952248.06885036,121.4,-0.0,127.5,ASK
942,1712309670.428496,20952248.06885036,121.4,-0.0,127.5,ASK
943,1712309700.307884,20952248.06885036,121.4,-0.0,127.5,ASK
944,1712309703.7046013,20959248.06885036,121.0,1.053049153563439e-06,127.5,BID
945,1712309703.8591516,20961207.06885036,121.2,2.947033274043967e-07,127.5,BID
946,1712309708.794576,20961330.83122659,121.2,1.8618266504603223e-08,127.5,BID
947,1712309708.8744795,20961454.59360282,121.2,1.8618266504603223e-08,127.5,BID
948,1712309712.9244587,20969402.95211329,121.1,-1.1957160288096068e-06,127.5,ASK
949,1712309712.9290252,20994411.63917695,121.1,-3.762196677731512e-06,127.5,ASK
950,1712309730.286702,20994411.63917695,121.1,-0.0,127.5,ASK
951,1712309760.431263,20994411.63917695,121.1,-0.0,127.5,ASK
952,1712309767.1644428,20995240.66047395,121.1,1.2461859700436524e-07,127.5,BID
953,1712309790.4276478,20995240.66047395,121.1,0.0,127.5,BID
954,1712309805.1545663,20995303.85295068,120.9,-9.498958565073982e-09,127.5,ASK
955,1712309814.7047553,20995345.22371864,121.0,6.218765760944201e-09,127.5,BID
956,1712309820.2875495,20995345.22371864,121.0,0.0,127.5,BID
957,1712309848.164587,21003609.68652855,121.0,1.2422940930325792e-06,127.5,BID
958,1712309849.7946064,21003794.63300963,120.9,-2.7800708438131066e-08,127.5,ASK
959,1712309849.802336,21004079.38100963,120.9,-4.2802631766737044e-08,127.5,ASK
960,1712309850.3101056,21004079.38100963,120.9,-0.0,127.5,ASK
961,1712309874.4245434,21004120.78596831,121.0,6.2229048760874145e-09,127.5,BID
962,1712309878.9646742,21004178.16096831,120.8,-8.6231016439978e-09,127.5,ASK
963,1712309878.9724307,21010324.94292765,120.7,-9.238226687386592e-07,127.5,ASK
964,1712309878.9793253,21010737.82484342,120.8,-6.205355514871129e-08,127.5,ASK
965,1712309880.423514,21010737.82484342,120.8,-0.0,127.5,ASK
966,1712309883.274742,21011564.27112441,121.0,1.2419467592391322e-07,127.5,BID
967,1712309887.5945888,21021564.27112441,120.8,1.502755578682877e-06,127.5,BID
968,1712309899.9946127,21021605.60775807,121.0,6.211885683638397e-09,127.5,BID
969,1712309900.284602,21036257.06629465,120.8,-2.2017561051686766e-06,127.5,ASK
970,1712309906.7646513,21036298.47125333,121.0,6.222153264191291e-09,127.5,BID
971,1712309910.4244614,21036298.47125333,121.0,0.0,127.5,BID
972,1712309934.6148756,21050258.4686827,121.0,2.096873374527776e-06,127.5,BID
973,1712309934.6204462,21060706.64789984,121.0,1.5693777111039806e-06,127.5,BID
974,1712309934.634592,21068674.06052925,121.0,1.1967520403221762e-06,127.5,BID
975,1712309937.2045822,21071434.4711827,121.0,4.146298472666461e-07,127.5,BID
976,1712309937.2126665,21080000.2989827,121.0,1.2866375037305683e-06,127.5,BID
977,1712309940.3078578,21080000.2989827,121.0,0.0,127.5,BID
978,1712309951.0579984,21080041.60153835,121.2,6.198962067385911e-09,127.5,BID
979,1712309965.5846715,21090529.26733835,121.2,1.5740585890085397e-06,127.5,BID
980,1712309965.593191,21101274.79963835,121.2,1.6127609072249396e-06,127.5,BID
981,1712309967.9364245,21129087.20764908,121.2,-4.174271048023975e-06,127.5,ASK
982,1712309970.2961917,21129087.20764908,121.2,-0.0,127.5,ASK
983,1712309989.334611,21144087.20764908,121.3,2.249291269734941e-06,127.5,BID
984,1712309993.754708,21150693.31830143,121.1,-9.906044678161322e-07,127.5,ASK
985,1712309993.762597,21183723.87156319,121.1,-4.9530223390789855e-06,127.5,ASK
986,1712309996.984675,21185478.71575281,121.0,-2.631437143640497e-07,127.5,ASK
987,1712309999.0346963,21185519.95032071,121.1,6.1832369058060875e-09,127.5,BID
988,1712310000.333093,21185519.95032071,121.1,0.0,127.5,BID
989,1712310002.854761,21200190.89725847,121.1,2.202461345230144e-06,127.5,BID
990,1712310012.634634,21241479.08883567,121.1,6.19834877387336e-06,127.5,BID
991,1712310015.5645611,21247197.59106558,121.1,8.584844705261284e-07,127.5,BID
992,1712310021.004728,21247238.85959935,121.4,6.19539766508097e-09,127.5,BID
993,1712310030.289183,21247238.85959935,121.4,0.0,127.5,BID
994,1712310042.9846487,21252957.36182926,121.1,-8.575222853344789e-07,127.5,ASK
995,1712310047.3772423,21252998.59639716,121.5,6.183360516674915e-09,127.5,BID
996,1712310051.659592,21253039.79705505,121.5,6.178275515164918e-09,127.5,BID
997,1712310053.3445356,21258758.29928496,121.1,-8.575222853344789e-07,127.5,ASK
998,1712310057.7967668,21258799.49994285,121.5,6.178275515164918e-09,127.5,BID
999,1712310060.419055,21258799.49994285,121.5,0.0,127.5,BID
1000,1712310062.0666978,21264518.00217276,121.1,-8.573422910386349e-07,127.5,ASK
1201,1712310066.6146393,21264559.20283065,121.5,6.176978692481822e-09,127.5,BID
1202,1712310069.0445554,21270277.70506056,121.1,-8.573422910386349e-07,127.5,ASK
1203,1712310072.8746593,21275996.20729047,121.1,-8.573422910386349e-07,127.5,ASK
1204,1712310073.704681,21276037.40794836,121.5,6.176978692481822e-09,127.5,BID
1205,1712310076.3545542,21281755.91017827,121.1,-8.573422910386349e-07,127.5,ASK
1206,1712310079.3245463,21285155.3882318,121.1,-5.096642766883468e-07,127.5,ASK
1207,1712310079.4245732,21293905.88219241,121.1,-1.3119114478386838e-06,127.5,ASK
1208,1712310079.4444222,21321033.60374396,121.1,-4.067103939212339e-06,127.5,ASK
1209,1712310079.5446744,21337267.83937085,121.1,-2.4339059785307093e-06,127.5,ASK
1210,1712310079.5468242,21339332.31501081,121.1,-3.095150100138612e-07,127.5,ASK
1211,1712310079.5488737,21339387.56893318,121.1,-8.283904157353065e-09,127.5,ASK
1212,1712310086.9345307,21339428.83746695,121.3,6.187154934575846e-09,127.5,BID
1213,1712310090.407756,21339428.83746695,121.3,0.0,127.5,BID
1214,1712310120.2754529,21339428.83746695,121.3,0.0,127.5,BID
1215,1712310137.9945788,21339470.20110331,121.0,-6.192348150900265e-09,127.5,ASK
1216,1712310138.1144753,21340999.08540085,121.0,2.288818074528965e-07,127.5,BID
1217,1712310139.4076262,21364630.99124485,121.0,-3.537817303663448e-06,127.5,ASK
1218,1712310146.0046864,21368766.64054178,120.9,-6.191278748804159e-07,127.5,ASK
1219,1712310146.0666068,21391147.80293868,120.9,3.3505746056432337e-06,127.5,BID
1220,1712310150.271984,21391147.80293868,120.9,0.0,127.5,BID
1221,1712310180.4087763,21391147.80293868,120.9,0.0,127.5,BID
1222,1712310192.2045934,21394000.08356781,120.8,-4.266015203390196e-07,127.5,ASK
1223,1712310192.2073677,21399752.11250945,120.8,-8.603025475402558e-07,127.5,ASK
1224,1712310196.329144,21400000.25146726,120.8,3.7112917844024994e-08,127.5,BID
1225,1712310204.7963057,21403399.72952079,120.8,5.084431353578892e-07,127.5,BID
1226,1712310204.8947222,21424430.63866844,120.8,3.145489165714198e-06,127.5,BID
1227,1712310204.896968,21452378.23436117,120.8,4.179983796329151e-06,127.5,BID
1228,1712310210.4146197,21452378.23436117,120.8,0.0,127.5,BID
1229,1712310211.2746346,21460656.38005654,120.8,1.236753155440169e-06,127.5,BID
1230,1712310214.7545495,21460697.70237058,121.0,6.1735446751379196e-09,127.5,BID
1231,1712310240.2900074,21460697.70237058,121.0,0.0,127.5,BID
1232,1712310256.1445851,21460742.70237058,121.0,6.721980869185046e-09,127.5,BID
1233,1712310270.28904,21460742.70237058,121.0,0.0,127.5,BID
1234,1712310300.322875,21460742.70237058,121.0,0.0,127.5,BID
1235,1712310330.2751322,21460742.70237058,121.0,0.0,127.5,BID
1236,1712310332.804981,21464030.39288831,121.0,4.91911083299424e-07,127.5,BID
1237,1712310332.8085291,21464093.05574862,121.0,9.37574730055332e-09,127.5,BID
1238,1712310360.414625,21464093.05574862,121.0,0.0,127.5,BID
1239,1712310390.4201996,21464093.05574862,121.0,0.0,127.5,BID
1240,1712310399.5645726,21487332.57070562,121.0,3.476933596964093e-06,127.5,BID
1241,1712310399.6082928,21495032.45061475,121.0,1.152002147987397e-06,127.5,BID
1242,1712310420.2845,21495032.45061475,121.0,0.0,127.5,BID
1243,1712310421.3146515,21518015.45061475,120.9,-3.4366307630972954e-06,127.5,ASK
1244,1712310421.3169365,21520284.75938958,120.8,-3.393280401402632e-07,127.5,ASK
1245,1712310421.319177,21544463.9559282,120.8,-3.6154971349082407e-06,127.5,ASK
1246,1712310421.3246555,21554151.14152346,120.7,-1.4485176010317675e-06,127.5,ASK
1247,1712310421.326919,21554872.76647072,120.9,-1.0790403746956613e-07,127.5,ASK
1248,1712310421.3291385,21570939.74165548,120.8,-2.402482756379518e-06,127.5,ASK
1249,1712310450.288019,21570939.74165548,120.8,-0.0,127.5,ASK
1250,1712310471.4875724,21570984.74165548,121.1,6.719601458160051e-09,127.5,BID
1251,1712310480.4110632,21570984.74165548,121.1,0.0,127.5,BID
1252,1712310510.4166353,21570984.74165548,121.1,0.0,127.5,BID
1253,1712310521.2345176,21574833.22734824,120.7,-5.746726450918569e-07,127.5,ASK
1254,1712310540.2196553,21576353.01473698,120.7,-2.269412720720457e-07,127.5,ASK
1255,1712310540.2210438,21579935.06066199,120.7,-5.348866985369312e-07,127.5,ASK
1256,1712310540.286801,21579935.06066199,120.7,-0.0,127.5,ASK
1257,1712310546.0347793,21595985.06066199,120.8,-2.3962693474608754e-06,127.5,ASK
1258,1712310546.0374165,21694859.90484507,120.7,-1.4762041018746703e-05,127.5,ASK
1259,1712310546.040113,21735607.1900782,120.7,-6.0835807225166205e-06,127.5,ASK
1260,1712310546.0448022,21774366.12086987,120.6,-5.786718865821923e-06,127.5,ASK
1261,1712310546.046963,21790016.12086987,120.7,-2.336549239112941e-06,127.5,ASK
1262,1712310546.0482385,21812468.95871296,120.6,-3.352214771769896e-06,127.5,ASK
1263,1712310570.3092682,21812468.95871296,120.6,-0.0,127.5,ASK
1264,1712310570.8946576,21812513.95871296,121.1,6.690480995470461e-09,127.5,BID
1265,1712310600.317954,21812513.95871296,121.1,0.0,127.5,BID
1266,1712310630.3031723,21812513.95871296,121.1,0.0,127.5,BID
1267,1712310643.044583,21812742.41521634,120.7,-3.4269439013578e-08,127.5,ASK
1268,1712310646.714645,21812783.70340791,121.1,6.193402866584619e-09,127.5,BID
1269,1712310660.43341,21812783.70340791,121.1,0.0,127.5,BID
1270,1712310690.4061098,21812783.70340791,121.1,0.0,127.5,BID
1271,1712310706.774855,21812866.27979106,121.1,1.2386745209526454e-08,127.5,BID
1272,1712310717.181108,21814290.29036508,120.7,-2.136065480584665e-07,127.5,ASK
1273,1712310720.2962842,21814290.29036508,120.7,-0.0,127.5,ASK
1274,1712310748.0746436,21817416.42579036,121.1,4.689184135956835e-07,127.5,BID
1275,1712310748.221553,21822704.03229036,121.1,-7.931377609721169e-07,127.5,ASK
1276,1712310748.2345374,21827947.63919036,121.1,-7.865378477162536e-07,127.5,ASK
1277,1712310750.2860289,21827947.63919036,121.1,-0.0,127.5,ASK
1278,1712310780.4161708,21827947.63919036,121.1,-0.0,127.5,ASK
1279,1712310787.7349477,21828030.21557351,121.1,-1.2383335162292782e-08,127.5,ASK
1280,1712310787.8348086,21849428.68708934,121.1,3.2089616260903674e-06,127.5,BID
1281,1712310810.4195158,21849428.68708934,121.1,0.0,127.5,BID
1282,1712310819.5351846,21850026.92516038,121.0,-8.967810670678523e-08,127.5,ASK
1283,1712310819.69455,21850274.11142646,121.0,3.70541385100354e-08,127.5,BID
1284,1712310840.240305,21850319.11142646,121.1,6.745666979693278e-09,127.5,BID
1285,1712310840.3178551,21850319.11142646,121.1,0.0,127.5,BID
1286,1712310855.3647785,21851146.24128584,120.9,-1.2398783252840968e-07,127.5,ASK
1287,1712310855.37469,21851226.69262181,120.9,-1.205975900627112e-08,127.5,ASK
1288,1712310870.2760112,21851226.69262181,120.9,-0.0,127.5,ASK
1289,1712310872.01026,21851271.69262181,121.1,6.7454470786485605e-09,127.5,BID
1290,1712310900.42602,21851271.69262181,121.1,0.0,127.5,BID
1291,1712310917.1146383,21872150.36686721,121.0,3.1555201092389007e-06,127.5,BID
1292,1712310930.4146178,21872150.36686721,121.0,0.0,127.5,BID
1293,1712310937.2353382,21872195.36686721,121.0,6.7985259218674075e-09,127.5,BID
1294,1712310951.86496,21874525.67472342,121.0,3.520590748082682e-07,127.5,BID
1295,1712310952.124621,21876199.67472342,121.0,2.529051642934675e-07,127.5,BID
1296,1712310960.2902513,21876199.67472342,121.0,0.0,127.5,BID
1297,1712310971.154603,21879321.66540998,121.0,4.716303019355539e-07,127.5,BID
1298,1712310971.174659,21886098.5111624,121.0,1.0237589183550511e-06,127.5,BID
1299,1712310990.2923534,21886098.5111624,121.0,0.0,127.5,BID
1300,1712310997.2591746,21886148.5111624,121.0,-7.551992093201927e-09,127.5,ASK
1301,1712310997.2617347,21886297.11710826,121.0,-2.2445418562615e-08,127.5,ASK
1302,1712311019.9446282,21886338.3032697,121.4,6.220751310864095e-09,127.5,BID
1303,1712311020.4088888,21886338.3032697,121.4,0.0,127.5,BID
1304,1712311050.4164991,21886338.3032697,121.4,0.0,127.5,BID
1305,1712311080.271753,21886338.3032697,121.4,0.0,127.5,BID
1306,1712311110.313292,21886338.3032697,121.4,0.0,127.5,BID
1307,1712311140.428198,21886338.3032697,121.4,0.0,127.5,BID
1308,1712311170.4060502,21886338.3032697,121.4,0.0,127.5,BID
1309,1712311200.386511,21886338.3032697,121.4,0.0,127.5,BID
1310,1712311230.2848065,21886338.3032697,121.4,0.0,127.5,BID
1311,1712311245.3748422,21886420.81152052,121.2,-1.2585660136527985e-08,127.5,ASK
1312,1712311245.3783455,21886756.33949265,121.2,-5.118083320717004e-08,127.5,ASK
1313,1712311260.3182554,21886756.33949265,121.2,-0.0,127.5,ASK
1314,1712311263.305907,21886921.35599431,121.2,-2.5171125740877284e-08,127.5,ASK
1315,1712311268.3246994,21889260.83540296,121.2,-3.568572219777013e-07,127.5,ASK
1316,1712311268.4296458,21889989.77264593,121.2,1.1118991625245473e-07,127.5,BID
1317,1712311268.4847174,21893636.24578595,121.3,-5.562221535062924e-07,127.5,ASK
1318,1712311282.2047148,21896536.64749715,121.3,-4.4241863957014354e-07,127.5,ASK
1319,1712311282.2246048,21896700.12192702,121.3,-2.4935902701859872e-08,127.5,ASK
1320,1712311290.2727034,21896700.12192702,121.3,-0.0,127.5,ASK
1321,1712311320.410426,21896700.12192702,121.3,-0.0,127.5,ASK
1322,1712311350.4347458,21896700.12192702,121.3,-0.0,127.5,ASK
1323,1712311356.0245783,21897200.70313064,121.3,7.634312366479802e-08,127.5,BID
1324,1712311360.962046,21897448.02382313,121.3,3.77186240216631e-08,127.5,BID
1325,1712311380.3017962,21897448.02382313,121.3,0.0,127.5,BID
1326,1712311382.3895252,21897662.54527527,121.2,3.271599301725813e-08,127.5,BID
1327,1712311390.9347994,21897825.60798154,121.2,2.4868181277270584e-08,127.5,BID
1328,1712311407.4748724,21898651.37181308,121.1,-1.2593464885254924e-07,127.5,ASK
1329,1712311410.3209004,21898651.37181308,121.1,-0.0,127.5,ASK
1330,1712311440.494507,21898651.37181308,121.1,-0.0,127.5,ASK
1331,1712311470.425986,21898651.37181308,121.1,-0.0,127.5,ASK
1332,1712311476.8314478,21898701.37181308,121.0,-7.625173481300028e-09,127.5,ASK
1333,1712311476.834894,21898751.37181308,121.0,-7.625173481300028e-09,127.5,ASK
1334,1712311476.8368926,21899440.96185809,121.0,-1.0516487448339321e-07,127.5,ASK
1335,1712311500.287701,21899440.96185809,121.0,-0.0,127.5,ASK
1336,1712311520.8970716,21899606.25111428,121.0,-2.5420359833448293e-08,127.5,ASK
1337,1712311520.9008632,21900159.7906606,121.0,-8.513060542458775e-08,127.5,ASK
1338,1712311530.2684104,21900159.7906606,121.0,-0.0,127.5,ASK
1339,1712311560.425132,21900159.7906606,121.0,-0.0,127.5,ASK
1340,1712311590.4209468,21900159.7906606,121.0,-0.0,127.5,ASK
1341,1712311620.2736394,21900159.7906606,121.0,-0.0,127.5,ASK
1342,1712311625.4686103,21908017.17236434,120.8,-1.2083955308233722e-06,127.5,ASK
1343,1712311625.471476,21908182.73527824,120.8,-2.5462105924447656e-08,127.5,ASK
1344,1712311625.474192,21910621.14250305,120.9,-3.750053776035162e-07,127.5,ASK
1345,1712311625.608822,21913177.80389661,121.0,3.93191818635631e-07,127.5,BID
1346,1712311625.7487764,21933266.39021036,121.1,-3.0894461841591645e-06,127.5,ASK
1347,1712311650.3024397,21933266.39021036,121.1,-0.0,127.5,ASK
1348,1712311680.428083,21933266.39021036,121.1,-0.0,127.5,ASK
1349,1712311710.4204175,21933266.39021036,121.1,-0.0,127.5,ASK
1350,1712311719.7201118,21933579.12199843,120.8,-4.8065758744676345e-08,127.5,ASK
1351,1712311719.723637,21934057.52945086,120.8,-7.352951656167755e-08,127.5,ASK
1352,1712311722.3501012,21950572.80608175,121.1,2.538339025410367e-06,127.5,BID
1353,1712311722.3535786,21950737.95884805,121.1,2.5383390253078785e-08,127.5,BID
1354,1712311722.3567922,21953633.2157789,121.2,4.449906483802083e-07,127.5,BID
1355,1712311740.2927237,21953633.2157789,121.2,0.0,127.5,BID
1356,1712311770.283262,21953633.2157789,121.2,0.0,127.5,BID
1357,1712311800.3513465,21953633.2157789,121.2,0.0,127.5,BID
1358,1712311830.3027456,21953633.2157789,121.2,0.0,127.5,BID
1359,1712311858.6013932,21953674.47815513,121.2,6.384795605245223e-09,127.5,BID
1360,1712311858.691553,21954417.0524126,121.2,1.149033402539652e-07,127.5,BID
1361,1712311860.4616053,21954417.0524126,121.2,0.0,127.5,BID
1362,1712311863.7515488,21954498.87439953,121.0,-1.2660661620343848e-08,127.5,ASK
1363,1712311886.9857976,21954520.19074489,121.2,3.298368149019264e-09,127.5,BID
1364,1712311890.421775,21954520.19074489,121.2,0.0,127.5,BID
1365,1712311913.602142,21979231.88761474,121.4,3.823737842358227e-06,127.5,BID
1366,1712311920.3230665,21979231.88761474,121.4,0.0,127.5,BID
1367,1712311950.304495,21979231.88761474,121.4,0.0,127.5,BID
1368,1712311967.902512,21979273.08201342,121.4,6.3712134547046475e-09,127.5,BID
1369,1712311975.2826765,21981332.15132555,121.4,3.184600461508695e-07,127.5,BID
1370,1712311980.4649887,21981332.15132555,121.4,0.0,127.5,BID
1371,1712312010.437758,21981332.15132555,121.4,0.0,127.5,BID
1372,1712312031.1630642,21989589.789641,121.1,-1.2770935711544265e-06,127.5,ASK
1373,1712312040.2968702,21989589.789641,121.1,-0.0,127.5,ASK
1374,1712312051.7834277,21989634.789641,121.4,6.9584452504711685e-09,127.5,BID
1375,1712312070.2948833,21989634.789641,121.4,0.0,127.5,BID
1376,1712312075.353329,21991694.09771348,121.4,3.184348971385471e-07,127.5,BID
1377,1712312100.317416,21991694.09771348,121.4,0.0,127.5,BID
1378,1712312109.8536742,21993238.32135433,121.4,2.39416753332919e-07,127.5,BID
1379,1712312130.3215654,21993238.32135433,121.4,0.0,127.5,BID
1380,1712312141.0140245,21994889.84901741,121.1,-2.560457491605689e-07,127.5,ASK
1381,1712312141.01785,22004100.18503287,121.1,-1.4279309016829236e-06,127.5,ASK
1382,1712312160.4365714,22004100.18503287,121.1,-0.0,127.5,ASK
1383,1712312190.4312208,22004100.18503287,121.1,-0.0,127.5,ASK
1384,1712312204.674276,22005035.83004552,121.4,1.4502880487106128e-07,127.5,BID
1385,1712312204.7005358,22006567.13349646,121.4,2.373582997630313e-07,127.5,BID
1386,1712312204.7035348,22014696.68788942,121.4,1.2601141905359557e-06,127.5,BID
1387,1712312204.7064557,22018315.44056036,121.4,5.60921469034063e-07,127.5,BID
1388,1712312204.814333,22021921.83576965,121.4,5.590060119214864e-07,127.5,BID
1389,1712312205.6741793,22021965.33378209,121.4,6.7423698875696316e-09,127.5,BID
1390,1712312209.1992505,22022030.31633689,121.4,1.007256185012999e-08,127.5,BID
1391,1712312220.295087,22022030.31633689,121.4,0.0,127.5,BID
1392,1712312250.3131912,22022030.31633689,121.4,0.0,127.5,BID
1393,1712312280.4297905,22022030.31633689,121.4,0.0,127.5,BID
1394,1712312281.604997,22074256.46935989,121.7,-8.092536962687825e-06,127.5,ASK
1395,1712312281.628351,22075413.31633689,121.7,-1.7925553347604641e-07,127.5,ASK
1396,1712312281.6324255,22076303.70899983,121.7,1.379679551161679e-07,127.5,BID
1397,1712312310.4372456,22076303.70899983,121.7,0.0,127.5,BID
1398,1712312323.4080975,22078177.02952991,121.7,2.8997762487535865e-07,127.5,BID
1399,1712312323.4099798,22080266.5677008,121.7,3.234466852584743e-07,127.5,BID
1400,1712312323.4149191,22080431.31245837,121.8,2.550139858280825e-08,127.5,BID
1401,1712312323.4248793,22084705.13579187,121.7,6.615595780254858e-07,127.5,BID
1402,1712312323.4268198,22094086.2869418,121.9,1.452140135856977e-06,127.5,BID
1403,1712312323.4289167,22094206.2869418,121.8,1.8575206125334e-08,127.5,BID
1404,1712312323.43196,22094866.5677008,121.9,1.0220709332503133e-07,127.5,BID
1405,1712312323.503238,22095782.21646548,121.8,1.417363711863195e-07,127.5,BID
1406,1712312323.5060256,22096696.75766963,121.8,1.4156492814343033e-07,127.5,BID
1407,1712312323.5078063,22098778.3499709,121.8,3.222167172080323e-07,127.5,BID
1408,1712312323.551331,22099680.25094024,121.8,1.396083034179583e-07,127.5,BID
1409,1712312324.4049213,22110880.25094024,121.8,1.733685905031173e-06,127.5,BID
1410,1712312340.282672,22110880.25094024,121.8,0.0,127.5,BID
1411,1712312344.6650572,22110925.25094024,121.9,6.961164116931299e-09,127.5,BID
1412,1712312368.87532,22111007.28539471,121.9,1.2690117795535896e-08,127.5,BID
1413,1712312370.316785,22111007.28539471,121.9,0.0,127.5,BID
1414,1712312386.1055913,22133990.28539471,121.5,-3.555290036654485e-06,127.5,ASK
1415,1712312386.1097906,22135679.38318518,121.4,-2.612901947265784e-07,127.5,ASK
1416,1712312386.1132054,22145679.38318518,121.6,-1.5469216536807577e-06,127.5,ASK
1417,1712312386.1165094,22159569.87224277,121.4,-2.148749830340054e-06,127.5,ASK
1418,1712312400.3316877,22159569.87224277,121.4,-0.0,127.5,ASK
1419,1712312430.3065617,22159569.87224277,121.4,-0.0,127.5,ASK
1420,1712312438.388257,22159614.87224277,121.8,6.975754907154542e-09,127.5,BID
1421,1712312449.4056764,22174043.32413524,121.6,2.236652090922987e-06,127.5,BID
1422,1712312460.4311068,22174043.32413524,121.6,0.0,127.5,BID
1423,1712312464.508811,22182267.00834577,121.2,-1.2744613039417437e-06,127.5,ASK
1424,1712312490.4403613,22182267.00834577,121.2,-0.0,127.5,ASK
1425,1712312495.246001,22183693.31942767,121.6,2.21007701110806e-07,127.5,BID
1426,1712312495.2502413,22206893.31942767,121.6,3.594852995848271e-06,127.5,BID
1427,1712312495.3459184,22208586.42662923,121.6,2.623479093028033e-07,127.5,BID
1428,1712312495.350097,22208799.7014481,121.6,3.3047052653363094e-08,127.5,BID
1429,1712312498.2758925,22209619.78755508,122.0,1.2707280166054706e-07,127.5,BID
1430,1712312498.279219,22215385.06247677,122.1,8.933325786260028e-07,127.5,BID
1431,1712312498.282457,22220706.5263739,122.0,8.245638117629814e-07,127.5,BID
1432,1712312498.2854772,22223599.7014481,122.0,4.4829909840540026e-07,127.5,BID
1433,1712312499.9638484,22223644.7014481,122.1,6.972775207464318e-09,127.5,BID
1434,1712312506.9861455,22224440.53717876,122.1,1.233151922653167e-07,127.5,BID
1435,1712312506.990383,22232205.39495289,122.1,1.203169061709938e-06,127.5,BID
1436,1712312506.994583,22233844.7014481,122.2,2.540114597166575e-07,127.5,BID
1437,1712312520.3148923,22233844.7014481,122.2,0.0,127.5,BID
1438,1712312521.5062494,22256073.9266301,122.0,-3.4410804789190177e-06,127.5,ASK
1439,1712312521.5108013,22287096.7014481,122.0,-4.802320546673315e-06,127.5,ASK
1440,1712312521.6660469,22290835.05041406,122.0,5.786958179974131e-07,127.5,BID
1441,1712312521.6700475,22293942.2014481,122.0,4.809864797696626e-07,127.5,BID
1442,1712312536.6761997,22293942.2014489,121.8,-1.2340830841154515e-16,127.5,ASK
1443,1712312536.6859837,22297678.5286189,121.8,-5.783828443086122e-07,127.5,ASK
1444,1712312542.1071606,22297924.83403762,121.8,-3.8128039159179313e-08,127.5,ASK
1445,1712312542.7660766,22297969.83403762,121.9,6.965992754293829e-09,127.5,BID
1446,1712312544.8160565,22311251.08403762,121.7,-2.055935361510332e-06,127.5,ASK
1447,1712312545.3160064,22321125.5233561,121.9,1.5285616165607243e-06,127.5,BID
1448,1712312550.0359435,22322466.33649743,121.9,2.07557658386094e-07,127.5,BID
1449,1712312550.317455,22322466.33649743,121.9,0.0,127.5,BID
1450,1712312557.8462436,22323453.83881404,121.9,1.526099203533572e-07,127.5,BID
1451,1712312575.6554017,22350946.38807512,121.8,-4.248735099125461e-06,127.5,ASK
1452,1712312575.659107,22356294.57833745,121.7,-8.265164306361329e-07,127.5,ASK
1453,1712312575.8163164,22356790.88050376,121.9,7.669919634389507e-08,127.5,BID
1454,1712312575.8206165,22357946.94234441,121.9,1.7865933320636118e-07,127.5,BID
1455,1712312575.8249018,22360433.12871374,121.9,3.842185455421329e-07,127.5,BID
1456,1712312575.8543804,22362279.97996886,121.8,2.854148473459669e-07,127.5,BID
1457,1712312575.8593569,22366789.24573308,121.8,6.968679238064617e-07,127.5,BID
1458,1712312576.1192994,22373061.64438916,121.8,9.69344824036578e-07,127.5,BID
1459,1712312576.1560574,22376185.81168433,121.8,4.828129656682975e-07,127.5,BID
1460,1712312576.2228088,22380108.69529014,121.8,6.06247645771801e-07,127.5,BID
1461,1712312576.2587385,22384035.49515718,121.8,6.068528699861864e-07,127.5,BID
1462,1712312577.2290552,22386006.24620464,121.8,3.0456248591119176e-07,127.5,BID
1463,1712312577.2383282,22389220.62540096,121.8,4.967544327595342e-07,127.5,BID
1464,1712312577.3163507,22391874.85122331,121.8,4.10187585928214e-07,127.5,BID
1465,1712312577.4306393,22401617.99814231,121.8,-1.505718873050991e-06,127.5,ASK
1466,1712312577.4348557,22401617.9981432,121.8,-1.375950039173351e-16,127.5,ASK
1467,1712312577.4960096,22406312.65626369,121.9,7.255187049226673e-07,127.5,BID
1468,1712312577.5440147,22409194.73631516,121.9,4.454004813044509e-07,127.5,BID
1469,1712312577.55043,22413894.08116853,121.9,7.262429988499358e-07,127.5,BID
1470,1712312580.4519956,22413894.08116853,121.9,0.0,127.5,BID
1471,1712312581.9362438,22417097.8350502,121.9,4.942616874891145e-07,127.5,BID
1472,1712312597.696549,22421454.7445162,121.7,-6.721656857675462e-07,127.5,ASK
1473,1712312597.7012336,22421454.74451658,121.7,-5.862165771958143e-17,127.5,ASK
1474,1712312602.9365022,22421499.74451658,121.9,6.942410921219896e-09,127.5,BID
1475,1712312610.4263256,22421499.74451658,121.9,0.0,127.5,BID
1476,1712312640.296457,22421499.74451658,121.9,0.0,127.5,BID
1477,1712312643.786536,22454796.39761524,121.6,-5.1361337856800665e-06,127.5,ASK
1478,1712312645.4950511,22463321.24122624,121.6,-1.3149891419528632e-06,127.5,ASK
1479,1712312645.4972034,22463321.2412271,121.6,-1.327418443483963e-16,127.5,ASK
1480,1712312660.756904,22463366.2412271,121.7,6.941418997001842e-09,127.5,BID
1481,1712312670.3204722,22463366.2412271,121.7,0.0,127.5,BID
1482,1712312700.4166987,22463366.2412271,121.7,0.0,127.5,BID
1483,1712312722.4503083,22491369.7676751,121.5,-4.324486962592709e-06,127.5,ASK
1484,1712312722.473316,22516837.2412271,121.5,-3.932853155130486e-06,127.5,ASK
1485,1712312723.3042822,22517662.5921761,121.1,-1.2745606968922469e-07,127.5,ASK
1486,1712312723.3064091,22528322.8729351,121.1,-1.6462299934077958e-06,127.5,ASK
1487,1712312723.3122149,22535334.8500181,121.1,-1.0828351755529432e-06,127.5,ASK
1488,1712312723.318313,22535334.85001839,121.1,-4.48721202982749e-17,127.5,ASK
1489,1712312730.4169464,22535334.85001839,121.1,-0.0,127.5,ASK
1490,1712312760.3249378,22535334.85001839,121.1,-0.0,127.5,ASK
1491,1712312790.2989469,22535334.85001839,121.1,-0.0,127.5,ASK
1492,1712312820.4374783,22535334.85001839,121.1,-0.0,127.5,ASK
1493,1712312850.4472194,22535334.85001839,121.1,-0.0,127.5,ASK
1494,1712312876.9999733,22535417.42640154,121.1,1.2734801283414862e-08,127.5,BID
1495,1712312880.317279,22535417.42640154,121.1,0.0,127.5,BID
1496,1712312886.597406,22536417.42640154,121.1,1.542182057154077e-07,127.5,BID
1497,1712312910.315707,22536417.42640154,121.1,0.0,127.5,BID
1498,1712312940.4525816,22536417.42640154,121.1,0.0,127.5,BID
1499,1712312941.6773674,22539718.8310254,121.1,5.091271890618893e-07,127.5,BID
1500,1712312961.6978028,22556687.37057444,121.1,2.616808851800698e-06,127.5,BID
1501,1712312961.702583,22559938.98996776,121.1,5.014495435232851e-07,127.5,BID
1502,1712312970.4376776,22559938.98996776,121.1,0.0,127.5,BID
1503,1712312970.5482066,22560186.71911722,121.1,3.818685686413144e-08,127.5,BID
1504,1712312977.0677376,22560386.71911722,121.1,3.082952244194837e-08,127.5,BID
1505,1712312984.5272274,22579670.37057444,121.1,2.9725288268154205e-06,127.5,BID
1506,1712312984.5375464,22588861.07829111,121.0,-1.4167256490423115e-06,127.5,ASK
1507,1712312984.5406685,22588943.7229192,121.0,-1.2739472081869381e-08,127.5,ASK
1508,1712312984.5442224,22589374.72643078,121.1,-6.643816216431283e-08,127.5,ASK
1509,1712312984.5577476,22596784.20960364,121.1,1.1421541388046304e-06,127.5,BID
1510,1712313000.3782778,22596784.20960364,121.1,0.0,127.5,BID
1511,1712313016.657992,22607983.30291431,121.0,-1.770784831782926e-06,127.5,ASK
1512,1712313016.6627452,22608792.59519764,121.0,-1.2796415388687546e-07,127.5,ASK
1513,1712313016.7376711,22608792.59519828,121.0,-1.0131447501145776e-16,127.5,ASK
1514,1712313024.3286698,22610838.1641319,120.9,-3.234424733799747e-07,127.5,ASK
1515,1712313024.333428,22611665.29399128,120.9,-1.3078460624220808e-07,127.5,ASK
1516,1712313026.91801,22611709.4930909,120.9,-6.988699265119793e-09,127.5,ASK
1517,1712313026.9227605,22640663.92415728,120.9,-4.578233784015596e-06,127.5,ASK
1518,1712313027.0389843,22640663.92415766,120.9,-6.008183983237613e-17,127.5,ASK
1519,1712313028.057847,22640705.74369408,120.8,-6.6124460888408205e-09,127.5,ASK
1520,1712313028.06259,22650694.53570966,120.8,-1.579413698801555e-06,127.5,ASK
1521,1712313028.4377213,22651881.24038281,120.8,-1.8764006841658106e-07,127.5,ASK
1522,1712313028.447795,22652025.24038281,120.8,-2.2769076808549906e-08,127.5,ASK
1523,1712313030.2995944,22652025.24038281,120.8,-0.0,127.5,ASK
1524,1712313040.1284208,22652108.09042423,120.7,-1.3086312138518816e-08,127.5,ASK
1525,1712313040.1342173,22656577.42282912,120.7,-7.059390423868098e-07,127.5,ASK
1526,1712313040.138208,22659316.00794724,120.7,-4.3256441469042987e-07,127.5,ASK
1527,1712313041.557917,22659975.92133165,120.7,-1.0423449867807409e-07,127.5,ASK
1528,1712313047.6234305,22660805.108728,120.8,1.3097163144454245e-07,127.5,BID
1529,1712313049.6691658,22661135.06542021,120.7,-5.211724933991966e-08,127.5,ASK
1530,1712313060.3759923,22661135.06542021,120.7,-0.0,127.5,ASK
1531,1712313087.8189292,22662333.59926903,120.7,-1.8927768820212894e-07,127.5,ASK
1532,1712313090.2879603,22662333.59926903,120.7,-0.0,127.5,ASK
1533,1712313098.4661098,22665717.8629387,120.7,-5.344454563238357e-07,127.5,ASK
1534,1712313098.6293848,22685079.23782335,120.7,3.057562839450336e-06,127.5,BID
1535,1712313098.6343646,22685846.83593928,120.7,1.2121967003320008e-07,127.5,BID
