,time,acc_trade_volume,trade_price,dev,high,ask_bid
0,1712300395.4883482,1470061.9538182,1355.0,0.0,1392.0,BID
1,1712300400.1769514,1470061.9538182,1355.0,0.0,1392.0,BID
2,1712300407.222264,1470069.31758845,1358.0,1.306735950100028e-09,1392.0,BID
3,1712300430.1338592,1470069.31758845,1358.0,0.0,1392.0,BID
4,1712300460.2034533,1470069.31758845,1358.0,0.0,1392.0,BID
5,1712300490.1836348,1470069.31758845,1358.0,0.0,1392.0,BID
6,1712300520.1425345,1470069.31758845,1358.0,0.0,1392.0,BID
7,1712300550.1242552,1470069.31758845,1358.0,0.0,1392.0,BID
8,1712300554.0727866,1470245.21830632,1357.0,3.1214361121606075e-08,1392.0,BID
9,1712300554.172795,1470803.62766259,1357.0,-9.909221242159477e-08,1392.0,ASK
10,1712300580.202873,1470803.62766259,1357.0,-0.0,1392.0,ASK
11,1712300610.193663,1470803.62766259,1357.0,-0.0,1392.0,ASK
12,1712300640.1356325,1470803.62766259,1357.0,-0.0,1392.0,ASK
13,1712300644.9032948,1470807.31497822,1356.0,6.542148005789512e-10,1392.0,BID
14,1712300670.144087,1470807.31497822,1356.0,0.0,1392.0,BID
15,1712300676.143335,1470881.22480822,1353.0,-1.3113296134987212e-08,1392.0,ASK
16,1712300676.1446722,1471716.05435145,1353.0,-1.4811787583068317e-07,1392.0,ASK
17,1712300676.1630015,1472455.15265152,1353.0,-1.3113296136226498e-07,1392.0,ASK
18,1712300686.683338,1477110.38738879,1353.0,-8.25945232016987e-07,1392.0,ASK
19,1712300686.7832618,1477130.38738879,1352.0,-3.5484579344814876e-09,1392.0,ASK
20,1712300686.784305,1477204.35188583,1352.0,-1.312299531958062e-08,1392.0,ASK
21,1712300700.193149,1477204.35188583,1352.0,-0.0,1392.0,ASK
22,1712300701.1631892,1477884.16153883,1352.0,-1.2074925772689114e-07,1392.0,ASK
23,1712300716.4833217,1478935.42947683,1351.0,-1.867284799875799e-07,1392.0,ASK
24,1712300716.503375,1487601.42947683,1351.0,-1.5392736229082017e-06,1392.0,ASK
25,1712300716.505015,1488694.73594983,1351.0,-1.941954553015993e-07,1392.0,ASK
26,1712300722.1832302,1491391.49259186,1351.0,-4.790037348810763e-07,1392.0,ASK
27,1712300730.184845,1491391.49259186,1351.0,-0.0,1392.0,ASK
28,1712300743.2634015,1491465.47334686,1351.0,-1.3096034948549305e-08,1392.0,ASK
29,1712300743.264766,1491539.49259186,1351.0,-1.3102848428454169e-08,1392.0,ASK
30,1712300743.283477,1491539.53108186,1351.0,-6.8134798636509545e-12,1392.0,ASK
31,1712300743.3836186,1491546.93848926,1350.0,-1.3112554229570763e-09,1392.0,ASK
32,1712300743.385573,1491687.53108186,1350.0,-2.48876279540464e-08,1392.0,ASK
33,1712300760.13511,1491687.53108186,1350.0,-0.0,1392.0,ASK
34,1712300761.0138285,1492209.53108186,1350.0,-9.239763054756741e-08,1392.0,ASK
35,1712300761.1537015,1492614.53108186,1350.0,-7.168781680414712e-08,1392.0,ASK
36,1712300761.1749558,1492941.53108186,1350.0,-5.788127430853359e-08,1392.0,ASK
37,1712300761.193399,1493736.53108186,1350.0,-1.407205292822147e-07,1392.0,ASK
38,1712300761.2334292,1493995.53108186,1350.0,-4.584480136363977e-08,1392.0,ASK
39,1712300761.2531493,1494355.53108186,1350.0,-6.372250382590856e-08,1392.0,ASK
40,1712300761.2732308,1494983.53108186,1350.0,-1.1116036778519601e-07,1392.0,ASK
41,1712300761.5133483,1495057.60515593,1350.0,-1.3111626300900709e-08,1392.0,ASK
42,1712300761.514768,1496928.00713652,1350.0,-3.310741593448278e-07,1392.0,ASK
43,1712300761.8793595,1497484.63858046,1350.0,-9.85276369891506e-08,1392.0,ASK
44,1712300762.1734912,1497504.63858046,1350.0,-3.5401391014393636e-09,1392.0,ASK
45,1712300762.1834671,1498197.30782297,1350.0,-1.2260727348867942e-07,1392.0,ASK
46,1712300762.2356095,1502017.20890958,1350.0,-6.761490600169464e-07,1392.0,ASK
47,1712300762.2432785,1502091.33789401,1349.0,-1.3121345816509253e-08,1392.0,ASK
48,1712300762.2443466,1502191.33789401,1348.0,-1.7700695507196817e-08,1392.0,ASK
49,1712300790.1456735,1502191.33789401,1348.0,-0.0,1392.0,ASK
50,1712300820.1759012,1502191.33789401,1348.0,-0.0,1392.0,ASK
51,1712300826.143653,1502243.27924501,1347.0,-9.170961867093714e-09,1392.0,ASK
52,1712300826.144885,1503113.62822541,1347.0,-1.536721158884861e-07,1392.0,ASK
53,1712300826.1635988,1503447.37004047,1347.0,-5.892672024180285e-08,1392.0,ASK
54,1712300826.1651454,1503667.00242425,1347.0,-3.877912641154503e-08,1392.0,ASK
55,1712300826.323933,1503689.9912987,1347.0,4.059002834722528e-09,1392.0,BID
56,1712300826.6532762,1504205.92891186,1345.0,-9.109590114571286e-08,1392.0,ASK
57,1712300829.6535645,1504250.43929761,1348.0,7.858922468148479e-09,1392.0,BID
58,1712300839.0535133,1504612.97723374,1345.0,-6.401107255777192e-08,1392.0,ASK
59,1712300839.054581,1504699.85887731,1345.0,-1.534015239857331e-08,1392.0,ASK
60,1712300844.0737486,1504707.29010408,1345.0,-1.3120855738320427e-09,1392.0,ASK
61,1712300844.0749848,1505127.73287524,1345.0,-7.423496977557764e-08,1392.0,ASK
62,1712300844.0758631,1506778.61628742,1345.0,-2.914862345428088e-07,1392.0,ASK
63,1712300850.1947844,1506778.61628742,1345.0,-0.0,1392.0,ASK
64,1712300866.2836635,1507008.41628742,1345.0,4.053018414248516e-08,1392.0,BID
65,1712300880.1180606,1507008.41628742,1345.0,0.0,1392.0,BID
66,1712300910.1352224,1507008.41628742,1345.0,0.0,1392.0,BID
67,1712300940.1839044,1507008.41628742,1345.0,0.0,1392.0,BID
68,1712300940.203823,1509700.13552592,1345.0,4.747168388436138e-07,1392.0,BID
69,1712300940.2050412,1510511.13552592,1347.0,1.4302953695747724e-07,1392.0,BID
70,1712300940.2139466,1511190.94517892,1346.0,1.1989255226610317e-07,1392.0,BID
71,1712300940.215664,1511337.97411095,1345.0,2.5930308344777707e-08,1392.0,BID
72,1712300940.217296,1511807.91391622,1347.0,8.287949783680211e-08,1392.0,BID
73,1712300970.1874998,1511807.91391622,1347.0,0.0,1392.0,BID
74,1712301000.1539142,1511807.91391622,1347.0,0.0,1392.0,BID
75,1712301030.13587,1511807.91391622,1347.0,0.0,1392.0,BID
76,1712301049.505412,1512623.93765509,1347.0,1.4669615592638033e-07,1392.0,BID
77,1712301050.4323838,1513434.93765509,1345.0,-1.4579304104688248e-07,1392.0,ASK
78,1712301050.4371352,1513439.10574509,1344.0,-7.492953347280036e-10,1392.0,ASK
79,1712301050.43847,1513442.8605641,1344.0,-6.750018274607148e-10,1392.0,ASK
80,1712301050.4397895,1514922.0733253,1343.0,-2.659172956975029e-07,1392.0,ASK
81,1712301050.4410863,1515624.20440714,1344.0,-1.262217332120771e-07,1392.0,ASK
82,1712301060.2162373,1515624.20440714,1344.0,-0.0,1392.0,ASK
83,1712301068.334141,1516103.18066814,1347.0,8.602596094300566e-08,1392.0,BID
84,1712301068.3541412,1516103.18066827,1347.0,2.333403692499785e-17,1392.0,BID
85,1712301069.8341432,1516706.16541265,1343.0,-1.0829835691845614e-07,1392.0,ASK
86,1712301069.8446124,1516714.40963838,1343.0,-1.480694344161331e-09,1392.0,ASK
87,1712301076.044557,1516830.58292897,1343.0,-2.0865165505389413e-08,1392.0,ASK
88,1712301076.0460207,1518402.03952731,1343.0,-2.822395908936063e-07,1392.0,ASK
89,1712301076.0474677,1518436.2433276,1342.0,-6.143132817681899e-09,1392.0,ASK
90,1712301076.0488906,1518864.43716527,1343.0,-7.69052442777243e-08,1392.0,ASK
91,1712301076.0503287,1520420.59364813,1342.0,-2.794916318737477e-07,1392.0,ASK
92,1712301076.0517824,1521239.65545006,1343.0,-1.4710661951305454e-07,1392.0,ASK
93,1712301076.0532265,1521488.40504782,1342.0,-4.467637526920436e-08,1392.0,ASK
94,1712301076.054659,1521513.90726718,1341.0,-4.580295737517335e-09,1392.0,ASK
95,1712301084.7144136,1521517.6211293,1347.0,6.67023783205107e-10,1392.0,BID
96,1712301090.1959846,1521517.6211293,1347.0,0.0,1392.0,BID
97,1712301120.1362865,1521517.6211293,1347.0,0.0,1392.0,BID
98,1712301150.1442423,1521517.6211293,1347.0,0.0,1392.0,BID
99,1712301180.1852088,1521517.6211293,1347.0,0.0,1392.0,BID
100,1712301208.1241474,1521566.6211293,1347.0,8.788093965404464e-09,1392.0,BID
101,1712301210.1928864,1521566.6211293,1347.0,0.0,1392.0,BID
102,1712301212.8031802,1521941.6745784,1347.0,6.726461094975214e-08,1392.0,BID
103,1712301234.4222856,1522752.6745784,1345.0,-1.454502007944128e-07,1392.0,ASK
104,1712301234.4238644,1522901.59519513,1345.0,-2.670842614770572e-08,1392.0,ASK
105,1712301234.484451,1524244.3305759,1345.0,2.4081520437330465e-07,1392.0,BID
106,1712301234.9322944,1524267.30239628,1348.0,4.1199209456162855e-09,1392.0,BID
107,1712301240.1322677,1524267.30239628,1348.0,0.0,1392.0,BID
108,1712301246.5521486,1524313.1782751,1348.0,8.222331264483363e-09,1392.0,BID
109,1712301246.5541258,1524633.70694524,1348.0,5.744833610706084e-08,1392.0,BID
110,1712301246.8318455,1524682.70694524,1348.0,-8.782267333576718e-09,1392.0,ASK
111,1712301246.8522692,1525161.68320624,1348.0,-8.584688919465878e-08,1392.0,ASK
112,1712301257.8316753,1525841.49285924,1349.0,1.2184224711411848e-07,1392.0,BID
113,1712301257.8335855,1526652.49285924,1349.0,1.4535548586797388e-07,1392.0,BID
114,1712301270.1253445,1526652.49285924,1349.0,0.0,1392.0,BID
115,1712301285.731524,1526799.11204928,1348.0,-2.6263407707341173e-08,1392.0,ASK
116,1712301285.7396102,1527428.46777066,1346.0,-1.1273439649365737e-07,1392.0,ASK
117,1712301285.746869,1528108.27742366,1348.0,-1.2177204140364005e-07,1392.0,ASK
118,1712301285.7481766,1528849.42071044,1347.0,-1.327585311646141e-07,1392.0,ASK
119,1712301285.7492998,1528853.89764331,1346.0,-8.019380901699492e-10,1392.0,ASK
120,1712301300.163899,1528853.89764331,1346.0,-0.0,1392.0,ASK
121,1712301330.1223755,1528853.89764331,1346.0,-0.0,1392.0,ASK
122,1712301360.1607342,1528853.89764331,1346.0,-0.0,1392.0,ASK
123,1712301390.1294851,1528853.89764331,1346.0,-0.0,1392.0,ASK
124,1712301413.988658,1529664.89764331,1348.0,-1.453079967368633e-07,1392.0,ASK
125,1712301413.9909928,1531380.89587247,1346.0,-3.074577867857468e-07,1392.0,ASK
126,1712301413.9930632,1531388.44203887,1350.0,-1.3520571179052267e-09,1392.0,ASK
127,1712301413.9946697,1531651.43387133,1346.0,-4.7120612001141513e-08,1392.0,ASK
128,1712301420.1888323,1531651.43387133,1346.0,-0.0,1392.0,ASK
129,1712301450.1875284,1531651.43387133,1346.0,-0.0,1392.0,ASK
130,1712301468.0772364,1532370.19340693,1352.0,1.2869428070357276e-07,1392.0,BID
131,1712301468.098086,1532462.43387133,1352.0,1.65157046686234e-08,1392.0,BID
132,1712301475.5671325,1533953.24352433,1352.0,-2.669302686866279e-07,1392.0,ASK
133,1712301476.3971624,1534681.24352433,1352.0,-1.3034879081499237e-07,1392.0,ASK
134,1712301480.1375566,1534681.24352433,1352.0,-0.0,1392.0,ASK
135,1712301510.131017,1534681.24352433,1352.0,-0.0,1392.0,ASK
136,1712301540.1935248,1534681.24352433,1352.0,-0.0,1392.0,ASK
137,1712301556.039795,1535015.24352433,1350.0,-5.9759049315283e-08,1392.0,ASK
138,1712301556.0637715,1535054.24352433,1350.0,-6.977853063760591e-09,1392.0,ASK
139,1712301556.175884,1535055.13056136,1350.0,-1.5870805274729058e-10,1392.0,ASK
140,1712301556.6457584,1535834.11192036,1349.0,1.3937480673105468e-07,1392.0,BID
141,1712301556.6656978,1535834.11192105,1349.0,1.234323516340176e-16,1392.0,BID
142,1712301570.185398,1535834.11192105,1349.0,0.0,1392.0,BID
143,1712301600.147249,1535834.11192105,1349.0,0.0,1392.0,BID
144,1712301630.128852,1535834.11192105,1349.0,0.0,1392.0,BID
145,1712301652.874502,1536082.99056649,1349.0,4.453508252247612e-08,1392.0,BID
146,1712301652.8767722,1541326.54957562,1349.0,9.382979916583028e-07,1392.0,BID
147,1712301652.9942694,1542048.20908362,1352.0,-1.2913589145051962e-07,1392.0,ASK
148,1712301660.17648,1542048.20908362,1352.0,-0.0,1392.0,ASK
149,1712301690.1839252,1542048.20908362,1352.0,-0.0,1392.0,ASK
150,1712301720.133403,1542048.20908362,1352.0,-0.0,1392.0,ASK
151,1712301750.1154287,1542048.20908362,1352.0,-0.0,1392.0,ASK
152,1712301752.8830886,1542299.12059652,1349.0,-4.483158304045961e-08,1392.0,ASK
153,1712301780.2028756,1542299.12059652,1349.0,-0.0,1392.0,ASK
154,1712301810.183891,1542299.12059652,1349.0,-0.0,1392.0,ASK
155,1712301840.132249,1542299.12059652,1349.0,-0.0,1392.0,ASK
156,1712301863.7721922,1542922.0705336,1351.0,1.1129877062895773e-07,1392.0,BID
157,1712301863.7746258,1543285.6995467,1351.0,6.496743913768291e-08,1392.0,BID
158,1712301865.072457,1544372.91294721,1351.0,1.9424597015816885e-07,1392.0,BID
159,1712301870.148108,1544372.91294721,1351.0,0.0,1392.0,BID
160,1712301892.9618323,1544484.00143431,1349.0,-1.9837591196427183e-08,1392.0,ASK
161,1712301893.081591,1544930.00143431,1352.0,7.964430792576198e-08,1392.0,BID
162,1712301893.0916643,1547161.53686119,1352.0,3.984957279947924e-07,1392.0,BID
163,1712301893.1716912,1547364.52097295,1351.0,-3.624782309649265e-08,1392.0,ASK
164,1712301900.1831975,1547364.52097295,1351.0,-0.0,1392.0,ASK
165,1712301906.9616568,1547439.70894287,1350.0,-1.3430162159942418e-08,1392.0,ASK
166,1712301930.1728718,1547439.70894287,1350.0,-0.0,1392.0,ASK
167,1712301960.1219344,1547439.70894287,1350.0,-0.0,1392.0,ASK
168,1712301987.3708243,1547447.10539257,1352.0,1.3211384479832642e-09,1392.0,BID
169,1712301990.1207943,1547447.10539257,1352.0,0.0,1392.0,BID
170,1712302020.2021358,1547447.10539257,1352.0,0.0,1392.0,BID
171,1712302050.180647,1547447.10539257,1352.0,0.0,1392.0,BID
172,1712302080.119985,1547447.10539257,1352.0,0.0,1392.0,BID
173,1712302110.112509,1547447.10539257,1352.0,0.0,1392.0,BID
174,1712302140.1812797,1547447.10539257,1352.0,0.0,1392.0,BID
175,1712302158.739446,1547587.98912038,1352.0,2.5164313231222912e-08,1392.0,BID
176,1712302170.1706414,1547587.98912038,1352.0,0.0,1392.0,BID
177,1712302200.2809484,1547587.98912038,1352.0,0.0,1392.0,BID
178,1712302230.1889646,1547587.98912038,1352.0,0.0,1392.0,BID
179,1712302260.118876,1547587.98912038,1352.0,0.0,1392.0,BID
180,1712302269.1488209,1547735.91811446,1351.0,2.6455590819159363e-08,1392.0,BID
181,1712302269.5490856,1547829.51811446,1350.0,-1.6739404712842164e-08,1392.0,ASK
182,1712302269.5516124,1547874.44806996,1350.0,-8.035263983425122e-09,1392.0,ASK
183,1712302269.5539565,1547950.50827718,1350.0,-1.3602591786289296e-08,1392.0,ASK
184,1712302269.9889116,1548075.01715458,1350.0,-2.226714197804092e-08,1392.0,ASK
185,1712302269.9909532,1548261.74187194,1350.0,-3.3393809976331206e-08,1392.0,ASK
186,1712302270.3289242,1548399.37581901,1350.0,-2.4614426733268056e-08,1392.0,ASK
187,1712302270.3314135,1548414.19063382,1350.0,-2.6494784278825583e-09,1392.0,ASK
188,1712302270.3387978,1548562.33878196,1350.0,-2.6494784286112484e-08,1392.0,ASK
189,1712302270.4939284,1549451.86288377,1350.0,1.59082307073124e-07,1392.0,BID
190,1712302273.1987357,1549651.86288377,1350.0,-3.576795878817766e-08,1392.0,ASK
191,1712302279.748989,1550050.86288377,1350.0,7.135707778241444e-08,1392.0,BID
192,1712302279.908812,1550841.9838956,1350.0,1.414839187380143e-07,1392.0,BID
193,1712302290.111298,1550841.9838956,1350.0,0.0,1392.0,BID
194,1712302290.3715944,1551144.51987235,1350.0,5.4062997119579984e-08,1392.0,BID
195,1712302309.948871,1551955.51987235,1350.0,1.4492521231692432e-07,1392.0,BID
196,1712302320.1684363,1551955.51987235,1350.0,0.0,1392.0,BID
197,1712302329.3985252,1551999.51987235,1350.0,-7.860661899539697e-09,1392.0,ASK
198,1712302350.1682255,1551999.51987235,1350.0,-0.0,1392.0,ASK
199,1712302362.8984485,1553376.02728292,1350.0,-2.459123757836335e-07,1392.0,ASK
200,1712302362.9008985,1553383.03183281,1348.0,-1.251359412620848e-09,1392.0,ASK
201,1712302380.1131723,1553383.03183281,1348.0,-0.0,1392.0,ASK
202,1712302410.109161,1553383.03183281,1348.0,-0.0,1392.0,ASK
203,1712302421.0580225,1553750.09470024,1348.0,-6.555372855506062e-08,1392.0,ASK
204,1712302421.1983774,1554671.26461846,1348.0,1.645116630697937e-07,1392.0,BID
205,1712302421.2185109,1554672.65323371,1348.0,2.4799268799911827e-10,1392.0,BID
206,1712302440.194554,1554672.65323371,1348.0,0.0,1392.0,BID
207,1712302470.1789567,1554672.65323371,1348.0,0.0,1392.0,BID
208,1712302500.127613,1554672.65323371,1348.0,0.0,1392.0,BID
209,1712302530.1386747,1554672.65323371,1348.0,0.0,1392.0,BID
210,1712302560.1691654,1554672.65323371,1348.0,0.0,1392.0,BID
211,1712302590.1716528,1554672.65323371,1348.0,0.0,1392.0,BID
212,1712302620.1470106,1554672.65323371,1348.0,0.0,1392.0,BID
213,1712302650.1168709,1554672.65323371,1348.0,0.0,1392.0,BID
214,1712302662.4776957,1555577.65146271,1353.0,1.6196457278149098e-07,1392.0,BID
215,1712302662.4869735,1555577.65146287,1353.0,2.862656088843964e-17,1392.0,BID
216,1712302680.166656,1555577.65146287,1353.0,0.0,1392.0,BID
217,1712302691.9367154,1555862.80387098,1353.0,5.1021612964041735e-08,1392.0,BID
218,1712302692.2767217,1556366.10750285,1354.0,-9.00548702319481e-08,1392.0,ASK
219,1712302694.3067603,1557133.7188876,1355.0,1.373468007480242e-07,1392.0,BID
220,1712302699.8880632,1558695.53576842,1355.0,2.794520198587129e-07,1392.0,BID
221,1712302699.890731,1562613.08175333,1355.0,7.009567842535252e-07,1392.0,BID
222,1712302699.9467134,1565224.55935333,1356.0,4.672652082954495e-07,1392.0,BID
223,1712302699.9493704,1565276.50070433,1356.0,9.293737075959255e-09,1392.0,BID
224,1712302710.1765375,1565276.50070433,1356.0,0.0,1392.0,BID
225,1712302716.856606,1565906.34929853,1356.0,-1.1243283368830709e-07,1392.0,ASK
226,1712302740.10774,1565906.34929853,1356.0,-0.0,1392.0,ASK
227,1712302763.6619017,1566140.50725468,1353.0,-4.1792630169052513e-08,1392.0,ASK
228,1712302763.7066398,1566288.15396189,1353.0,-2.635205880493554e-08,1392.0,ASK
229,1712302763.7164934,1566385.93651146,1353.0,-1.7452278788056494e-08,1392.0,ASK
230,1712302767.826251,1566538.23736056,1353.0,2.7182732397950164e-08,1392.0,BID
231,1712302770.1210616,1566538.23736056,1353.0,0.0,1392.0,BID
232,1712302774.386382,1568685.83465932,1353.0,3.832457697239148e-07,1392.0,BID
233,1712302774.4083831,1569371.89364346,1353.0,1.2242947204512352e-07,1392.0,BID
234,1712302800.14371,1569371.89364346,1353.0,0.0,1392.0,BID
235,1712302830.1210177,1569371.89364346,1353.0,0.0,1392.0,BID
236,1712302860.1759884,1569371.89364346,1353.0,0.0,1392.0,BID
237,1712302890.188116,1569371.89364346,1353.0,0.0,1392.0,BID
238,1712302920.1379309,1569371.89364346,1353.0,0.0,1392.0,BID
239,1712302922.1258662,1569371.89364349,1353.0,-5.4146270180878506e-18,1392.0,ASK
240,1712302922.1287422,1569741.44279349,1353.0,-6.662096277692119e-08,1392.0,ASK
241,1712302950.1188586,1569741.44279349,1353.0,-0.0,1392.0,ASK
242,1712302965.4757438,1569800.6581895,1351.0,-1.0674171843197129e-08,1392.0,ASK
243,1712302980.1754036,1569800.6581895,1351.0,-0.0,1392.0,ASK
244,1712303010.1668506,1569800.6581895,1351.0,-0.0,1392.0,ASK
245,1712303026.965345,1569804.6581895,1354.0,7.21029910088659e-10,1392.0,BID
246,1712303040.1366336,1569804.6581895,1354.0,0.0,1392.0,BID
247,1712303070.1169815,1569804.6581895,1354.0,0.0,1392.0,BID
248,1712303100.1369915,1569804.6581895,1354.0,0.0,1392.0,BID
249,1712303121.1250813,1569855.6581895,1352.0,-9.209479837344529e-09,1392.0,ASK
250,1712303122.204981,1569877.6581895,1352.0,-3.972716792579993e-09,1392.0,ASK
251,1712303126.445089,1569878.62268654,1352.0,-1.7416698124111592e-10,1392.0,ASK
252,1712303126.4480174,1570719.69715316,1351.0,-1.5187957533417988e-07,1392.0,ASK
253,1712303130.1200588,1570719.69715316,1351.0,-0.0,1392.0,ASK
254,1712303159.2255068,1570731.22935153,1351.0,-2.0819969329173227e-09,1392.0,ASK
255,1712303160.1346142,1570731.22935153,1351.0,-0.0,1392.0,ASK
256,1712303163.82493,1571411.74708067,1351.0,1.228587814897021e-07,1392.0,BID
257,1712303163.8847854,1571454.0072273,1351.0,7.629529545247529e-09,1392.0,BID
258,1712303190.1257548,1571454.0072273,1351.0,0.0,1392.0,BID
259,1712303220.177403,1571454.0072273,1351.0,0.0,1392.0,BID
260,1712303250.1766267,1571454.0072273,1351.0,0.0,1392.0,BID
261,1712303280.1153798,1571454.0072273,1351.0,0.0,1392.0,BID
262,1712303280.7354684,1572355.9730613,1351.0,-1.6280970585670937e-07,1392.0,ASK
263,1712303280.738499,1575346.3505593,1351.0,-5.397792937352116e-07,1392.0,ASK
264,1712303280.8470144,1575444.3847253,1351.0,-1.7695696587040708e-08,1392.0,ASK
265,1712303302.735515,1575582.1975603,1350.0,-2.487596124358727e-08,1392.0,ASK
266,1712303304.9455926,1575588.1975603,1350.0,1.0830324146625e-09,1392.0,BID
267,1712303310.1240296,1575588.1975603,1350.0,0.0,1392.0,BID
268,1712303338.769348,1576290.77104128,1350.0,1.2669058590941153e-07,1392.0,BID
269,1712303340.1898034,1576290.77104128,1350.0,0.0,1392.0,BID
270,1712303343.130502,1577031.51178203,1350.0,-1.3355020255228474e-07,1392.0,ASK
271,1712303360.3160443,1577771.15675245,1352.0,1.3335264308035986e-07,1392.0,BID
272,1712303367.866067,1578710.50526225,1351.0,-1.693577480616799e-07,1392.0,ASK
273,1712303370.1729786,1578710.50526225,1351.0,-0.0,1392.0,ASK
274,1712303388.29632,1578768.71427258,1354.0,1.0488482127705982e-08,1392.0,BID
275,1712303400.1582618,1578768.71427258,1354.0,0.0,1392.0,BID
276,1712303430.1165743,1578768.71427258,1354.0,0.0,1392.0,BID
277,1712303454.6366973,1578990.28000374,1354.0,3.9988418980587763e-08,1392.0,BID
278,1712303458.9672034,1579036.4164513,1354.0,8.326755160416139e-09,1392.0,BID
279,1712303460.17676,1579036.4164513,1354.0,0.0,1392.0,BID
280,1712303490.1791475,1579036.4164513,1354.0,0.0,1392.0,BID
281,1712303493.6670344,1579405.32357823,1354.0,6.657639556596022e-08,1392.0,BID
282,1712303520.1442156,1579405.32357823,1354.0,0.0,1392.0,BID
283,1712303521.9072118,1579419.83982638,1354.0,2.6195004029972923e-09,1392.0,BID
284,1712303550.1171525,1579419.83982638,1354.0,0.0,1392.0,BID
285,1712303580.1899345,1579419.83982638,1354.0,0.0,1392.0,BID
286,1712303605.2175574,1579449.05769948,1354.0,5.272433903917053e-09,1392.0,BID
287,1712303605.3975585,1579449.05769982,1354.0,-6.134166220390081e-17,1392.0,ASK
288,1712303605.4008594,1579567.55031382,1354.0,-2.138227082013672e-08,1392.0,ASK
289,1712303610.1730585,1579567.55031382,1354.0,-0.0,1392.0,ASK
290,1712303640.1278698,1579567.55031382,1354.0,-0.0,1392.0,ASK
291,1712303670.1257007,1579567.55031382,1354.0,-0.0,1392.0,ASK
292,1712303674.9229822,1579624.75156935,1354.0,1.032172854756286e-08,1392.0,BID
293,1712303683.5281465,1579753.44728574,1353.0,2.322260652323368e-08,1392.0,BID
294,1712303700.1413243,1579753.44728574,1353.0,0.0,1392.0,BID
295,1712303725.8478503,1580433.25693901,1353.0,1.227837363030641e-07,1392.0,BID
296,1712303725.8582458,1581115.56122262,1353.0,1.232343036528647e-07,1392.0,BID
297,1712303730.1295547,1581115.56122262,1353.0,0.0,1392.0,BID
298,1712303738.3583777,1581858.50327314,1350.0,-1.3414173566964477e-07,1392.0,ASK
299,1712303759.2856271,1582538.31292641,1350.0,-1.227428798125174e-07,1392.0,ASK
300,1712303759.2890942,1582557.82853596,1349.0,-3.523636514939385e-09,1392.0,ASK
301,1712303759.291925,1582601.44532366,1349.0,-7.875219342230014e-09,1392.0,ASK
302,1712303760.1694946,1582601.44532366,1349.0,-0.0,1392.0,ASK
303,1712303790.1981184,1582601.44532366,1349.0,-0.0,1392.0,ASK
304,1712303820.1216128,1582601.44532366,1349.0,-0.0,1392.0,ASK
305,1712303850.12328,1582601.44532366,1349.0,-0.0,1392.0,ASK
306,1712303880.1982057,1582601.44532366,1349.0,-0.0,1392.0,ASK
307,1712303910.1815653,1582601.44532366,1349.0,-0.0,1392.0,ASK
308,1712303940.1184332,1582601.44532366,1349.0,-0.0,1392.0,ASK
309,1712303970.1278534,1582601.44532366,1349.0,-0.0,1392.0,ASK
310,1712304000.1684349,1582601.44532366,1349.0,-0.0,1392.0,ASK
311,1712304030.1101232,1582601.44532366,1349.0,-0.0,1392.0,ASK
312,1712304060.2871132,1582601.44532366,1349.0,-0.0,1392.0,ASK
313,1712304061.738799,1582624.51670073,1351.0,-4.177289406232961e-09,1392.0,ASK
314,1712304065.6284,1582624.51670172,1351.0,-1.7924805092696566e-16,1392.0,ASK
315,1712304065.630011,1583091.93567172,1351.0,-8.463059251884978e-08,1392.0,ASK
316,1712304090.1785245,1583091.93567172,1351.0,-0.0,1392.0,ASK
317,1712304095.138529,1583503.81246281,1349.0,-7.456521331935368e-08,1392.0,ASK
318,1712304120.134511,1583503.81246281,1349.0,-0.0,1392.0,ASK
319,1712304150.1149704,1583503.81246281,1349.0,-0.0,1392.0,ASK
320,1712304155.3883562,1583749.81246281,1352.0,4.4530786779635086e-08,1392.0,BID
321,1712304156.838496,1583780.81246281,1352.0,5.611603212067835e-09,1392.0,BID
322,1712304156.95857,1583987.81246281,1352.0,3.747102789993684e-08,1392.0,BID
323,1712304159.168667,1584266.81246281,1352.0,5.050442890861051e-08,1392.0,BID
324,1712304159.6685193,1584553.81246281,1352.0,5.195258457624092e-08,1392.0,BID
325,1712304161.898576,1584783.81246281,1352.0,4.1634475444374266e-08,1392.0,BID
326,1712304166.0086358,1585703.81246281,1352.0,1.6653790177749706e-07,1392.0,BID
327,1712304180.1891088,1585703.81246281,1352.0,0.0,1392.0,BID
328,1712304210.1809623,1585703.81246281,1352.0,0.0,1392.0,BID
329,1712304240.119353,1585703.81246281,1352.0,0.0,1392.0,BID
330,1712304241.8826375,1586021.744131,1349.0,-5.7520847780185534e-08,1392.0,ASK
331,1712304241.8853855,1586351.15718423,1349.0,-5.959808344828808e-08,1392.0,ASK
332,1712304266.478719,1586356.70042148,1353.0,1.002893822706158e-09,1392.0,BID
333,1712304270.1146648,1586356.70042148,1353.0,0.0,1392.0,BID
334,1712304300.1903625,1586356.70042148,1353.0,0.0,1392.0,BID
335,1712304330.195003,1586356.70042148,1353.0,0.0,1392.0,BID
336,1712304351.7887342,1587167.70042148,1350.0,-1.4695337823032332e-07,1392.0,ASK
337,1712304351.869091,1588630.06422995,1350.0,2.649806434727987e-07,1392.0,BID
338,1712304351.8716762,1589031.98872332,1350.0,7.282880652800857e-08,1392.0,BID
339,1712304351.8897858,1589976.85340056,1350.0,1.7120968716515757e-07,1392.0,BID
340,1712304351.8941174,1590052.41671512,1350.0,1.3692089204504802e-08,1392.0,BID
341,1712304351.9086552,1592255.01961356,1350.0,3.991121292548374e-07,1392.0,BID
342,1712304351.9287,1593736.01961356,1354.0,2.6835752547362374e-07,1392.0,BID
343,1712304360.116133,1593736.01961356,1354.0,0.0,1392.0,BID
344,1712304390.1223938,1593736.01961356,1354.0,0.0,1392.0,BID
345,1712304420.1791594,1593736.01961356,1354.0,0.0,1392.0,BID
346,1712304450.1790736,1593736.01961356,1354.0,0.0,1392.0,BID
347,1712304480.128544,1593736.01961356,1354.0,0.0,1392.0,BID
348,1712304510.1168294,1593736.01961356,1354.0,0.0,1392.0,BID
349,1712304510.1731908,1594637.30778358,1354.0,1.630191684951058e-07,1392.0,BID
350,1712304510.292008,1595597.80675743,1354.0,1.737288353113575e-07,1392.0,BID
351,1712304540.1786954,1595597.80675743,1354.0,0.0,1392.0,BID
352,1712304563.488513,1595697.17283421,1354.0,1.7964501551777464e-08,1392.0,BID
353,1712304563.5687673,1595862.57390016,1354.0,2.9903039369253434e-08,1392.0,BID
354,1712304570.1783547,1595862.57390016,1354.0,0.0,1392.0,BID
355,1712304573.8711736,1595873.57390016,1354.0,1.988573129846889e-09,1392.0,BID
356,1712304577.1385238,1595993.57390016,1354.0,2.169352505287516e-08,1392.0,BID
357,1712304580.6384218,1596103.07390016,1354.0,1.9795341610748576e-08,1392.0,BID
358,1712304593.2584257,1596203.47100172,1354.0,1.8149725316091585e-08,1392.0,BID
359,1712304593.2811687,1596467.47100172,1354.0,4.7725755116325336e-08,1392.0,BID
360,1712304593.2885463,1596820.47100172,1354.0,6.381511953054107e-08,1392.0,BID
361,1712304593.3020282,1599062.47100172,1354.0,4.053073597378841e-07,1392.0,BID
362,1712304593.318311,1599644.47100172,1354.0,1.0521359650644449e-07,1392.0,BID
363,1712304593.3384128,1599882.47100172,1354.0,4.3025491354869056e-08,1392.0,BID
364,1712304593.3483934,1600272.47100172,1354.0,7.050395642184425e-08,1392.0,BID
365,1712304593.371401,1602749.47100172,1354.0,4.477905129664313e-07,1392.0,BID
366,1712304593.418397,1604226.47100172,1354.0,2.67011137525805e-07,1392.0,BID
367,1712304593.5687337,1604232.85865756,1354.0,1.1547564332889347e-09,1392.0,BID
368,1712304593.5716405,1607589.47100172,1354.0,6.068062831735372e-07,1392.0,BID
369,1712304593.8288133,1607946.9821685,1355.0,6.463064544354212e-08,1392.0,BID
370,1712304593.8321874,1608666.47100172,1354.0,1.300687419060124e-07,1392.0,BID
371,1712304593.8338206,1609066.47100172,1355.0,7.231175017625052e-08,1392.0,BID
372,1712304594.108652,1609446.96721502,1355.0,6.8785867797883e-08,1392.0,BID
373,1712304594.112379,1610543.47100172,1356.0,1.9822526972792202e-07,1392.0,BID
374,1712304594.4085648,1610603.21878631,1356.0,1.0801167182120113e-08,1392.0,BID
375,1712304594.41235,1612020.47100172,1359.0,2.562099703436849e-07,1392.0,BID
376,1712304594.6684947,1612225.21878631,1359.0,3.701417662101092e-08,1392.0,BID
377,1712304594.6703856,1612610.90768716,1360.0,6.97245986100473e-08,1392.0,BID
378,1712304594.672078,1613421.90768716,1358.0,1.466120734823479e-07,1392.0,BID
379,1712304594.6737442,1613497.47100172,1359.0,1.3660288812398876e-08,1392.0,BID
380,1712304596.8985574,1613562.57630363,1358.0,1.1769695817135589e-08,1392.0,BID
381,1712304600.1700327,1613562.57630363,1358.0,0.0,1392.0,BID
382,1712304630.1285672,1613562.57630363,1358.0,0.0,1392.0,BID
383,1712304647.188801,1614177.28065499,1358.0,1.1093889225914193e-07,1392.0,BID
384,1712304647.192104,1614183.81621857,1358.0,1.179507160229584e-09,1392.0,BID
385,1712304647.2684848,1614298.95332857,1358.0,-2.0779393236813693e-08,1392.0,ASK
386,1712304647.2718203,1614298.95332866,1358.0,-1.626180097192346e-17,1392.0,ASK
387,1712304656.909512,1615035.33035369,1358.0,1.32897792672447e-07,1392.0,BID
388,1712304660.1794102,1615035.33035369,1358.0,0.0,1392.0,BID
389,1712304663.0284946,1615193.21640628,1357.0,-2.848423590883393e-08,1392.0,ASK
390,1712304663.0316117,1615233.21640628,1357.0,-7.216403334327873e-09,1392.0,ASK
391,1712304663.108694,1615296.40625641,1357.0,-1.1400086129366633e-08,1392.0,ASK
392,1712304668.288795,1615396.40625641,1358.0,1.8041008335819684e-08,1392.0,BID
393,1712304676.1860054,1616018.05574088,1358.0,1.1215183531281657e-07,1392.0,BID
394,1712304676.2625515,1616018.05574116,1358.0,-5.049000498758456e-17,1392.0,ASK
395,1712304676.2682996,1616133.32593216,1358.0,-2.0795904767038986e-08,1392.0,ASK
396,1712304690.17118,1616133.32593216,1358.0,-0.0,1392.0,ASK
397,1712304696.5185068,1616869.70295719,1359.0,1.3281411899516624e-07,1392.0,BID
398,1712304705.7888494,1617606.07998222,1359.0,1.3281411899512426e-07,1392.0,BID
399,1712304720.121205,1617606.07998222,1359.0,0.0,1392.0,BID
400,1712304743.818823,1617637.75544086,1359.0,5.710973967237595e-09,1392.0,BID
401,1712304743.8274963,1617642.87174086,1359.0,9.224509245430807e-10,1392.0,BID
402,1712304750.125063,1617642.87174086,1359.0,0.0,1392.0,BID
403,1712304780.1797397,1617642.87174086,1359.0,0.0,1392.0,BID
404,1712304802.498731,1618008.1456539,1357.0,-6.58570102047028e-08,1392.0,ASK
405,1712304810.1700647,1618008.1456539,1357.0,-0.0,1392.0,ASK
406,1712304840.118466,1618008.1456539,1357.0,-0.0,1392.0,ASK
407,1712304870.1244009,1618008.1456539,1357.0,-0.0,1392.0,ASK
408,1712304900.1511176,1618008.1456539,1357.0,-0.0,1392.0,ASK
409,1712304930.121996,1618008.1456539,1357.0,-0.0,1392.0,ASK
410,1712304960.1812882,1618008.1456539,1357.0,-0.0,1392.0,ASK
411,1712304990.1709611,1618008.1456539,1357.0,-0.0,1392.0,ASK
412,1712305020.129818,1618008.1456539,1357.0,-0.0,1392.0,ASK
413,1712305050.1209958,1618008.1456539,1357.0,-0.0,1392.0,ASK
414,1712305080.198923,1618008.1456539,1357.0,-0.0,1392.0,ASK
415,1712305110.182161,1618008.1456539,1357.0,-0.0,1392.0,ASK
416,1712305140.1454349,1618008.1456539,1357.0,-0.0,1392.0,ASK
417,1712305163.8380451,1618044.99163768,1357.0,-6.647778488172495e-09,1392.0,ASK
418,1712305163.842083,1618274.50506916,1357.0,-4.1408975850646223e-08,1392.0,ASK
419,1712305170.1219423,1618274.50506916,1357.0,-0.0,1392.0,ASK
420,1712305200.2280414,1618274.50506916,1357.0,-0.0,1392.0,ASK
421,1712305230.1259685,1618274.50506916,1357.0,-0.0,1392.0,ASK
422,1712305257.6851797,1619216.43008234,1360.0,1.7009374627348517e-07,1392.0,BID
423,1712305257.687121,1620016.0987517,1360.0,1.4440495564476862e-07,1392.0,BID
424,1712305257.688949,1620377.18173616,1360.0,6.520472084615506e-08,1392.0,BID
425,1712305257.7378092,1620377.18173654,1360.0,6.861709217127393e-17,1392.0,BID
426,1712305258.277938,1620834.90136826,1361.0,8.265546175411335e-08,1392.0,BID
427,1712305258.2812064,1623708.11363854,1361.0,5.188475006528287e-07,1392.0,BID
428,1712305258.3028257,1624617.32914413,1361.0,1.6418703118797405e-07,1392.0,BID
429,1712305258.4297154,1628613.06227172,1362.0,7.215534222689657e-07,1392.0,BID
430,1712305258.4316368,1628618.06227113,1362.0,9.029048163207623e-10,1392.0,BID
431,1712305258.4556928,1628618.06227172,1362.0,1.0654148992770108e-16,1392.0,BID
432,1712305258.5176058,1628623.06227172,1363.0,9.029049228622523e-10,1392.0,BID
433,1712305258.519506,1630825.70544352,1363.0,3.977554726254415e-07,1392.0,BID
434,1712305258.6052604,1631542.50867144,1363.0,-1.2944103264247757e-07,1392.0,ASK
435,1712305258.683665,1631578.50867144,1361.0,-6.5009154446082185e-09,1392.0,ASK
436,1712305259.197818,1633042.16619444,1363.0,2.643087165802407e-07,1392.0,BID
437,1712305259.5279987,1633311.11395644,1363.0,4.856685166050063e-08,1392.0,BID
438,1712305260.202884,1633311.11395644,1363.0,0.0,1392.0,BID
439,1712305260.6336043,1633820.9711964,1362.0,-9.173133815642005e-08,1392.0,ASK
440,1712305262.738043,1633825.37325069,1364.0,7.91998816562026e-10,1392.0,BID
441,1712305265.747668,1633829.77530593,1361.0,-7.919989874728001e-10,1392.0,ASK
442,1712305270.0481648,1634415.70981644,1361.0,-1.0541883591830912e-07,1392.0,ASK
443,1712305270.147967,1634583.30019116,1361.0,-3.015214481687524e-08,1392.0,ASK
444,1712305270.1519449,1634753.25260447,1361.0,-3.057711271697749e-08,1392.0,ASK
445,1712305271.3223257,1635053.39256629,1357.0,-5.39999007058025e-08,1392.0,ASK
446,1712305290.177998,1635053.39256629,1357.0,-0.0,1392.0,ASK
447,1712305320.1329367,1635053.39256629,1357.0,-0.0,1392.0,ASK
448,1712305341.478221,1635869.19256629,1360.0,-1.4671268033963594e-07,1392.0,ASK
449,1712305350.1283224,1635869.19256629,1360.0,-0.0,1392.0,ASK
450,1712305380.165567,1635869.19256629,1360.0,-0.0,1392.0,ASK
451,1712305385.978768,1635895.01800772,1361.0,-4.6434958122674366e-09,1392.0,ASK
452,1712305385.9815671,1635937.63883596,1361.0,-7.663359326738652e-09,1392.0,ASK
453,1712305410.1105452,1635937.63883596,1361.0,-0.0,1392.0,ASK
454,1712305440.1992593,1635937.63883596,1361.0,-0.0,1392.0,ASK
455,1712305470.1812828,1635937.63883596,1361.0,-0.0,1392.0,ASK
456,1712305500.132183,1635937.63883596,1361.0,-0.0,1392.0,ASK
457,1712305530.1143496,1635937.63883596,1361.0,-0.0,1392.0,ASK
458,1712305560.181996,1635937.63883596,1361.0,-0.0,1392.0,ASK
459,1712305584.9703653,1636105.90224633,1361.0,-3.0269824317938855e-08,1392.0,ASK
460,1712305584.974652,1636480.14967657,1362.0,-6.732541519219561e-08,1392.0,ASK
461,1712305590.1708417,1636480.14967657,1362.0,-0.0,1392.0,ASK
462,1712305620.149313,1636480.14967657,1362.0,-0.0,1392.0,ASK
463,1712305650.1295178,1636480.14967657,1362.0,-0.0,1392.0,ASK
464,1712305680.1793227,1636480.14967657,1362.0,-0.0,1392.0,ASK
465,1712305710.1822965,1636480.14967657,1362.0,-0.0,1392.0,ASK
466,1712305740.13675,1636480.14967657,1362.0,-0.0,1392.0,ASK
467,1712305741.1096,1636777.44492644,1362.0,-5.347496045734741e-08,1392.0,ASK
468,1712305748.056028,1636904.30525659,1362.0,-2.2818565521455423e-08,1392.0,ASK
469,1712305748.063731,1637695.44374911,1362.0,-1.4230331504550926e-07,1392.0,ASK
470,1712305748.354784,1638613.9806703,1362.0,-1.652186691873644e-07,1392.0,ASK
471,1712305770.124322,1638613.9806703,1362.0,-0.0,1392.0,ASK
472,1712305772.4053595,1638993.1878557,1362.0,-6.8172950238304e-08,1392.0,ASK
473,1712305772.409539,1639298.386211,1362.0,-5.4867821839206215e-08,1392.0,ASK
474,1712305800.167781,1639298.386211,1362.0,-0.0,1392.0,ASK
475,1712305829.5297663,1640032.386211,1362.0,-1.3198282948525248e-07,1392.0,ASK
476,1712305830.1234632,1640032.386211,1362.0,-0.0,1392.0,ASK
477,1712305832.0197363,1640729.19908958,1362.0,-1.252735779337901e-07,1392.0,ASK
478,1712305832.0998049,1641542.14744792,1362.0,-1.4615250758880088e-07,1392.0,ASK
479,1712305832.179677,1642166.22968027,1362.0,-1.1219800404766844e-07,1392.0,ASK
480,1712305832.2000518,1642349.98364654,1362.0,-3.3035435368355816e-08,1392.0,ASK
481,1712305837.32155,1642501.05267616,1362.0,-2.7159311254460733e-08,1392.0,ASK
482,1712305860.2029402,1642501.05267616,1362.0,-0.0,1392.0,ASK
483,1712305890.1799843,1642501.05267616,1362.0,-0.0,1392.0,ASK
484,1712305894.2201836,1643235.26706676,1362.0,1.3191790984520192e-07,1392.0,BID
485,1712305920.1125212,1643235.26706676,1362.0,0.0,1392.0,BID
486,1712305928.570341,1643970.02092421,1361.0,-1.319911219029478e-07,1392.0,ASK
487,1712305928.5746098,1644434.92958512,1361.0,-8.351615321741598e-08,1392.0,ASK
488,1712305950.1218326,1644434.92958512,1361.0,-0.0,1392.0,ASK
489,1712305955.2701902,1644440.06531512,1363.0,9.223115915061583e-10,1392.0,BID
490,1712305980.149075,1644440.06531512,1363.0,0.0,1392.0,BID
491,1712306010.115173,1644440.06531512,1363.0,0.0,1392.0,BID
492,1712306040.1853862,1644440.06531512,1363.0,0.0,1392.0,BID
493,1712306070.1802578,1644440.06531512,1363.0,0.0,1392.0,BID
494,1712306100.1415532,1644440.06531512,1363.0,0.0,1392.0,BID
495,1712306114.860585,1644484.34575792,1363.0,7.957755510205889e-09,1392.0,BID
496,1712306129.5304666,1644491.36186726,1364.0,1.260883569112884e-09,1392.0,BID
497,1712306129.535077,1644495.63974618,1364.0,7.687889369563511e-10,1392.0,BID
498,1712306130.1123435,1644495.63974618,1364.0,0.0,1392.0,BID
499,1712306151.7601368,1644598.09444644,1363.0,-1.8412154526531912e-08,1392.0,ASK
500,1712306151.7638843,1644693.63974618,1363.0,-1.7170464787207242e-08,1392.0,ASK
501,1712306151.9000845,1644694.14693376,1363.0,-9.114678070447932e-11,1392.0,ASK
502,1712306151.9034903,1644815.21830712,1361.0,-2.175776054575966e-08,1392.0,ASK
503,1712306151.9070723,1644888.63974618,1362.0,-1.3194581391612297e-08,1392.0,ASK
504,1712306160.1700208,1644888.63974618,1362.0,-0.0,1392.0,ASK
505,1712306163.897493,1645037.41356936,1361.0,-2.6733601352450705e-08,1392.0,ASK
506,1712306163.8996482,1645117.63974618,1361.0,-1.44160752429013e-08,1392.0,ASK
507,1712306167.679919,1645117.8889551,1361.0,-4.4781076244873023e-11,1392.0,ASK
508,1712306167.689929,1645922.91522015,1361.0,-1.4465751291516928e-07,1392.0,ASK
509,1712306167.7000306,1647093.52934945,1361.0,-2.103510604307617e-07,1392.0,ASK
510,1712306173.870107,1648495.70036232,1361.0,2.5196019087763814e-07,1392.0,BID
511,1712306190.1815813,1648495.70036232,1361.0,0.0,1392.0,BID
512,1712306220.1118135,1648495.70036232,1361.0,0.0,1392.0,BID
513,1712306221.8244977,1650011.70036232,1361.0,-2.721743542733608e-07,1392.0,ASK
514,1712306221.8440576,1650052.70036232,1361.0,-7.360915913725457e-09,1392.0,ASK
515,1712306222.8499312,1650070.70036232,1361.0,-3.231621620659957e-09,1392.0,ASK
516,1712306223.1704648,1650771.116713,1361.0,-1.2574892346227965e-07,1392.0,ASK
517,1712306223.173333,1650812.70036232,1360.0,-7.46570112270305e-09,1392.0,ASK
518,1712306229.5501337,1651772.37256232,1360.0,-1.7229430168144597e-07,1392.0,ASK
519,1712306250.1150324,1651772.37256232,1360.0,-0.0,1392.0,ASK
520,1712306251.3056858,1653270.37256232,1360.0,-2.6872762596217295e-07,1392.0,ASK
521,1712306251.3510993,1654989.37256232,1360.0,-3.0837302338382865e-07,1392.0,ASK
522,1712306251.3862672,1655451.37256232,1360.0,-8.287861361450195e-08,1392.0,ASK
523,1712306251.4244802,1655749.37256232,1360.0,-5.345849969073935e-08,1392.0,ASK
524,1712306251.4402792,1655818.37256232,1360.0,-1.2377974760607433e-08,1392.0,ASK
525,1712306251.4802525,1656092.37256232,1360.0,-4.9153117165310673e-08,1392.0,ASK
526,1712306251.5203102,1656827.66667996,1360.0,-1.3190510188074058e-07,1392.0,ASK
527,1712306251.523695,1658932.88141887,1360.0,-3.7765644788243213e-07,1392.0,ASK
528,1712306280.183188,1658932.88141887,1360.0,-0.0,1392.0,ASK
529,1712306310.204177,1658932.88141887,1360.0,-0.0,1392.0,ASK
530,1712306312.2950623,1658942.88141887,1359.0,-1.790780960471195e-09,1392.0,ASK
531,1712306312.315993,1659100.55034378,1359.0,-2.8235050878681983e-08,1392.0,ASK
532,1712306312.318235,1659173.88141887,1359.0,-1.3131989308202622e-08,1392.0,ASK
533,1712306340.1225233,1659173.88141887,1359.0,-0.0,1392.0,ASK
534,1712306370.1512764,1659173.88141887,1359.0,-0.0,1392.0,ASK
535,1712306376.9399571,1659174.13386107,1359.0,-4.5204217238318354e-11,1392.0,ASK
536,1712306392.8537922,1659985.13386107,1356.0,-1.4522381830249329e-07,1392.0,ASK
537,1712306392.8633924,1660213.40467905,1357.0,-4.087590603462385e-08,1392.0,ASK
538,1712306392.865703,1660401.765505,1356.0,-3.3729319806507016e-08,1392.0,ASK
539,1712306392.867942,1660609.03178745,1357.0,-3.71146744053559e-08,1392.0,ASK
540,1712306392.8702023,1660633.61364585,1356.0,-4.4018142266615315e-09,1392.0,ASK
541,1712306392.872427,1661305.59214939,1355.0,-1.2032957349107702e-07,1392.0,ASK
542,1712306400.1538856,1661305.59214939,1355.0,-0.0,1392.0,ASK
543,1712306430.1273644,1661305.59214939,1355.0,-0.0,1392.0,ASK
544,1712306442.520023,1661599.59214939,1356.0,-5.28238582326261e-08,1392.0,ASK
545,1712306460.1818674,1661599.59214939,1356.0,-0.0,1392.0,ASK
546,1712306465.0601022,1661600.28256229,1356.0,-1.240396633106842e-10,1392.0,ASK
547,1712306490.2092953,1661600.28256229,1356.0,-0.0,1392.0,ASK
548,1712306516.281484,1661607.65719355,1356.0,1.324926901590399e-09,1392.0,BID
549,1712306520.1251454,1661607.65719355,1356.0,0.0,1392.0,BID
550,1712306542.3301086,1661611.35461052,1355.0,-6.642770650116041e-10,1392.0,ASK
551,1712306542.3341184,1661618.65719355,1355.0,-1.311980353163039e-09,1392.0,ASK
552,1712306542.5112402,1661618.73468432,1355.0,-1.3921973554756803e-11,1392.0,ASK
553,1712306549.6999457,1662937.69889577,1354.0,-2.369648006531681e-07,1392.0,ASK
554,1712306550.1252308,1662937.69889577,1354.0,-0.0,1392.0,ASK
555,1712306561.0600123,1666136.05661908,1354.0,-5.744303426457702e-07,1392.0,ASK
556,1712306580.1598818,1666136.05661908,1354.0,-0.0,1392.0,ASK
557,1712306610.1232712,1666136.05661908,1354.0,-0.0,1392.0,ASK
558,1712306618.2900963,1666182.5219473,1355.0,8.338764168210755e-09,1392.0,BID
559,1712306640.1750128,1666182.5219473,1355.0,0.0,1392.0,BID
560,1712306654.5900478,1666947.5552298,1354.0,-1.3729290822691464e-07,1392.0,ASK
561,1712306670.1799254,1666947.5552298,1354.0,-0.0,1392.0,ASK
562,1712306687.9198809,1666974.89063959,1355.0,4.904702146360906e-09,1392.0,BID
563,1712306700.150483,1666974.89063959,1355.0,0.0,1392.0,BID
564,1712306708.3799603,1667348.30466959,1355.0,-6.706364630385479e-08,1392.0,ASK
565,1712306708.4400668,1667348.30467057,1355.0,-1.760011866002561e-16,1392.0,ASK
566,1712306730.116734,1667348.30467057,1355.0,-0.0,1392.0,ASK
567,1712306755.9056284,1667348.30467153,1354.0,-1.723893935294847e-16,1392.0,ASK
568,1712306755.9079976,1669521.63815253,1354.0,-3.902864186401243e-07,1392.0,ASK
569,1712306760.183625,1669521.63815253,1354.0,-0.0,1392.0,ASK
570,1712306770.1799376,1669545.98565381,1354.0,4.370005909284477e-09,1392.0,BID
571,1712306790.1806111,1669545.98565381,1354.0,0.0,1392.0,BID
572,1712306820.1268308,1669545.98565381,1354.0,0.0,1392.0,BID
573,1712306827.8299313,1669708.37040542,1354.0,2.9145418954912564e-08,1392.0,BID
574,1712306835.790031,1670762.37040542,1354.0,-1.8917583870348786e-07,1392.0,ASK
575,1712306835.799787,1671918.37040446,1354.0,-2.0748317776056042e-07,1392.0,ASK
576,1712306850.1765983,1671918.37040446,1354.0,-0.0,1392.0,ASK
577,1712306880.187771,1671918.37040446,1354.0,-0.0,1392.0,ASK
578,1712306885.9398353,1672729.37040446,1354.0,1.454774218080876e-07,1392.0,BID
579,1712306887.2997775,1673511.37040446,1354.0,-1.402753931614359e-07,1392.0,ASK
580,1712306910.1796808,1673511.37040446,1354.0,-0.0,1392.0,ASK
581,1712306940.1418667,1673511.37040446,1354.0,-0.0,1392.0,ASK
582,1712306970.1279342,1673511.37040446,1354.0,-0.0,1392.0,ASK
583,1712306981.3261783,1673592.51064546,1355.0,-1.4549331351629889e-08,1392.0,ASK
584,1712307000.1414206,1673592.51064546,1355.0,-0.0,1392.0,ASK
585,1712307006.5530348,1673592.51064614,1355.0,-1.227359217523481e-16,1392.0,ASK
586,1712307006.5554488,1673614.29794146,1354.0,-3.9332542309501425e-09,1392.0,ASK
587,1712307030.1308568,1673614.29794146,1354.0,-0.0,1392.0,ASK
588,1712307040.989742,1673614.29794303,1354.0,-2.8342599755713713e-16,1392.0,ASK
589,1712307060.17983,1673614.29794303,1354.0,-0.0,1392.0,ASK
590,1712307068.1897423,1673696.29794303,1351.0,-1.4803357853800418e-08,1392.0,ASK
591,1712307069.1131094,1673696.29794327,1351.0,-4.333563747312712e-17,1392.0,ASK
592,1712307069.1184494,1673836.13373127,1351.0,-2.5244380616229618e-08,1392.0,ASK
593,1712307082.5784342,1673910.20780534,1350.0,-1.3372500318861888e-08,1392.0,ASK
594,1712307082.5818863,1674305.13373127,1350.0,-7.129548545470395e-08,1392.0,ASK
595,1712307082.5904276,1674312.54113867,1350.0,-1.337250030616803e-09,1392.0,ASK
596,1712307082.593074,1674401.43002755,1350.0,-1.6047000381944932e-08,1392.0,ASK
597,1712307082.5954118,1674791.13373127,1350.0,-7.035272418435296e-08,1392.0,ASK
598,1712307082.651295,1674791.55251785,1350.0,-7.560301960672975e-11,1392.0,ASK
599,1712307090.1719477,1674791.55251785,1350.0,-0.0,1392.0,ASK
600,1712307110.711255,1676944.55683703,1350.0,3.8856768701291394e-07,1392.0,BID
601,1712307110.730229,1677650.22048034,1350.0,1.2735603326357045e-07,1392.0,BID
602,1712307120.1262867,1677650.22048034,1350.0,0.0,1392.0,BID
603,1712307134.913366,1677727.99825812,1349.0,-1.4027327353444873e-08,1392.0,ASK
604,1712307146.2798254,1677738.54307358,1350.0,1.901771721449616e-09,1392.0,BID
605,1712307146.2840593,1677996.90536712,1350.0,4.659598886369712e-08,1392.0,BID
606,1712307146.299629,1677996.90536759,1350.0,8.478047769671846e-17,1392.0,BID
607,1712307147.4297445,1678117.98161259,1351.0,2.1836264442352983e-08,1392.0,BID
608,1712307147.509836,1678202.24563473,1351.0,1.5197130291152172e-08,1392.0,BID
609,1712307147.6297815,1680974.24563473,1351.0,-4.999339468634723e-07,1392.0,ASK
610,1712307147.7970877,1680975.12446959,1351.0,-1.5849905489461168e-10,1392.0,ASK
611,1712307147.8046515,1681981.24563473,1349.0,-1.814553120892312e-07,1392.0,ASK
612,1712307150.1296556,1681981.24563473,1349.0,-0.0,1392.0,ASK
613,1712307180.1888604,1681981.24563473,1349.0,-0.0,1392.0,ASK
614,1712307180.4997838,1682114.48027573,1351.0,2.4003727621586364e-08,1392.0,BID
615,1712307210.19338,1682114.48027573,1351.0,0.0,1392.0,BID
616,1712307240.1248112,1682114.48027573,1351.0,0.0,1392.0,BID
617,1712307270.1352036,1682114.48027573,1351.0,0.0,1392.0,BID
618,1712307285.7227955,1682769.94242771,1354.0,1.1808509136576009e-07,1392.0,BID
619,1712307285.7282925,1683580.94242771,1354.0,1.4610608531451793e-07,1392.0,BID
620,1712307285.8595774,1685340.29941933,1354.0,-3.1695778386723866e-07,1392.0,ASK
621,1712307286.239596,1687099.29941933,1351.0,-3.168934698745216e-07,1392.0,ASK
622,1712307300.1402977,1687099.29941933,1351.0,-0.0,1392.0,ASK
623,1712307304.2896566,1687136.30904184,1351.0,-6.674502584563844e-09,1392.0,ASK
624,1712307330.1196463,1687136.30904184,1351.0,-0.0,1392.0,ASK
625,1712307360.1921098,1687136.30904184,1351.0,-0.0,1392.0,ASK
626,1712307390.1915188,1687136.30904184,1351.0,-0.0,1392.0,ASK
627,1712307415.9198215,1687708.81515855,1351.0,-1.0324771884020681e-07,1392.0,ASK
628,1712307420.1129253,1687708.81515855,1351.0,-0.0,1392.0,ASK
629,1712307450.1280828,1687708.81515855,1351.0,-0.0,1392.0,ASK
630,1712307480.1824374,1687708.81515855,1351.0,-0.0,1392.0,ASK
631,1712307510.1800933,1687708.81515855,1351.0,-0.0,1392.0,ASK
632,1712307540.1225002,1687708.81515855,1351.0,-0.0,1392.0,ASK
633,1712307570.1362247,1687708.81515855,1351.0,-0.0,1392.0,ASK
634,1712307586.8303893,1687723.59653681,1357.0,2.6653527248231903e-09,1392.0,BID
635,1712307600.1704984,1687723.59653681,1357.0,0.0,1392.0,BID
636,1712307630.1249616,1687723.59653681,1357.0,0.0,1392.0,BID
637,1712307651.2526717,1687797.28850438,1357.0,1.3296975756258804e-08,1392.0,BID
638,1712307660.1726596,1687797.28850438,1357.0,0.0,1392.0,BID
639,1712307671.0204923,1687856.28850438,1353.0,-1.0645765608381298e-08,1392.0,ASK
640,1712307690.2164896,1687856.28850438,1353.0,-0.0,1392.0,ASK
641,1712307720.120605,1687856.28850438,1353.0,-0.0,1392.0,ASK
642,1712307730.5831594,1687906.28850438,1353.0,-9.021705315214968e-09,1392.0,ASK
643,1712307730.760535,1687956.28850438,1353.0,9.021705315214968e-09,1392.0,BID
644,1712307730.8606102,1687956.2885053,1354.0,-1.6598383756547391e-16,1392.0,ASK
645,1712307730.866062,1688440.2010583,1354.0,-8.73143290299925e-08,1392.0,ASK
646,1712307731.220553,1688573.2387523,1353.0,-2.4004537421664122e-08,1392.0,ASK
647,1712307731.2249138,1688923.2010583,1352.0,-6.314513592331247e-08,1392.0,ASK
648,1712307750.119648,1688923.2010583,1352.0,-0.0,1392.0,ASK
649,1712307757.287286,1689544.01071156,1352.0,-1.1198606409086549e-07,1392.0,ASK
650,1712307757.2912824,1690113.32767125,1352.0,-1.0269744550696073e-07,1392.0,ASK
651,1712307757.2938547,1690271.0152713,1351.0,-2.8444811695163226e-08,1392.0,ASK
652,1712307780.1745086,1690271.0152713,1351.0,-0.0,1392.0,ASK
653,1712307810.1806374,1690271.0152713,1351.0,-0.0,1392.0,ASK
654,1712307815.6917892,1690314.0152713,1351.0,-7.754097443098559e-09,1392.0,ASK
655,1712307816.1571534,1690852.0152713,1351.0,-9.701638196248897e-08,1392.0,ASK
656,1712307816.718115,1691059.0152713,1351.0,-3.732786443538145e-08,1392.0,ASK
657,1712307816.7589824,1691290.88817185,1351.0,-4.18131410529945e-08,1392.0,ASK
658,1712307816.7616167,1691327.6133468,1351.0,-6.622571748300242e-09,1392.0,ASK
659,1712307816.7641754,1691918.0152713,1351.0,-1.0646590821316254e-07,1392.0,ASK
660,1712307816.766707,1692045.0152713,1351.0,-2.2901636634267842e-08,1392.0,ASK
661,1712307816.7797835,1692412.0152713,1351.0,-6.618032003760864e-08,1392.0,ASK
662,1712307840.147497,1692412.0152713,1351.0,-0.0,1392.0,ASK
663,1712307870.1225088,1692412.0152713,1351.0,-0.0,1392.0,ASK
664,1712307900.1777866,1692412.0152713,1351.0,-0.0,1392.0,ASK
665,1712307908.1709237,1692412.50179139,1351.0,-8.800769818975255e-11,1392.0,ASK
666,1712307908.180852,1692419.90371589,1350.0,-1.338950540652674e-09,1392.0,ASK
667,1712307908.1906624,1692425.50179139,1350.0,-1.0126482940103243e-09,1392.0,ASK
668,1712307909.1910515,1692438.23640689,1349.0,-2.303592843837029e-09,1392.0,ASK
669,1712307909.1953957,1692438.50179139,1350.0,-4.8005990825969655e-11,1392.0,ASK
670,1712307930.1846862,1692438.50179139,1350.0,-0.0,1392.0,ASK
671,1712307947.4409409,1692464.44213951,1349.0,-4.692376767979599e-09,1392.0,ASK
672,1712307960.1207476,1692464.44213951,1349.0,-0.0,1392.0,ASK
673,1712307990.119624,1692464.44213951,1349.0,-0.0,1392.0,ASK
674,1712308020.193463,1692464.44213951,1349.0,-0.0,1392.0,ASK
675,1712308036.4038208,1693205.73198383,1349.0,-1.340918483225971e-07,1392.0,ASK
676,1712308036.4081974,1693925.30441092,1349.0,-1.3016338681801285e-07,1392.0,ASK
677,1712308036.4118109,1694944.44213951,1349.0,-1.843517252651786e-07,1392.0,ASK
678,1712308036.414502,1695140.44213951,1349.0,-3.5454421064328446e-08,1392.0,ASK
679,1712308036.5308745,1695140.88409957,1349.0,-7.994611256220165e-11,1392.0,ASK
680,1712308047.7409525,1695152.44196307,1348.0,-2.0907008118976656e-09,1392.0,ASK
681,1712308047.7507992,1695538.01073157,1348.0,-6.974549728392598e-08,1392.0,ASK
682,1712308050.1993823,1695538.01073157,1348.0,-0.0,1392.0,ASK
683,1712308063.564476,1695538.01073161,1348.0,-7.23864600995254e-18,1392.0,ASK
684,1712308063.5672846,1695699.01073157,1347.0,-2.910145004328923e-08,1392.0,ASK
685,1712308066.5992794,1695699.08348572,1347.0,-1.3150628962005272e-11,1392.0,ASK
686,1712308066.7408493,1696492.10100925,1347.0,1.433413655291916e-07,1392.0,BID
687,1712308067.7511442,1696512.10100925,1346.0,-3.615086962798494e-09,1392.0,ASK
688,1712308067.7571886,1697253.10100925,1346.0,-1.3393897197168421e-07,1392.0,ASK
689,1712308068.7108748,1697956.02079526,1346.0,-1.270558077149237e-07,1392.0,ASK
690,1712308068.7223866,1698099.10100925,1346.0,-2.58623708114526e-08,1392.0,ASK
691,1712308080.124441,1698099.10100925,1346.0,-0.0,1392.0,ASK
692,1712308110.1944122,1698099.10100925,1346.0,-0.0,1392.0,ASK
693,1712308122.3212564,1698103.6169825,1346.0,-8.15773350876877e-10,1392.0,ASK
694,1712308122.3270729,1698108.2474617,1345.0,-8.36457907066128e-10,1392.0,ASK
695,1712308122.331612,1698108.98761093,1346.0,-1.3370185872653766e-10,1392.0,ASK
696,1712308122.441187,1698116.4188377,1345.0,-1.342389874215985e-09,1392.0,ASK
697,1712308122.4494264,1698223.13780087,1345.0,-1.927790121086172e-08,1392.0,ASK
698,1712308122.4539194,1698229.98761093,1345.0,-1.23736173712387e-09,1392.0,ASK
699,1712308122.601245,1698235.03371164,1345.0,-9.115365076125136e-10,1392.0,ASK
700,1712308122.6072593,1698243.98761093,1345.0,-1.6174481164438671e-09,1392.0,ASK
701,1712308140.1836982,1698243.98761093,1345.0,-0.0,1392.0,ASK
702,1712308141.2408926,1698251.40050937,1349.0,1.3390318744300435e-09,1392.0,BID
703,1712308170.1709943,1698251.40050937,1349.0,0.0,1392.0,BID
704,1712308200.190513,1698251.40050937,1349.0,0.0,1392.0,BID
705,1712308230.1402977,1698251.40050937,1349.0,0.0,1392.0,BID
706,1712308260.2116437,1698251.40050937,1349.0,0.0,1392.0,BID
707,1712308264.091555,1698258.8354536,1345.0,-1.3643778094606712e-09,1392.0,ASK
708,1712308264.0976512,1698271.40094898,1344.0,-2.305879174233073e-09,1392.0,ASK
709,1712308264.198093,1698296.49066192,1344.0,-4.604183504649216e-09,1392.0,ASK
710,1712308264.2009215,1698301.04657192,1344.0,-8.36049647923108e-10,1392.0,ASK
711,1712308265.239606,1698330.04657192,1343.0,-5.3217556515413314e-09,1392.0,ASK
712,1712308266.2716477,1698413.04657192,1343.0,-1.5231231692342427e-08,1392.0,ASK
713,1712308266.277677,1699900.04657192,1344.0,2.7287760875317095e-07,1392.0,BID
714,1712308266.5990205,1701387.04657192,1344.0,2.7287760875317095e-07,1392.0,BID
715,1712308266.603776,1701569.04657192,1344.0,3.33986044338111e-08,1392.0,BID
716,1712308270.791541,1701775.04657192,1343.0,-3.780281600750048e-08,1392.0,ASK
717,1712308270.797607,1701780.04657192,1343.0,-9.175440778519531e-10,1392.0,ASK
718,1712308286.921553,1702452.44332592,1346.0,1.233907319199343e-07,1392.0,BID
719,1712308286.9278436,1702452.44332674,1346.0,1.5048264722314571e-16,1392.0,BID
720,1712308290.1794498,1702452.44332674,1346.0,0.0,1392.0,BID
721,1712308320.1254115,1702452.44332674,1346.0,0.0,1392.0,BID
722,1712308327.9816158,1702459.44332674,1347.0,1.2832319172738807e-09,1392.0,BID
723,1712308327.9879591,1702833.44332674,1347.0,6.85612481514902e-08,1392.0,BID
724,1712308328.5415285,1702907.73753179,1346.0,-1.361952788409e-08,1392.0,ASK
725,1712308350.1260543,1702907.73753179,1346.0,-0.0,1392.0,ASK
726,1712308380.1821022,1702907.73753179,1346.0,-0.0,1392.0,ASK
727,1712308410.174023,1702907.73753179,1346.0,-0.0,1392.0,ASK
728,1712308440.14441,1702907.73753179,1346.0,-0.0,1392.0,ASK
729,1712308470.1364875,1702907.73753179,1346.0,-0.0,1392.0,ASK
730,1712308499.5115669,1703061.82720915,1347.0,-2.8244366713069974e-08,1392.0,ASK
731,1712308500.1404135,1703061.82720915,1347.0,-0.0,1392.0,ASK
732,1712308530.1310787,1703061.82720915,1347.0,-0.0,1392.0,ASK
733,1712308560.1344116,1703061.82720915,1347.0,-0.0,1392.0,ASK
734,1712308561.4312935,1703284.54435815,1347.0,-4.086540025763368e-08,1392.0,ASK
735,1712308561.4362166,1703284.54435837,1347.0,-4.032870081424669e-17,1392.0,ASK
736,1712308585.3544035,1703475.54435837,1346.0,-3.5045758641615894e-08,1392.0,ASK
737,1712308585.3794808,1703645.66322909,1346.0,-3.1214371118526624e-08,1392.0,ASK
738,1712308585.3837864,1704393.25015332,1346.0,-1.3717147073398908e-07,1392.0,ASK
739,1712308585.4338498,1704393.60996307,1346.0,-6.601992489601865e-11,1392.0,ASK
740,1712308590.1210525,1704393.60996307,1346.0,-0.0,1392.0,ASK
741,1712308604.792183,1705530.31175011,1343.0,-2.084998764633641e-07,1392.0,ASK
742,1712308604.7983022,1706255.52168585,1341.0,-1.3302185651132514e-07,1392.0,ASK
743,1712308604.8030758,1706420.12462982,1342.0,-3.019234585052816e-08,1392.0,ASK
744,1712308604.8077984,1706420.34391146,1343.0,-4.022180254477755e-11,1392.0,ASK
745,1712308604.8115458,1708059.08440362,1341.0,-3.0058648105112856e-07,1392.0,ASK
746,1712308604.8142877,1708073.97643638,1343.0,-2.731575709778512e-09,1392.0,ASK
747,1712308604.8170357,1708085.58597438,1342.0,-2.129483094301534e-09,1392.0,ASK
748,1712308604.8198109,1708093.04309593,1341.0,-1.367824824150149e-09,1392.0,ASK
749,1712308604.8225758,1708190.59969749,1342.0,-1.789434978052254e-08,1392.0,ASK
750,1712308604.8253536,1708942.78032359,1340.0,-1.3796896372296992e-07,1392.0,ASK
751,1712308604.8282974,1709017.3515391,1341.0,-1.3678248243167064e-08,1392.0,ASK
752,1712308604.8310933,1709869.61713564,1340.0,-1.563270803464347e-07,1392.0,ASK
753,1712308604.833889,1714874.61713564,1341.0,-9.180436712573944e-07,1392.0,ASK
754,1712308604.8366814,1731444.01162323,1340.0,-3.039246302876966e-06,1392.0,ASK
755,1712308604.872485,1731551.55240196,1340.0,1.9725700562440337e-08,1392.0,BID
756,1712308605.751735,1734544.85098672,1343.0,5.490467176668903e-07,1392.0,BID
757,1712308605.7589414,1735002.06863096,1343.0,8.386528764870227e-08,1392.0,BID
758,1712308605.771052,1735002.0686315,1343.0,9.903760893217795e-17,1392.0,BID
759,1712308616.011436,1735005.77730459,1346.0,6.80264507295625e-10,1392.0,BID
760,1712308620.1739938,1735005.77730459,1346.0,0.0,1392.0,BID
761,1712308629.0112846,1735078.77730459,1344.0,-1.3289998243334788e-08,1392.0,ASK
762,1712308629.1011777,1735094.77730459,1344.0,-2.912876327306255e-09,1392.0,ASK
763,1712308631.001501,1735098.77454459,1343.0,-7.27716610648953e-10,1392.0,ASK
764,1712308631.0078597,1735098.77730459,1342.0,-5.024711776100499e-13,1392.0,ASK
765,1712308636.1868353,1738704.77730459,1342.0,-6.564895022666472e-07,1392.0,ASK
766,1712308650.176231,1738704.77730459,1342.0,-0.0,1392.0,ASK
767,1712308680.112299,1738704.77730459,1342.0,-0.0,1392.0,ASK
768,1712308689.981254,1739515.77730459,1343.0,1.475131018722955e-07,1392.0,BID
769,1712308690.0612147,1739623.31808259,1344.0,1.956063346550715e-08,1392.0,BID
770,1712308690.2612274,1742110.37673768,1344.0,-4.523720551796419e-07,1392.0,ASK
771,1712308690.281306,1742591.85064468,1345.0,8.757547409633938e-08,1392.0,BID
772,1712308690.2876732,1743325.00238268,1345.0,1.333532515603694e-07,1392.0,BID
773,1712308690.3213425,1743771.09776968,1344.0,-8.114046148862656e-08,1392.0,ASK
774,1712308690.327722,1745258.00238268,1345.0,-2.704536518518755e-07,1392.0,ASK
775,1712308690.4825735,1746678.6445202,1343.0,-2.5840114470538294e-07,1392.0,ASK
776,1712308690.487599,1746744.00238268,1344.0,-1.1887966740031404e-08,1392.0,ASK
777,1712308691.6303344,1747716.75028268,1343.0,-1.7693348960386952e-07,1392.0,ASK
778,1712308710.1311774,1747716.75028268,1343.0,-0.0,1392.0,ASK
779,1712308740.11184,1748396.55993594,1343.0,-1.233790375110434e-07,1392.0,ASK
780,1712308740.174818,1748661.17524553,1343.0,4.802518183043979e-08,1392.0,BID
781,1712308740.1844935,1748661.17524553,1343.0,0.0,1392.0,BID
782,1712308743.8318777,1748705.17524553,1343.0,-7.983746998740862e-09,1392.0,ASK
783,1712308748.191367,1748705.4831383,1343.0,-5.5866772244252044e-11,1392.0,ASK
784,1712308748.195704,1749077.78395736,1343.0,-6.755353515453574e-08,1392.0,ASK
785,1712308748.1998649,1751082.6123617,1340.0,-3.637736990031727e-07,1392.0,ASK
786,1712308770.177174,1751082.6123617,1340.0,-0.0,1392.0,ASK
787,1712308787.6212246,1751185.69451731,1343.0,1.86931231204192e-08,1392.0,BID
788,1712308800.158416,1751185.69451731,1343.0,0.0,1392.0,BID
789,1712308830.121566,1751185.69451731,1343.0,0.0,1392.0,BID
790,1712308835.1019058,1751439.28639298,1343.0,4.6014914659905043e-08,1392.0,BID
791,1712308835.109518,1751930.29615543,1343.0,8.909501637864826e-08,1392.0,BID
792,1712308860.1813622,1751930.29615543,1343.0,0.0,1392.0,BID
793,1712308868.5733657,1752004.37778392,1340.0,-1.3439868171811904e-08,1392.0,ASK
794,1712308868.5764885,1752146.29615543,1340.0,-2.5746790980841324e-08,1392.0,ASK
795,1712308868.7747507,1752146.84139261,1340.0,-9.891677561613959e-11,1392.0,ASK
796,1712308868.7900658,1752546.84139261,1340.0,7.256788731972822e-08,1392.0,BID
797,1712308868.845967,1752600.84139261,1340.0,9.796664788163307e-09,1392.0,BID
798,1712308869.2511947,1752748.84139261,1340.0,2.6850118308299442e-08,1392.0,BID
799,1712308875.6013277,1754458.08350036,1340.0,3.100902216933267e-07,1392.0,BID
800,1712308875.621418,1754572.03297421,1340.0,2.0672681446258392e-08,1392.0,BID
801,1712308886.018494,1754592.13345421,1339.0,-3.6466234192430204e-09,1392.0,ASK
802,1712308886.0271492,1754861.17417228,1339.0,-4.880929128330605e-08,1392.0,ASK
803,1712308886.036925,1755840.03297421,1339.0,-1.7758428810098933e-07,1392.0,ASK
804,1712308886.071098,1756069.03297421,1339.0,-4.15451154905444e-08,1392.0,ASK
805,1712308886.0740366,1756263.03297421,1339.0,-3.519542535006818e-08,1392.0,ASK
806,1712308886.0975218,1756620.03297421,1339.0,-6.476683943285742e-08,1392.0,ASK
807,1712308886.9986749,1756694.71557316,1339.0,-1.3548896063347577e-08,1392.0,ASK
808,1712308887.0018926,1756735.03297421,1338.0,-7.314371541074282e-09,1392.0,ASK
809,1712308887.0415325,1756740.03297421,1338.0,-9.070985914966023e-10,1392.0,ASK
810,1712308887.0483832,1756826.4802442,1337.0,-1.568323936930862e-08,1392.0,ASK
811,1712308887.0534935,1756973.89552937,1337.0,-2.67440395085696e-08,1392.0,ASK
812,1712308887.0569117,1757011.14602218,1338.0,-6.757973912108112e-09,1392.0,ASK
813,1712308887.059819,1757833.88349413,1337.0,-1.4926080039546549e-07,1392.0,ASK
814,1712308887.1613748,1758172.88349413,1337.0,6.150128450346966e-08,1392.0,BID
1015,1712308887.1668365,1758287.88349413,1337.0,2.086326760442185e-08,1392.0,BID
815,1712308887.1668365,1758287.88349413,1337.0,2.0863267604421852e-08,1392.0,BID
816,1712308887.1728332,1758443.03297421,1337.0,2.814717497039949e-08,1392.0,BID
817,1712308888.233835,1758773.03297421,1339.0,5.986850703877577e-08,1392.0,BID
818,1712308888.3882303,1759175.93297421,1340.0,-7.309400450277936e-08,1392.0,ASK
819,1712308888.9275565,1759181.27760728,1336.0,-9.696218259823444e-10,1392.0,ASK
820,1712308888.9318123,1759290.06278691,1336.0,-1.9735776643601412e-08,1392.0,ASK
1020,1712308888.9318123,1759290.06278691,1336.0,-1.973577664360141e-08,1392.0,ASK
821,1712308888.93499,1759365.93297421,1336.0,-1.376434800728714e-08,1392.0,ASK
822,1712308888.9411175,1759691.93297421,1339.0,5.9142828165578484e-08,1392.0,BID
823,1712308889.1590314,1759716.06278691,1336.0,-4.377623822644912e-09,1392.0,ASK
824,1712308889.6586287,1759906.93297421,1338.0,-3.4627615611708994e-08,1392.0,ASK
825,1712308889.987764,1759989.93297421,1338.0,-1.50578366188436e-08,1392.0,ASK
826,1712308890.1709988,1760157.6329742,1339.0,3.0424086756971285e-08,1392.0,BID
827,1712308890.5065434,1760240.6329742,1338.0,-1.50578366188436e-08,1392.0,ASK
828,1712308890.512514,1760240.6329742,1338.0,-0.0,1392.0,ASK
829,1712308890.5204442,1760635.5085492,1339.0,7.149534217203185e-08,1392.0,BID
830,1712308890.6571748,1760803.20854884,1339.0,3.0363409680410343e-08,1392.0,BID
831,1712308891.4804454,1760970.20854884,1338.0,-3.0236669215944014e-08,1392.0,ASK
832,1712308920.197033,1760970.20854884,1338.0,-0.0,1392.0,ASK
833,1712308920.2676132,1761781.20854884,1336.0,-1.4680904204928238e-07,1392.0,ASK
834,1712308920.2732196,1762781.20854884,1336.0,-1.81022246669892e-07,1392.0,ASK
835,1712308920.4387307,1763204.01346284,1336.0,7.653709543538869e-08,1392.0,BID
836,1712308920.4418757,1763204.01346321,1336.0,6.697241914422677e-17,1392.0,BID
837,1712308940.0510538,1763208.4844021,1342.0,8.093394025930871e-10,1392.0,BID
838,1712308950.1346562,1763208.4844021,1342.0,0.0,1392.0,BID
839,1712308961.954119,1763245.4844021,1338.0,-6.694199407400951e-09,1392.0,ASK
840,1712308964.0251064,1763282.09015696,1336.0,-6.622870878138688e-09,1392.0,ASK
841,1712308964.0375135,1763282.4844021,1338.0,-7.132852926226344e-11,1392.0,ASK
842,1712308964.6824763,1764219.05017134,1338.0,1.694475139847851e-07,1392.0,BID
843,1712308964.762396,1766279.49486334,1338.0,3.727845307072746e-07,1392.0,BID
844,1712308964.7815688,1766279.49486365,1338.0,5.611013124381059e-17,1392.0,BID
845,1712308965.2211154,1766614.49486365,1337.0,-6.060964328322483e-08,1392.0,ASK
846,1712308980.1784604,1766614.49486365,1337.0,-0.0,1392.0,ASK
847,1712308993.3814275,1770236.49486365,1337.0,-6.547680264302808e-07,1392.0,ASK
848,1712308993.388452,1771138.49486365,1337.0,-1.6305929316402905e-07,1392.0,ASK
849,1712308993.9210556,1771229.49486365,1336.0,-1.645054953206945e-08,1392.0,ASK
850,1712309001.3325205,1771229.88910879,1336.0,-7.126977146927569e-11,1392.0,ASK
851,1712309001.3359268,1771242.6048418,1335.0,-2.298690062804504e-09,1392.0,ASK
852,1712309010.2007096,1771242.6048418,1335.0,-0.0,1392.0,ASK
853,1712309022.7017596,1771386.6048418,1340.0,2.6002552961562728e-08,1392.0,BID
854,1712309027.3211231,1771496.6048418,1340.0,1.986306129008264e-08,1392.0,BID
1054,1712309027.3211231,1771496.6048418,1340.0,1.9863061290082642e-08,1392.0,BID
855,1712309027.422776,1771922.41449506,1340.0,7.688984764193765e-08,1392.0,BID
856,1712309027.481346,1771922.41449603,1340.0,-1.7515111319738582e-16,1392.0,ASK
857,1712309027.487701,1772533.91827503,1340.0,-1.1042124583088065e-07,1392.0,ASK
858,1712309028.0012746,1772608.97709628,1335.0,-1.3553617880453005e-08,1392.0,ASK
859,1712309034.8186867,1772695.64254594,1335.0,-1.56494648938663e-08,1392.0,ASK
860,1712309034.822032,1773036.41908817,1335.0,-6.15351394957981e-08,1392.0,ASK
861,1712309034.825252,1775778.84230911,1335.0,-4.952083683716398e-07,1392.0,ASK
862,1712309034.8316753,1775786.6279163,1334.0,-1.4058726617538463e-09,1392.0,ASK
863,1712309034.8348708,1776011.34701742,1335.0,-4.0578266169083843e-08,1392.0,ASK
864,1712309034.8380437,1776765.46995595,1334.0,-1.361744558934517e-07,1392.0,ASK
865,1712309034.8475275,1776877.22125083,1335.0,-2.0179298358603376e-08,1392.0,ASK
866,1712309034.8506644,1776899.72687723,1333.0,-4.063914877772079e-09,1392.0,ASK
867,1712309034.853806,1777312.0357228,1334.0,-7.445196245456075e-08,1392.0,ASK
868,1712309034.8602543,1777386.94208984,1335.0,-1.3526088723027946e-08,1392.0,ASK
869,1712309034.8634937,1777584.87162506,1334.0,-3.5740786265369745e-08,1392.0,ASK
870,1712309034.8667123,1789800.14360856,1333.0,-2.205751782575381e-06,1392.0,ASK
871,1712309034.8699265,1789820.14360856,1334.0,-3.611465689105934e-09,1392.0,ASK
872,1712309034.873112,1790631.14360856,1335.0,-1.4644493369324565e-07,1392.0,ASK
873,1712309034.876343,1791631.14360856,1334.0,-1.805732844552967e-07,1392.0,ASK
874,1712309039.5277324,1791780.06393618,1342.0,2.6891032680480987e-08,1392.0,BID
875,1712309040.1232214,1791780.06393618,1342.0,0.0,1392.0,BID
876,1712309042.6812503,1791787.515501,1342.0,1.338929352317257e-09,1392.0,BID
877,1712309043.4511676,1792537.1406884,1334.0,-1.3469589151931254e-07,1392.0,ASK
878,1712309043.561243,1793635.05324502,1334.0,1.9727767037431825e-07,1392.0,BID
879,1712309043.5711467,1793649.32894902,1334.0,2.5651201555850168e-09,1392.0,BID
880,1712309043.574491,1793863.32894902,1342.0,3.8452444327688726e-08,1392.0,BID
881,1712309043.6129067,1793900.58677316,1342.0,6.694646768740248e-09,1392.0,BID
882,1712309070.1288946,1793900.58677316,1342.0,0.0,1392.0,BID
883,1712309087.1111743,1793908.04389471,1341.0,1.3392465899619015e-09,1392.0,BID
884,1712309088.8413315,1794714.04389471,1339.0,-1.447519319963371e-07,1392.0,ASK
885,1712309089.041416,1795393.85354798,1338.0,-1.220890331272965e-07,1392.0,ASK
886,1712309089.0486152,1795520.04389471,1337.0,-2.2662898869040587e-08,1392.0,ASK
887,1712309097.87129,1796141.7967043,1337.0,-1.1166243227332213e-07,1392.0,ASK
888,1712309097.971758,1796191.39412123,1337.0,8.907347298591387e-09,1392.0,BID
889,1712309098.132514,1796474.39412123,1338.0,-5.0824809869681624e-08,1392.0,ASK
1089,1712309098.132514,1796474.39412123,1338.0,-5.082480986968162e-08,1392.0,ASK
890,1712309098.3365998,1796557.39412123,1338.0,-1.4906216322203446e-08,1392.0,ASK
891,1712309098.561226,1796640.39412123,1338.0,-1.4906216322203446e-08,1392.0,ASK
892,1712309099.9220147,1797132.63042123,1334.0,-8.84021779450708e-08,1392.0,ASK
893,1712309099.9277036,1797684.54165718,1335.0,-9.911937679186397e-08,1392.0,ASK
894,1712309099.9321067,1798406.84495718,1334.0,-1.2972059325351617e-07,1392.0,ASK
895,1712309099.9352646,1799217.84495718,1335.0,-1.4564989683502406e-07,1392.0,ASK
896,1712309099.9386055,1800851.92125582,1338.0,-2.9346861198206655e-07,1392.0,ASK
897,1712309099.941801,1803851.92125582,1334.0,-5.387789032121727e-07,1392.0,ASK
898,1712309099.9449885,1813775.0566619,1333.0,-1.782125336837875e-06,1392.0,ASK
899,1712309099.948189,1814686.31462886,1334.0,-1.636555226607024e-07,1392.0,ASK
900,1712309100.1812155,1814686.31462886,1334.0,-0.0,1392.0,ASK
901,1712309101.2114763,1815172.31462886,1338.0,8.68654252230934e-08,1392.0,BID
902,1712309108.2484074,1815179.77175041,1341.0,1.332851922613598e-09,1392.0,BID
903,1712309130.2080393,1815179.77175041,1341.0,0.0,1392.0,BID
904,1712309156.0113146,1815430.38442183,1339.0,4.478808122006778e-08,1392.0,BID
905,1712309156.1848116,1815902.07505041,1339.0,8.42978851144556e-08,1392.0,BID
906,1712309156.188553,1816127.87254322,1339.0,4.0353252650607984e-08,1392.0,BID
907,1712309160.1162035,1816127.87254322,1339.0,0.0,1392.0,BID
908,1712309163.1516073,1816550.15055557,1340.0,7.545002338107309e-08,1392.0,BID
909,1712309163.156546,1817620.40985665,1340.0,1.91227312170314e-07,1392.0,BID
910,1712309190.1186883,1817620.40985665,1340.0,0.0,1392.0,BID
911,1712309191.6870277,1817640.12852729,1339.0,3.5219515453702357e-09,1392.0,BID
912,1712309198.871977,1818386.39718329,1340.0,-1.332910364120237e-07,1392.0,ASK
913,1712309198.8758824,1818386.397184,1340.0,-1.2679534413617242e-16,1392.0,ASK
914,1712309219.3824832,1819059.11880704,1340.0,1.2015480166673616e-07,1392.0,BID
915,1712309219.3904362,1819528.39977133,1340.0,8.381826785265496e-08,1392.0,BID
916,1712309219.5618932,1820013.47439838,1340.0,-8.663917378390238e-08,1392.0,ASK
917,1712309220.1952343,1820013.47439838,1340.0,-0.0,1392.0,ASK
918,1712309236.5923483,1820824.47439838,1340.0,1.447697846926427e-07,1392.0,BID
919,1712309236.5958395,1821316.71069838,1340.0,8.786799404303522e-08,1392.0,BID
920,1712309236.6740568,1821859.48984678,1340.0,-9.689028415478797e-08,1392.0,ASK
921,1712309250.1948683,1821859.48984678,1340.0,-0.0,1392.0,ASK
922,1712309260.412222,1822139.57759555,1340.0,4.99757659637845e-08,1392.0,BID
923,1712309260.4720874,1822583.50562296,1340.0,-7.920961662912807e-08,1392.0,ASK
924,1712309260.4791434,1824815.88638456,1340.0,-3.983213795450267e-07,1392.0,ASK
925,1712309279.9651687,1825562.15504127,1341.0,1.3315594094210453e-07,1392.0,BID
926,1712309280.044547,1826659.70820093,1341.0,1.958352697710953e-07,1392.0,BID
927,1712309280.105319,1826659.70820093,1341.0,0.0,1392.0,BID
928,1712309280.170297,1826703.09463842,1341.0,-7.73251974378947e-09,1392.0,ASK
929,1712309310.1196568,1826703.09463842,1341.0,-0.0,1392.0,ASK
930,1712309337.6819956,1826710.55175997,1341.0,1.329026881198707e-09,1392.0,BID
931,1712309337.9545105,1826984.21505707,1341.0,4.8772958280339175e-08,1392.0,BID
932,1712309340.186103,1826984.21505707,1341.0,0.0,1392.0,BID
933,1712309360.7019491,1826991.66662189,1342.0,1.3279473264043599e-09,1392.0,BID
934,1712309370.184799,1826991.66662189,1342.0,0.0,1392.0,BID
935,1712309400.192736,1826991.66662189,1342.0,0.0,1392.0,BID
936,1712309412.0219944,1827802.66662189,1341.0,1.445717365760124e-07,1392.0,BID
937,1712309412.032032,1828052.74669798,1342.0,4.458016138520508e-08,1392.0,BID
938,1712309412.037847,1828347.56260866,1342.0,5.2554929934949736e-08,1392.0,BID
939,1712309412.081921,1828468.61930639,1342.0,2.1579996319334032e-08,1392.0,BID
940,1712309417.0419135,1828479.79665363,1342.0,1.9925135644949742e-09,1392.0,BID
941,1712309417.1219256,1828490.97400087,1342.0,1.9925135644949742e-09,1392.0,BID
942,1712309430.1280594,1828490.97400087,1342.0,0.0,1392.0,BID
943,1712309437.9121118,1828498.97400087,1342.0,1.425597250150852e-09,1392.0,BID
944,1712309440.982082,1828921.25201322,1338.0,-7.524979665066043e-08,1392.0,ASK
945,1712309440.9881363,1829465.18279816,1338.0,-9.692827891036112e-08,1392.0,ASK
946,1712309460.1772835,1829465.18279816,1338.0,-0.0,1392.0,ASK
947,1712309469.8320773,1830235.23901399,1338.0,-1.37191885020036e-07,1392.0,ASK
948,1712309490.1836076,1830235.23901399,1338.0,-0.0,1392.0,ASK
949,1712309520.1599867,1830235.23901399,1338.0,-0.0,1392.0,ASK
950,1712309535.6519575,1830598.24941699,1342.0,6.466143681074499e-08,1392.0,BID
951,1712309535.671795,1830598.24941713,1342.0,2.4925328476850338e-17,1392.0,BID
952,1712309550.1221354,1830598.24941713,1342.0,0.0,1392.0,BID
953,1712309553.2820272,1830671.9413847,1342.0,1.3125285150370737e-08,1392.0,BID
954,1712309579.5019815,1830894.98971183,1342.0,-3.9727164200282e-08,1392.0,ASK
955,1712309579.6019118,1831088.41828484,1342.0,-3.4451586254290153e-08,1392.0,ASK
956,1712309580.22327,1831088.41828484,1342.0,-0.0,1392.0,ASK
957,1712309593.1122148,1832109.12892407,1342.0,1.8177759650255449e-07,1392.0,BID
958,1712309610.131925,1832109.12892407,1342.0,0.0,1392.0,BID
959,1712309615.624894,1832920.12892407,1343.0,1.4439516060798753e-07,1392.0,BID
960,1712309638.600208,1833606.12892407,1343.0,-1.221394330173606e-07,1392.0,ASK
961,1712309638.611204,1833855.12892407,1343.0,-4.4333409360528846e-08,1392.0,ASK
962,1712309638.6417348,1834133.12892407,1343.0,-4.9496738161554295e-08,1392.0,ASK
963,1712309638.6618762,1834133.82959401,1343.0,-1.24751354541632e-10,1392.0,ASK
964,1712309640.1874063,1834133.82959401,1343.0,-0.0,1392.0,ASK
965,1712309666.8019578,1834208.45645968,1340.0,-1.3280571924957148e-08,1392.0,ASK
966,1712309666.8057168,1834297.82959401,1340.0,-1.5904812937937534e-08,1392.0,ASK
967,1712309666.8131738,1834315.99601191,1340.0,-3.232889621901766e-09,1392.0,ASK
968,1712309666.816747,1834620.82959401,1340.0,-5.4248081784896906e-08,1392.0,ASK
969,1712309667.0947168,1836336.82959401,1340.0,-3.053787830776053e-07,1392.0,ASK
970,1712309667.2406154,1836548.82959401,1340.0,-3.772744872520533e-08,1392.0,ASK
971,1712309670.186578,1836548.82959401,1340.0,-0.0,1392.0,ASK
972,1712309692.352068,1836549.80092628,1340.0,-1.7275847340987207e-10,1392.0,ASK
973,1712309700.1295288,1836549.80092628,1340.0,-0.0,1392.0,ASK
974,1712309730.1275363,1836549.80092628,1340.0,-0.0,1392.0,ASK
975,1712309736.9118826,1836554.92715499,1340.0,9.136814636024147e-10,1392.0,BID
976,1712309738.80192,1836560.92715499,1340.0,-1.069419468348455e-09,1392.0,ASK
977,1712309738.88205,1836667.94107499,1340.0,-1.9073794905390632e-08,1392.0,ASK
978,1712309739.7820864,1836673.94107499,1340.0,-1.069419468348455e-09,1392.0,ASK
979,1712309751.6121402,1837096.21908699,1341.0,7.526538784805143e-08,1392.0,BID
980,1712309751.6317482,1837096.21908735,1341.0,6.415735689871602e-17,1392.0,BID
981,1712309760.1853714,1837096.21908735,1341.0,0.0,1392.0,BID
982,1712309767.2324536,1837170.95750289,1338.0,-1.3319380188693244e-08,1392.0,ASK
983,1712309767.2403526,1837178.43134444,1338.0,-1.3319380181680842e-09,1392.0,ASK
984,1712309767.2473676,1837178.43134498,1340.0,-9.622347047308746e-17,1392.0,ASK
985,1712309767.2508068,1838471.65461542,1338.0,-2.304695956344625e-07,1392.0,ASK
986,1712309790.190967,1838471.65461542,1338.0,-0.0,1392.0,ASK
987,1712309820.124111,1838471.65461542,1338.0,-0.0,1392.0,ASK
988,1712309845.102187,1838505.475598,1338.0,-6.025372997167648e-09,1392.0,ASK
989,1712309848.9721658,1838509.20138041,1342.0,6.637663076003055e-10,1392.0,BID
990,1712309850.1252546,1838509.20138041,1342.0,0.0,1392.0,BID
991,1712309880.1425445,1838583.77259592,1341.0,1.3285106801357505e-08,1392.0,BID
992,1712309880.1853354,1838583.77259592,1341.0,0.0,1392.0,BID
993,1712309895.4221368,1838594.77259592,1340.0,-1.9596511924629713e-09,1392.0,ASK
994,1712309900.242004,1839710.77259592,1340.0,-1.9881552098078882e-07,1392.0,ASK
995,1712309900.247041,1842126.77259592,1340.0,-4.3041066190823083e-07,1392.0,ASK
996,1712309900.2619493,1843639.77259592,1340.0,-2.695411140178614e-07,1392.0,ASK
997,1712309900.3421416,1843639.8505271,1340.0,-1.388344818846854e-11,1392.0,ASK
998,1712309900.4049838,1843717.8505271,1338.0,-1.3895708455646525e-08,1392.0,ASK
999,1712309903.352054,1843791.6512651,1338.0,-1.3147609475136404e-08,1392.0,ASK
1000,1712309910.1819775,1843791.6512651,1338.0,-0.0,1392.0,ASK
1201,1712309911.5021062,1843879.02614437,1340.0,1.5546517146389662e-08,1392.0,BID
1202,1712309911.5221095,1843984.32614437,1340.0,1.8735914363434692e-08,1392.0,BID
1203,1712309911.5242095,1844073.1217199,1340.0,1.5799300085298247e-08,1392.0,BID
1204,1712309916.4049945,1844580.50855099,1340.0,9.02787864808149e-08,1392.0,BID
1205,1712309916.40762,1844819.39037661,1340.0,4.250398316995915e-08,1392.0,BID
1206,1712309939.822051,1844906.54575107,1340.0,1.5507460894524843e-08,1392.0,BID
1207,1712309940.128539,1844906.54575107,1340.0,0.0,1392.0,BID
1208,1712309952.2420232,1845059.89179549,1340.0,2.727744389367745e-08,1392.0,BID
1209,1712309970.134961,1845059.89179549,1340.0,0.0,1392.0,BID
1210,1712309976.8849688,1845209.36862659,1340.0,2.6588210086363364e-08,1392.0,BID
1211,1712309976.8877387,1845285.43234621,1341.0,1.3529843670919207e-08,1392.0,BID
1212,1712310000.1463192,1845285.43234621,1341.0,0.0,1392.0,BID
1213,1712310012.6121302,1845400.43234621,1341.0,2.045532251822844e-08,1392.0,BID
1214,1712310012.6723864,1845400.49134778,1341.0,1.0494749091432552e-11,1392.0,BID
1215,1712310030.1263196,1845400.49134778,1341.0,0.0,1392.0,BID
1216,1712310034.1921537,1845507.1997689,1342.0,1.897995883554835e-08,1392.0,BID
1217,1712310034.1945796,1845605.33609386,1342.0,1.745526162288277e-08,1392.0,BID
1218,1712310034.2150364,1845697.13609386,1342.0,1.632823541776125e-08,1392.0,BID
1219,1712310038.5780592,1845859.20209183,1342.0,2.8826271983313458e-08,1392.0,BID
1220,1712310038.5920265,1845958.04109433,1342.0,1.7580245111906057e-08,1392.0,BID
1221,1712310038.593404,1846105.98780328,1342.0,2.6314909509989907e-08,1392.0,BID
1222,1712310038.672104,1846249.09513521,1342.0,2.5454141674975214e-08,1392.0,BID
1223,1712310038.712001,1846356.01919026,1342.0,1.90183131010398e-08,1392.0,BID
1224,1712310038.799899,1847809.68268626,1342.0,2.5855947473727336e-07,1392.0,BID
1225,1712310040.402477,1862763.63507126,1342.0,2.6598219495440923e-06,1392.0,BID
1226,1712310040.403936,1862860.91110326,1342.0,1.7302243474969536e-08,1392.0,BID
1227,1712310040.4175584,1863480.91110326,1342.0,1.102778426907063e-07,1392.0,BID
1228,1712310040.5217705,1863626.19493826,1342.0,2.584127080906567e-08,1392.0,BID
1229,1712310040.5248508,1864472.18405626,1342.0,1.5047395947234894e-07,1392.0,BID
1230,1712310040.5320926,1865179.14860971,1342.0,1.2574600937623337e-07,1392.0,BID
1231,1712310060.1785874,1865179.14860971,1342.0,0.0,1392.0,BID
1232,1712310064.4721515,1865267.48014871,1343.0,-1.5637482395791674e-08,1392.0,ASK
1233,1712310082.1244397,1865267.48014925,1343.0,-9.558547968691974e-17,1392.0,ASK
1234,1712310090.1885548,1865267.48014925,1343.0,-0.0,1392.0,ASK
1235,1712310091.6421957,1865758.72184602,1340.0,-8.696352570620376e-08,1392.0,ASK
1236,1712310097.2920806,1865851.79705078,1343.0,1.6476915569182085e-08,1392.0,BID
1237,1712310120.1160178,1865851.79705078,1343.0,0.0,1392.0,BID
1238,1712310150.120258,1865851.79705078,1343.0,0.0,1392.0,BID
1239,1712310180.1795638,1865851.79705078,1343.0,0.0,1392.0,BID
1240,1712310210.1752567,1865851.79705078,1343.0,0.0,1392.0,BID
1241,1712310240.121981,1865851.79705078,1343.0,0.0,1392.0,BID
1242,1712310260.6121333,1865859.24306716,1342.0,1.31797049612169e-09,1392.0,BID
1243,1712310266.4520867,1865866.69463198,1342.0,1.318952589061149e-09,1392.0,BID
1244,1712310270.1255076,1865866.69463198,1342.0,0.0,1392.0,BID
1245,1712310279.922148,1865874.1461968,1342.0,1.318947921633163e-09,1392.0,BID
1246,1712310280.0420055,1866685.1461968,1342.0,1.4354927995405388e-07,1392.0,BID
1247,1712310280.0528386,1867285.92375257,1342.0,1.0633931632964377e-07,1392.0,BID
1248,1712310280.0558276,1870542.13688907,1346.0,5.763588793113485e-07,1392.0,BID
1249,1712310280.0587282,1873964.61448907,1344.0,6.057881567680141e-07,1392.0,BID
1250,1712310280.0616508,1881051.00298928,1345.0,1.2543106864116548e-06,1392.0,BID
1251,1712310280.0630023,1881256.48936988,1342.0,3.637166704744883e-08,1392.0,BID
1252,1712310280.0643227,1896176.66974959,1345.0,2.6409138721232995e-06,1392.0,BID
1253,1712310280.065658,1896247.96074959,1342.0,1.261870741948201e-08,1392.0,BID
1254,1712310280.0670035,1896994.2294063,1345.0,1.320916502133039e-07,1392.0,BID
1255,1712310288.3835704,1897373.14136627,1345.0,-6.706848214507897e-08,1392.0,ASK
1256,1712310288.3859315,1897737.72383009,1345.0,-6.45321210422143e-08,1392.0,ASK
1257,1712310288.402314,1897745.18095164,1341.0,-1.3199314784802767e-09,1392.0,ASK
1258,1712310288.4052513,1897774.72383009,1339.0,-5.229172539152268e-09,1392.0,ASK
1259,1712310300.1461244,1897774.72383009,1339.0,-0.0,1392.0,ASK
1260,1712310300.2874005,1900294.74551364,1345.0,4.431091241927877e-07,1392.0,BID
1261,1712310300.2887738,1904283.69168766,1345.0,7.013981098496112e-07,1392.0,BID
1262,1712310300.3620443,1908996.43038666,1345.0,-8.286664877110697e-07,1392.0,ASK
1263,1712310300.3766465,1915606.11867245,1345.0,-1.1622174549616137e-06,1392.0,ASK
1264,1712310300.4434094,1920518.03759745,1345.0,-8.636894305990271e-07,1392.0,ASK
1265,1712310300.445747,1928913.84497583,1345.0,-1.4762804933822025e-06,1392.0,ASK
1266,1712310305.2102146,1928913.84497649,1345.0,1.160236168529701e-16,1392.0,BID
1267,1712310305.2117612,1929941.92957649,1345.0,1.807737090818944e-07,1392.0,BID
1268,1712310305.3294132,1930408.71643999,1346.0,8.207767402175654e-08,1392.0,BID
1269,1712310305.3307943,1932247.06818517,1346.0,3.232473899261585e-07,1392.0,BID
1270,1712310305.3933537,1932299.35891717,1347.0,9.194563924262517e-09,1392.0,BID
1271,1712310305.3960016,1932988.27677402,1347.0,1.211361752092152e-07,1392.0,BID
1272,1712310305.4019024,1933676.27677402,1347.0,-1.209747834451775e-07,1392.0,ASK
1273,1712310305.5219738,1934616.0007827,1347.0,-1.652367855353311e-07,1392.0,ASK
1274,1712310305.5620706,1934726.70401597,1347.0,-1.946555184813393e-08,1392.0,ASK
1275,1712310305.5820718,1935935.2436499,1347.0,-2.125040995633594e-07,1392.0,ASK
1276,1712310307.8722434,1935935.24365052,1345.0,-1.0902289755803083e-16,1392.0,ASK
1277,1712310307.8754098,1936162.98851352,1345.0,-4.004561843339623e-08,1392.0,ASK
1278,1712310330.1221006,1936162.98851352,1345.0,-0.0,1392.0,ASK
1279,1712310360.1855175,1936162.98851352,1345.0,-0.0,1392.0,ASK
1280,1712310365.6822455,1936166.70598563,1345.0,6.477812644183969e-10,1392.0,BID
1281,1712310370.242304,1936170.42345774,1345.0,6.47781264458968e-10,1392.0,BID
1282,1712310390.184077,1936170.42345774,1345.0,0.0,1392.0,BID
1283,1712310418.7920966,1936981.42345774,1343.0,-1.4131906695403552e-07,1392.0,ASK
1284,1712310420.1357224,1936981.42345774,1343.0,-0.0,1392.0,ASK
1285,1712310429.9637566,1939283.66506353,1343.0,-4.010960524818027e-07,1392.0,ASK
1286,1712310429.9663224,1940028.54401974,1343.0,-1.2977265642375277e-07,1392.0,ASK
1287,1712310429.9826176,1940028.5440207,1343.0,-1.6724416060473372e-16,1392.0,ASK
1288,1712310450.1538694,1940028.5440207,1343.0,-0.0,1392.0,ASK
1289,1712310480.2205815,1940028.5440207,1343.0,-0.0,1392.0,ASK
1290,1712310480.7447636,1940531.12220387,1343.0,8.749668492521333e-08,1392.0,BID
1291,1712310510.1938512,1940531.12220387,1343.0,0.0,1392.0,BID
1292,1712310514.069219,1943000.04985487,1343.0,4.2977910812524507e-07,1392.0,BID
1293,1712310514.0708427,1943000.04985488,1343.0,1.7427918928001325e-18,1392.0,BID
1294,1712310514.1364882,1943000.04985568,1344.0,1.3926123124793619e-16,1392.0,BID
1295,1712310514.1396708,1945424.07160268,1344.0,4.219621032961123e-07,1392.0,BID
1296,1712310540.128399,1945424.07160268,1344.0,0.0,1392.0,BID
1297,1712310565.7721243,1945764.94756974,1344.0,-5.9270233220433646e-08,1392.0,ASK
1298,1712310570.238113,1945764.94756974,1344.0,-0.0,1392.0,ASK
1299,1712310600.1481051,1945764.94756974,1344.0,-0.0,1392.0,ASK
1300,1712310617.132259,1946013.73186974,1347.0,4.331676424547722e-08,1392.0,BID
1301,1712310617.134076,1946714.03922774,1347.0,1.219331313345116e-07,1392.0,BID
1302,1712310630.137357,1946714.03922774,1347.0,0.0,1392.0,BID
1303,1712310660.2079213,1946714.03922774,1347.0,0.0,1392.0,BID
1304,1712310673.41234,1946814.03922774,1345.0,-1.740749896314259e-08,1392.0,ASK
1305,1712310690.168715,1946814.03922774,1345.0,-0.0,1392.0,ASK
1306,1712310720.118791,1946814.03922774,1345.0,-0.0,1392.0,ASK
1307,1712310750.1199288,1946814.03922774,1345.0,-0.0,1392.0,ASK
1308,1712310780.183458,1946814.03922774,1345.0,-0.0,1392.0,ASK
1309,1712310810.1832414,1946814.03922774,1345.0,-0.0,1392.0,ASK
1310,1712310812.7521036,1947254.9151948,1347.0,7.674368258826291e-08,1392.0,BID
1311,1712310812.9350228,1948268.37556087,1347.0,-1.764139723199788e-07,1392.0,ASK
1312,1712310813.0922346,1948488.37556087,1347.0,-3.829560110070768e-08,1392.0,ASK
1313,1712310813.4521236,1948542.37556087,1347.0,-9.399829361082792e-09,1392.0,ASK
1314,1712310813.782049,1948669.37556087,1347.0,-2.2107006089953972e-08,1392.0,ASK
1315,1712310840.1360974,1948669.37556087,1347.0,-0.0,1392.0,ASK
1316,1712310842.9523664,1948670.01547124,1347.0,-1.1134134654457203e-10,1392.0,ASK
1317,1712310846.0157197,1948724.15300224,1347.0,9.4196716941526e-09,1392.0,BID
1318,1712310870.132951,1948724.15300224,1347.0,0.0,1392.0,BID
1319,1712310871.242413,1948724.15300244,1347.0,3.4798862506263883e-17,1392.0,BID
1320,1712310871.2461803,1949896.51736424,1347.0,2.039831779390576e-07,1392.0,BID
1321,1712310900.1735742,1949896.51736424,1347.0,0.0,1392.0,BID
1322,1712310904.6021483,1949896.51736489,1347.0,1.1325061708949382e-16,1392.0,BID
1323,1712310930.1850169,1949896.51736489,1347.0,0.0,1392.0,BID
1324,1712310943.65212,1950152.84928207,1347.0,-4.46568113945847e-08,1392.0,ASK
1325,1712310959.3323765,1950157.84928207,1348.0,8.710739553207747e-10,1392.0,BID
1326,1712310959.3359756,1950245.51347777,1349.0,1.5272399537656573e-08,1392.0,BID
1327,1712310960.123588,1950245.51347777,1349.0,0.0,1392.0,BID
1328,1712310968.5822053,1950282.66346883,1349.0,6.471547720558435e-09,1392.0,BID
1329,1712310968.592162,1950287.66346883,1349.0,8.71002594601134e-10,1392.0,BID
1330,1712310968.5948646,1951101.80671519,1349.0,1.4182417599129106e-07,1392.0,BID
1331,1712310968.6722722,1951728.09316643,1349.0,-1.090994247987276e-07,1392.0,ASK
1332,1712310969.0521824,1952246.09316643,1347.0,-9.023586880067753e-08,1392.0,ASK
1333,1712310990.1207342,1952246.09316643,1347.0,-0.0,1392.0,ASK
1334,1712311020.1735528,1952246.09316643,1347.0,-0.0,1392.0,ASK
1335,1712311033.2823076,1952283.69381238,1347.0,-6.546975293361096e-09,1392.0,ASK
1336,1712311033.2859025,1952963.50346565,1347.0,-1.1836756767574464e-07,1392.0,ASK
1337,1712311050.1878018,1952963.50346565,1347.0,-0.0,1392.0,ASK
1338,1712311051.752309,1953730.87416065,1347.0,1.335911037127143e-07,1392.0,BID
1339,1712311051.7719882,1953730.87416124,1347.0,1.027115013171328e-16,1392.0,BID
1340,1712311080.1133947,1953730.87416124,1347.0,0.0,1392.0,BID
1341,1712311110.126547,1953730.87416124,1347.0,0.0,1392.0,BID
1342,1712311124.162279,1954452.37488274,1347.0,1.2558302924089492e-07,1392.0,BID
1343,1712311140.1943903,1954452.37488274,1347.0,0.0,1392.0,BID
1344,1712311170.1782715,1954452.37488274,1347.0,0.0,1392.0,BID
1345,1712311200.17383,1954452.37488274,1347.0,0.0,1392.0,BID
1346,1712311230.1325092,1954452.37488274,1347.0,0.0,1392.0,BID
1347,1712311231.5480452,1954457.37488274,1350.0,8.75409534723818e-10,1392.0,BID
1348,1712311231.5498135,1954551.59908974,1350.0,1.6496953841937138e-08,1392.0,BID
1349,1712311232.2821,1954576.02816274,1350.0,4.277088685708518e-09,1392.0,BID
1350,1712311233.9343312,1954906.70512074,1350.0,5.789555238934308e-08,1392.0,BID
1351,1712311233.9376144,1954906.70512151,1350.0,1.3480798021572024e-16,1392.0,BID
1352,1712311255.7121618,1955003.83648925,1351.0,1.7005945088070283e-08,1392.0,BID
1353,1712311255.715188,1955008.83648925,1351.0,8.75409534723818e-10,1392.0,BID
1354,1712311260.1543226,1955008.83648925,1351.0,0.0,1392.0,BID
1355,1712311260.6966486,1955039.83648925,1350.0,-5.426825251883106e-09,1392.0,ASK
1356,1712311265.8522222,1955054.66228614,1349.0,-2.595387385236632e-09,1392.0,ASK
1357,1712311265.9722505,1955143.78487169,1349.0,-1.5601699928244653e-08,1392.0,ASK
1358,1712311265.975876,1955366.17182498,1349.0,-3.89308107678706e-08,1392.0,ASK
1359,1712311290.1266472,1955366.17182498,1349.0,-0.0,1392.0,ASK
1360,1712311320.1749835,1955366.17182498,1349.0,-0.0,1392.0,ASK
1361,1712311350.19446,1955366.17182498,1349.0,-0.0,1392.0,ASK
1362,1712311353.262094,1955530.35853619,1347.0,-2.873991621457481e-08,1392.0,ASK
1363,1712311353.263969,1956507.17182498,1347.0,-1.709854096610514e-07,1392.0,ASK
1364,1712311353.9221034,1956571.17182498,1347.0,-1.1202822836143802e-08,1392.0,ASK
1365,1712311380.1561503,1956571.17182498,1347.0,-0.0,1392.0,ASK
1366,1712311389.782182,1956608.2363172,1349.0,6.4860781092461804e-09,1392.0,BID
1367,1712311410.1432383,1956608.2363172,1349.0,0.0,1392.0,BID
1368,1712311440.1860216,1956608.2363172,1349.0,0.0,1392.0,BID
1369,1712311447.573309,1961819.89144898,1347.0,-9.120024172124502e-07,1392.0,ASK
1370,1712311470.185522,1961819.89144898,1347.0,-0.0,1392.0,ASK
1371,1712311492.713864,1962403.38174616,1347.0,1.0198135293509074e-07,1392.0,BID
1372,1712311500.1329994,1962403.38174616,1347.0,0.0,1392.0,BID
1373,1712311502.149693,1965047.72661438,1345.0,-4.672989746011148e-07,1392.0,ASK
1374,1712311502.1641517,1965378.72661438,1345.0,-5.849311201874028e-08,1392.0,ASK
1375,1712311502.1840546,1965404.74866065,1345.0,-4.598521049645728e-09,1392.0,ASK
1376,1712311502.186073,1966692.72661438,1345.0,-2.276067635202175e-07,1392.0,ASK
1377,1712311502.2133543,1966898.77877217,1345.0,-3.641278533930448e-08,1392.0,ASK
1378,1712311502.2163782,1968379.72661438,1345.0,-2.617076979707102e-07,1392.0,ASK
1379,1712311502.2279322,1968436.31523442,1345.0,-1.0000134413830471e-08,1392.0,ASK
1380,1712311529.2046652,1968802.61737008,1344.0,6.473157659779117e-08,1392.0,BID
1381,1712311530.1245103,1968802.61737008,1344.0,0.0,1392.0,BID
1382,1712311550.3149736,1968806.33282327,1346.0,6.555842318607992e-10,1392.0,BID
1383,1712311560.1849997,1968806.33282327,1346.0,0.0,1392.0,BID
1384,1712311579.655352,1969396.4436719,1347.0,1.0412377878212417e-07,1392.0,BID
1385,1712311579.6591957,1969903.43095927,1347.0,8.94568067643801e-08,1392.0,BID
1386,1712311579.7336287,1969903.43095984,1347.0,1.0056986663949264e-16,1392.0,BID
1387,1712311590.1843753,1969903.43095984,1347.0,0.0,1392.0,BID
1388,1712311608.4863477,1971806.2995921,1345.0,-3.35669514352124e-07,1392.0,ASK
1389,1712311608.490277,1971903.43095984,1346.0,-1.713415129394199e-08,1392.0,ASK
1390,1712311620.1284833,1971903.43095984,1346.0,-0.0,1392.0,ASK
1391,1712311638.2763128,1972119.44502101,1347.0,3.8087202478578393e-08,1392.0,BID
1392,1712311638.3297567,1972425.76023912,1347.0,5.400893659997241e-08,1392.0,BID
1393,1712311638.666232,1973188.61185398,1347.0,1.34504595482895e-07,1392.0,BID
1394,1712311638.9862928,1973263.41880098,1347.0,1.3189823485404564e-08,1392.0,BID
1395,1712311650.1340237,1973263.41880098,1347.0,0.0,1392.0,BID
1396,1712311680.1868494,1973263.41880098,1347.0,0.0,1392.0,BID
1397,1712311690.6275153,1973263.41880117,1347.0,3.348783697218904e-17,1392.0,BID
1398,1712311710.1885717,1973263.41880117,1347.0,0.0,1392.0,BID
1399,1712311740.1294048,1973263.41880117,1347.0,0.0,1392.0,BID
1400,1712311770.119864,1973263.41880117,1347.0,0.0,1392.0,BID
1401,1712311800.1664624,1973263.41880117,1347.0,0.0,1392.0,BID
1402,1712311830.1333628,1973263.41880117,1347.0,0.0,1392.0,BID
1403,1712311860.210708,1973263.41880117,1347.0,0.0,1392.0,BID
1404,1712311890.1812515,1973263.41880117,1347.0,0.0,1392.0,BID
1405,1712311913.5694406,1973267.41880117,1348.0,7.064865926242122e-10,1392.0,BID
1406,1712311920.1626046,1973267.41880117,1348.0,0.0,1392.0,BID
1407,1712311950.1397018,1973267.41880117,1348.0,0.0,1392.0,BID
1408,1712311980.2231216,1973267.41880117,1348.0,0.0,1392.0,BID
1409,1712312010.200763,1973267.41880117,1348.0,0.0,1392.0,BID
1410,1712312040.1227124,1973267.41880117,1348.0,0.0,1392.0,BID
1411,1712312040.4319768,1973317.41880117,1347.0,-8.83107399758297e-09,1392.0,ASK
1412,1712312040.4338343,1973321.41880117,1347.0,-7.064859198066376e-10,1392.0,ASK
1413,1712312070.1307392,1973321.41880117,1347.0,-0.0,1392.0,ASK
1414,1712312100.1369996,1973321.41880117,1347.0,-0.0,1392.0,ASK
1415,1712312130.1329648,1973321.41880117,1347.0,-0.0,1392.0,ASK
1416,1712312160.1913671,1973321.41880117,1347.0,-0.0,1392.0,ASK
1417,1712312163.011449,1973703.88454917,1348.0,6.763530104144175e-08,1392.0,BID
1418,1712312163.0414238,1975872.21538288,1348.0,3.834479543915504e-07,1392.0,BID
1419,1712312190.1834252,1975872.21538288,1348.0,0.0,1392.0,BID
1420,1712312191.8936074,1977686.81886957,1345.0,-3.206997517856162e-07,1392.0,ASK
1421,1712312220.1317468,1977686.81886957,1345.0,-0.0,1392.0,ASK
1422,1712312247.7621126,1977748.78179885,1344.0,-1.0946153518952372e-08,1392.0,ASK
1423,1712312250.1384754,1977748.78179885,1344.0,-0.0,1392.0,ASK
1424,1712312280.1968458,1977748.78179885,1344.0,-0.0,1392.0,ASK
1425,1712312301.18218,1977757.83323643,1345.0,-1.598971657500837e-09,1392.0,ASK
1426,1712312310.2010713,1977757.83323643,1345.0,-0.0,1392.0,ASK
1427,1712312340.1399975,1977757.83323643,1345.0,-0.0,1392.0,ASK
1428,1712312370.1428523,1977757.83323643,1345.0,-0.0,1392.0,ASK
1429,1712312400.1555464,1977757.83323643,1345.0,-0.0,1392.0,ASK
1430,1712312430.1329677,1977757.83323643,1345.0,-0.0,1392.0,ASK
1431,1712312437.5132332,1977844.67983043,1344.0,-1.5366205767900624e-08,1392.0,ASK
1432,1712312444.0830903,1977848.39051292,1345.0,6.565497626687524e-10,1392.0,BID
1433,1712312460.1931102,1977848.39051292,1345.0,0.0,1392.0,BID
1434,1712312464.4634244,1977848.39051344,1344.0,-9.19884631328236e-17,1392.0,ASK
1435,1712312464.4722142,1977865.92009563,1343.0,-3.1015305710525274e-09,1392.0,ASK
1436,1712312464.475479,1979414.37199092,1343.0,-2.7396950132446005e-07,1392.0,ASK
1437,1712312464.5231686,1979414.37199178,1343.0,-1.5213318152687752e-16,1392.0,ASK
1438,1712312464.6033187,1979429.27512143,1342.0,-2.636829087694933e-09,1392.0,ASK
1439,1712312464.606573,1980044.82725594,1342.0,-1.0891039743882856e-07,1392.0,ASK
1440,1712312464.643529,1980052.28437749,1341.0,-1.3193977020201884e-09,1392.0,ASK
1441,1712312464.646858,1980208.88020336,1341.0,-2.7706692376823692e-08,1392.0,ASK
1442,1712312464.6653714,1980395.30824213,1341.0,3.298494255462421e-08,1392.0,BID
1443,1712312464.783241,1980769.37199178,1341.0,6.618356002329352e-08,1392.0,BID
1444,1712312490.1934144,1980769.37199178,1341.0,0.0,1392.0,BID
1445,1712312509.3035452,1983380.84959178,1341.0,-4.617316401162508e-07,1392.0,ASK
1446,1712312509.3069935,1984191.84959178,1341.0,-1.4339175650377584e-07,1392.0,ASK
1447,1712312509.4033906,1991261.01278178,1341.0,1.249888689057872e-06,1392.0,BID
1448,1712312509.423592,1992846.92453078,1341.0,2.804028006770406e-07,1392.0,BID
1449,1712312509.427379,1994106.99612878,1341.0,2.227914670255953e-07,1392.0,BID
1450,1712312509.4316015,1994725.99612878,1341.0,1.0944450958796209e-07,1392.0,BID
1451,1712312509.523216,1997371.64657278,1341.0,4.6777369205938163e-07,1392.0,BID
1452,1712312520.1480165,1997371.64657278,1341.0,0.0,1392.0,BID
1453,1712312521.9133968,1997371.64657373,1341.0,1.673005734792529e-16,1392.0,BID
1454,1712312534.5300276,1997427.41321008,1341.0,-9.821358816045057e-09,1392.0,ASK
1455,1712312550.134909,1997427.41321008,1341.0,-0.0,1392.0,ASK
1456,1712312579.023656,1999756.5938715,1341.0,-4.101989870838786e-07,1392.0,ASK
1457,1712312579.103683,2000494.14304578,1341.0,1.298919955954418e-07,1392.0,BID
1458,1712312579.1237156,2000526.14304578,1341.0,5.635615907389918e-09,1392.0,BID
1459,1712312579.1271155,2001855.22015452,1341.0,2.3406775300507005e-07,1392.0,BID
1460,1712312580.2478995,2001855.22015452,1341.0,0.0,1392.0,BID
1461,1712312610.1970608,2001855.22015452,1341.0,0.0,1392.0,BID
1462,1712312624.6197476,2001859.22015452,1341.0,-7.037161095144789e-10,1392.0,ASK
1463,1712312640.1451025,2001859.22015452,1341.0,-0.0,1392.0,ASK
1464,1712312645.4456136,2001889.22015452,1340.0,-5.277865840724723e-09,1392.0,ASK
1465,1712312645.4481204,2002053.39925899,1340.0,-2.8883842908131682e-08,1392.0,ASK
1466,1712312645.8776772,2002090.71269182,1340.0,6.564509751107076e-09,1392.0,BID
1467,1712312646.3639512,2002135.71269182,1340.0,7.916798761087084e-09,1392.0,BID
1468,1712312646.503966,2002361.11988082,1340.0,3.96556301025508e-08,1392.0,BID
1469,1712312654.536906,2002368.58814071,1339.0,-1.3138824587867823e-09,1392.0,ASK
1470,1712312654.540673,2002569.50625938,1339.0,-3.534729584368196e-08,1392.0,ASK
1471,1712312654.7139862,2003615.50625938,1339.0,1.8402158897993535e-07,1392.0,BID
1472,1712312670.1497066,2003615.50625938,1339.0,0.0,1392.0,BID
1473,1712312686.666515,2003709.47357335,1339.0,1.6524724382482246e-08,1392.0,BID
1474,1712312686.7339983,2003843.63034002,1339.0,2.3592284376317665e-08,1392.0,BID
1475,1712312686.9654226,2004032.12102657,1339.0,3.314723505762662e-08,1392.0,BID
1476,1712312686.9779716,2004220.31629979,1339.0,3.3095284824611314e-08,1392.0,BID
1477,1712312686.994071,2004590.92479519,1339.0,6.517376076360027e-08,1392.0,BID
1478,1712312695.5978606,2004590.92479606,1340.0,1.529693488601745e-16,1392.0,BID
1479,1712312695.6001296,2004676.63747289,1340.0,1.5073096174183038e-08,1392.0,BID
1480,1712312697.3843086,2004683.65635151,1340.0,1.2343125472807803e-09,1392.0,BID
1481,1712312700.194176,2004683.65635151,1340.0,0.0,1392.0,BID
1482,1712312713.3857143,2004907.87159814,1338.0,-3.950924137452623e-08,1392.0,ASK
1483,1712312713.3878777,2004960.16233014,1338.0,-9.214213499220244e-09,1392.0,ASK
1484,1712312713.3935196,2005159.65635151,1338.0,-3.5153084197200656e-08,1392.0,ASK
1485,1712312713.6966815,2005160.32411769,1338.0,-1.1766789096067808e-10,1392.0,ASK
1486,1712312713.814413,2005419.09610669,1338.0,4.559852698699197e-08,1392.0,BID
1487,1712312715.7444878,2005568.94050236,1338.0,2.640426325207209e-08,1392.0,BID
1488,1712312716.464446,2005723.99753366,1338.0,2.7322788117757814e-08,1392.0,BID
1489,1712312722.050809,2005871.59753366,1338.0,2.600877556067144e-08,1392.0,BID
1490,1712312723.2144475,2005901.59753366,1337.0,-5.286336496068096e-09,1392.0,ASK
1491,1712312723.216671,2006051.08544601,1337.0,-2.6341446892578988e-08,1392.0,ASK
1492,1712312723.2187133,2006151.08544601,1337.0,-1.762112165356032e-08,1392.0,ASK
1493,1712312723.2215433,2006341.59753366,1337.0,-3.35703667295261e-08,1392.0,ASK
1494,1712312723.4341948,2006341.69825257,1337.0,-1.7747801637135722e-11,1392.0,ASK
1495,1712312724.6742854,2006478.69825257,1337.0,2.4140936665377643e-08,1392.0,BID
1496,1712312725.399862,2006663.69825257,1337.0,3.259907505908659e-08,1392.0,BID
1497,1712312726.3245964,2007495.69825257,1337.0,1.466077321576219e-07,1392.0,BID
1498,1712312727.324331,2007663.69825257,1337.0,2.960348437798133e-08,1392.0,BID
1499,1712312727.8177698,2007823.69825257,1337.0,2.8193794645696522e-08,1392.0,BID
1500,1712312730.1864457,2007823.69825257,1337.0,0.0,1392.0,BID
1501,1712312737.5546863,2007831.18328251,1336.0,-1.317970952005078e-09,1392.0,ASK
1502,1712312737.559444,2007932.69825257,1336.0,-1.7874849239709627e-08,1392.0,ASK
1503,1712312758.7046916,2007937.69825257,1336.0,-8.804045959502153e-10,1392.0,ASK
1504,1712312758.7096045,2008019.44301957,1336.0,-1.4393693712371164e-08,1392.0,ASK
1505,1712312760.150011,2008019.44301957,1336.0,-0.0,1392.0,ASK
1506,1712312763.249662,2008019.44302022,1336.0,-1.144174525244332e-16,1392.0,ASK
1507,1712312763.4614348,2008110.03346522,1336.0,1.59505143392876e-08,1392.0,BID
1508,1712312768.8142517,2008222.39301578,1335.0,-1.978346195744596e-08,1392.0,ASK
1509,1712312768.8165329,2008412.71547686,1335.0,-3.351061079947608e-08,1392.0,ASK
1510,1712312768.8187623,2011362.03346522,1335.0,-5.192947099935638e-07,1392.0,ASK
1511,1712312773.176725,2011541.96456996,1336.0,3.1680975474200496e-08,1392.0,BID
1512,1712312773.185463,2013015.42568078,1336.0,2.594364403058544e-07,1392.0,BID
