,time,acc_trade_volume,trade_price,dev,high,ask_bid
0,1712300395.5073318,49141.08770799,18910.0,0.0,19290.0,BID
1,1712300400.6926787,49141.08770799,18910.0,0.0,19290.0,BID
2,1712300430.5622823,49141.08770799,18910.0,0.0,19290.0,BID
3,1712300451.3124251,49143.00891371,18900.0,-7.280333865795706e-10,19290.0,ASK
4,1712300451.3223906,49144.08770799,18910.0,-4.0880486921145085e-10,19290.0,ASK
5,1712300459.7625916,49148.08770799,18900.0,-1.515784341054695e-09,19290.0,ASK
6,1712300460.7923667,49148.08770799,18900.0,-0.0,19290.0,ASK
7,1712300490.7726135,49148.08770799,18900.0,-0.0,19290.0,ASK
8,1712300520.5325828,49148.08770799,18900.0,-0.0,19290.0,ASK
9,1712300550.5326614,49148.08770799,18900.0,-0.0,19290.0,ASK
10,1712300580.7329133,49148.08770799,18900.0,-0.0,19290.0,ASK
11,1712300610.7729466,49148.08770799,18900.0,-0.0,19290.0,ASK
12,1712300640.5630338,49148.08770799,18900.0,-0.0,19290.0,ASK
13,1712300670.553013,49148.08770799,18900.0,-0.0,19290.0,ASK
14,1712300700.7731805,49148.08770799,18900.0,-0.0,19290.0,ASK
15,1712300730.7703526,49148.08770799,18900.0,-0.0,19290.0,ASK
16,1712300760.5033317,49148.08770799,18900.0,-0.0,19290.0,ASK
17,1712300790.5138235,49148.08770799,18900.0,-0.0,19290.0,ASK
18,1712300820.7734568,49148.08770799,18900.0,-0.0,19290.0,ASK
19,1712300850.7582092,49148.08770799,18900.0,-0.0,19290.0,ASK
20,1712300880.4736588,49148.08770799,18900.0,-0.0,19290.0,ASK
21,1712300910.5269475,49148.08770799,18900.0,-0.0,19290.0,ASK
22,1712300940.7337651,49148.08770799,18900.0,-0.0,19290.0,ASK
23,1712300970.773826,49148.08770799,18900.0,-0.0,19290.0,ASK
24,1712301000.620711,49148.08770799,18900.0,-0.0,19290.0,ASK
25,1712301030.5039723,49148.08770799,18900.0,-0.0,19290.0,ASK
26,1712301060.7741594,49148.08770799,18900.0,-0.0,19290.0,ASK
27,1712301060.804053,49148.35224287,18920.0,-1.0067092926826076e-10,19290.0,ASK
28,1712301090.7840693,49148.35224287,18920.0,-0.0,19290.0,ASK
29,1712301120.4942207,49148.35224287,18920.0,-0.0,19290.0,ASK
30,1712301150.557232,49148.35224287,18920.0,-0.0,19290.0,ASK
31,1712301180.7367518,49148.35224287,18920.0,-0.0,19290.0,ASK
32,1712301210.7627757,49148.35224287,18920.0,-0.0,19290.0,ASK
33,1712301215.6230922,49197.51227009,18910.0,-1.8708217974170112e-08,19290.0,ASK
34,1712301215.6246374,49197.7770849,18910.0,-1.0077726698682082e-10,19290.0,ASK
35,1712301240.512034,49197.7770849,18910.0,-0.0,19290.0,ASK
36,1712301256.271697,49214.7292325,18920.0,6.448973467318455e-09,19290.0,BID
37,1712301270.500641,49214.7292325,18920.0,0.0,19290.0,BID
38,1712301283.401239,49218.45127825,18910.0,-1.4157761274814815e-09,19290.0,ASK
39,1712301283.4029884,49223.73948554,18910.0,-2.0115060752136006e-09,19290.0,ASK
40,1712301283.4043467,49224.08689294,18900.0,-1.3214536748673928e-10,19290.0,ASK
41,1712301283.4056983,49290.5567342,18890.0,-2.5283519003862453e-08,19290.0,ASK
42,1712301283.4118102,50029.01714183,18890.0,-2.808924678619566e-07,19290.0,ASK
43,1712301283.4131634,50115.59825279,18880.0,-3.2933359292524906e-08,19290.0,ASK
44,1712301283.4145365,50116.66682421,18900.0,-4.064587080762916e-10,19290.0,ASK
45,1712301300.6006465,50116.66682421,18900.0,-0.0,19290.0,ASK
46,1712301330.5507033,50116.66682421,18900.0,-0.0,19290.0,ASK
47,1712301360.5206468,50116.66682421,18900.0,-0.0,19290.0,ASK
48,1712301390.4928346,50116.66682421,18900.0,-0.0,19290.0,ASK
49,1712301420.7481847,50116.66682421,18900.0,-0.0,19290.0,ASK
50,1712301450.7480223,50116.66682421,18900.0,-0.0,19290.0,ASK
51,1712301480.5171626,50116.66682421,18900.0,-0.0,19290.0,ASK
52,1712301510.5290358,50116.66682421,18900.0,-0.0,19290.0,ASK
53,1712301536.076321,50190.38301373,18880.0,-2.8020279280509124e-08,19290.0,ASK
54,1712301540.775976,50190.38301373,18880.0,-0.0,19290.0,ASK
55,1712301570.7654915,50190.38301373,18880.0,-0.0,19290.0,ASK
56,1712301600.5251355,50190.38301373,18880.0,-0.0,19290.0,ASK
57,1712301630.5449824,50190.38301373,18880.0,-0.0,19290.0,ASK
58,1712301660.7443223,50190.38301373,18880.0,-0.0,19290.0,ASK
59,1712301690.7939093,50190.38301373,18880.0,-0.0,19290.0,ASK
60,1712301720.5433798,50190.38301373,18880.0,-0.0,19290.0,ASK
61,1712301725.6938343,50263.70391474,18880.0,-2.805238992917465e-08,19290.0,ASK
62,1712301725.6956265,50290.22911367,18850.0,-1.0148473533240904e-08,19290.0,ASK
63,1712301725.6972263,50291.30962214,18880.0,-4.133997878448775e-10,19290.0,ASK
64,1712301725.698779,50295.38946848,18840.0,-1.560938815595867e-09,19290.0,ASK
65,1712301725.7003822,50295.91941018,18870.0,-2.02754344304466e-10,19290.0,ASK
66,1712301750.514772,50295.91941018,18870.0,-0.0,19290.0,ASK
67,1712301769.0831344,50296.30029918,18850.0,-1.4561620629265451e-10,19290.0,ASK
68,1712301769.0848,50310.88886038,18840.0,-5.57729663290838e-09,19290.0,ASK
69,1712301780.782819,50310.88886038,18840.0,-0.0,19290.0,ASK
70,1712301810.7624683,50310.88886038,18840.0,-0.0,19290.0,ASK
71,1712301827.8826685,50311.3679675,18850.0,-1.8314585039184164e-10,19290.0,ASK
72,1712301831.40229,50311.84407296,18950.0,1.8199842103509782e-10,19290.0,BID
73,1712301840.5322814,50311.84407296,18950.0,0.0,19290.0,BID
74,1712301870.6020308,50311.84407296,18950.0,0.0,19290.0,BID
75,1712301886.0224645,50312.32318008,18940.0,1.8314458648003323e-10,19290.0,BID
76,1712301886.024893,50312.87095953,18960.0,2.0939542884040223e-10,19290.0,BID
77,1712301886.0267725,50322.87095953,18950.0,3.822622934082722e-09,19290.0,BID
78,1712301886.027883,50375.89314178,18960.0,2.0268380988394562e-08,19290.0,BID
79,1712301886.0288315,50376.36924724,18940.0,1.8199716504462043e-10,19290.0,BID
80,1712301886.0297816,50435.40554643,18950.0,2.2567351122707763e-08,19290.0,BID
81,1712301886.0305605,50522.70048213,18970.0,3.336956232360817e-08,19290.0,BID
82,1712301900.7916062,50522.70048213,18970.0,0.0,19290.0,BID
83,1712301930.761284,50522.70048213,18970.0,0.0,19290.0,BID
84,1712301950.4255776,50524.76885324,18970.0,7.903605757795424e-10,19290.0,BID
85,1712301951.9121618,50526.65616378,18860.0,-7.211741828419952e-10,19290.0,ASK
86,1712301960.5610874,50526.65616378,18860.0,-0.0,19290.0,ASK
87,1712301984.9711485,50552.32659541,18980.0,9.808837926394232e-09,19290.0,BID
88,1712301984.9742258,50554.21390595,18960.0,7.21153561827137e-10,19290.0,BID
89,1712301984.977127,50579.35843941,18970.0,9.607888834862682e-09,19290.0,BID
90,1712301990.541093,50579.35843941,18970.0,0.0,19290.0,BID
91,1712301995.1911962,50579.83255862,18980.0,1.8109481858091343e-10,19290.0,BID
92,1712302020.7905228,50579.83255862,18980.0,0.0,19290.0,BID
93,1712302040.600551,50641.99481831,18980.0,2.3743447239990745e-08,19290.0,BID
94,1712302040.601987,50668.50595299,18970.0,1.0126171903757992e-08,19290.0,BID
95,1712302040.6806097,50693.22479749,18980.0,-9.441590172979242e-09,19290.0,ASK
96,1712302040.6823606,50727.47040717,18980.0,-1.3080425819353926e-08,19290.0,ASK
97,1712302040.700686,50790.58071457,18980.0,-2.4105562788808442e-08,19290.0,ASK
98,1712302050.760304,50790.58071457,18980.0,-0.0,19290.0,ASK
99,1712302080.5124214,50790.58071457,18980.0,-0.0,19290.0,ASK
100,1712302110.5098965,50790.58071457,18980.0,-0.0,19290.0,ASK
101,1712302140.749656,50790.58071457,18980.0,-0.0,19290.0,ASK
102,1712302170.749334,50790.58071457,18980.0,-0.0,19290.0,ASK
103,1712302200.8593488,50790.58071457,18980.0,-0.0,19290.0,ASK
104,1712302219.1393788,50795.96400337,18880.0,-2.0533453470122277e-09,19290.0,ASK
105,1712302219.141266,50948.42417586,18860.0,-5.8152812791178514e-08,19290.0,ASK
106,1712302219.143123,51001.47457373,18870.0,-2.0234988623238248e-08,19290.0,ASK
107,1712302230.7790334,51001.47457373,18870.0,-0.0,19290.0,ASK
108,1712302260.564031,51001.47457373,18870.0,-0.0,19290.0,ASK
109,1712302269.3891144,51026.19341823,18870.0,9.41421259628232e-09,19290.0,BID
110,1712302269.3910377,51040.06386282,18870.0,5.282581642326378e-09,19290.0,BID
111,1712302269.4109406,51054.46874438,18870.0,5.486122841627003e-09,19290.0,BID
112,1712302290.53872,51054.46874438,18870.0,0.0,19290.0,BID
113,1712302320.7900643,51054.46874438,18870.0,0.0,19290.0,BID
114,1712302323.8784983,51054.73398021,18860.0,-1.0097704496011204e-10,19290.0,ASK
115,1712302330.06859,51054.99779877,18960.0,1.0043748083882983e-10,19290.0,BID
116,1712302336.7707157,51055.31593239,18860.0,-1.2111558551608204e-10,19290.0,ASK
117,1712302342.388586,51055.57975095,18960.0,1.0043748083882983e-10,19290.0,BID
118,1712302348.5385442,51067.68426953,18860.0,-4.608270748548395e-09,19290.0,ASK
119,1712302350.7397342,51067.68426953,18860.0,-0.0,19290.0,ASK
120,1712302380.5482135,51067.68426953,18860.0,-0.0,19290.0,ASK
121,1712302410.508121,51067.68426953,18860.0,-0.0,19290.0,ASK
122,1712302426.8281248,51067.94903746,18960.0,1.0078934647502039e-10,19290.0,BID
123,1712302433.4580605,51072.53992121,18960.0,1.7476141196838111e-09,19290.0,BID
124,1712302433.4601717,51081.13016075,18970.0,3.270050981263878e-09,19290.0,BID
125,1712302440.7278535,51081.13016075,18970.0,0.0,19290.0,BID
126,1712302470.7578502,51081.13016075,18970.0,0.0,19290.0,BID
127,1712302486.8777463,51081.65730887,18970.0,2.006502718699195e-10,19290.0,BID
128,1712302500.5374205,51081.65730887,18970.0,0.0,19290.0,BID
129,1712302512.0676389,51107.98837106,18970.0,1.0022547381276988e-08,19290.0,BID
130,1712302530.5574346,51107.98837106,18970.0,0.0,19290.0,BID
131,1712302560.7272282,51107.98837106,18970.0,0.0,19290.0,BID
132,1712302590.7272213,51107.98837106,18970.0,0.0,19290.0,BID
133,1712302620.5369644,51107.98837106,18970.0,0.0,19290.0,BID
134,1712302650.5167315,51107.98837106,18970.0,0.0,19290.0,BID
135,1712302680.7166514,51107.98837106,18970.0,0.0,19290.0,BID
136,1712302710.756552,51107.98837106,18970.0,0.0,19290.0,BID
137,1712302740.498583,51107.98837106,18970.0,0.0,19290.0,BID
138,1712302770.5363212,51107.98837106,18970.0,0.0,19290.0,BID
139,1712302800.536094,51107.98837106,18970.0,0.0,19290.0,BID
140,1712302830.5408654,51107.98837106,18970.0,0.0,19290.0,BID
141,1712302832.5462055,51109.04769309,18880.0,-4.10566393943565e-10,19290.0,ASK
142,1712302832.5483997,51112.55748435,18870.0,-1.3603062150179782e-09,19290.0,ASK
143,1712302860.72603,51112.55748435,18870.0,-0.0,19290.0,ASK
144,1712302890.7658088,51112.55748435,18870.0,-0.0,19290.0,ASK
145,1712302920.5461292,51112.55748435,18870.0,-0.0,19290.0,ASK
146,1712302950.5256352,51112.55748435,18870.0,-0.0,19290.0,ASK
147,1712302980.7355456,51112.55748435,18870.0,-0.0,19290.0,ASK
148,1712303010.715414,51112.55748435,18870.0,-0.0,19290.0,ASK
149,1712303040.5450995,51112.55748435,18870.0,-0.0,19290.0,ASK
150,1712303054.8052664,51155.56224111,18900.0,-1.6666997705085398e-08,19290.0,ASK
151,1712303070.525131,51155.56224111,18900.0,-0.0,19290.0,ASK
152,1712303100.544958,51155.56224111,18900.0,-0.0,19290.0,ASK
153,1712303130.550772,51155.56224111,18900.0,-0.0,19290.0,ASK
154,1712303160.5549622,51155.56224111,18900.0,-0.0,19290.0,ASK
155,1712303190.554756,51155.56224111,18900.0,-0.0,19290.0,ASK
156,1712303220.7651858,51155.56224111,18900.0,-0.0,19290.0,ASK
157,1712303250.7678232,51155.56224111,18900.0,-0.0,19290.0,ASK
158,1712303262.395165,51156.08994559,18950.0,2.046392733005553e-10,19290.0,BID
159,1712303280.4653974,51156.08994559,18950.0,0.0,19290.0,BID
160,1712303310.5356247,51156.08994559,18950.0,0.0,19290.0,BID
161,1712303340.745766,51156.08994559,18950.0,0.0,19290.0,BID
162,1712303364.346151,51159.51678056,18900.0,-1.328892069560542e-09,19290.0,ASK
163,1712303370.7459753,51159.51678056,18900.0,-0.0,19290.0,ASK
164,1712303400.5663297,51159.51678056,18900.0,-0.0,19290.0,ASK
165,1712303412.9268055,51164.51678056,18860.0,-1.942760112239807e-09,19290.0,ASK
166,1712303412.9286206,51190.97180701,18900.0,-1.0279154031061588e-08,19290.0,ASK
167,1712303412.9311504,51191.26587794,18890.0,-1.1426185459539424e-10,19290.0,ASK
168,1712303412.933333,51244.31627581,18850.0,-2.061283938405748e-08,19290.0,ASK
169,1712303412.9355664,51263.17106456,18830.0,-7.3260663016425915e-09,19290.0,ASK
170,1712303412.9375894,51303.98902622,18840.0,-1.5859901555194594e-08,19290.0,ASK
171,1712303412.9385846,51308.98902622,18840.0,-1.942760112239807e-09,19290.0,ASK
172,1712303412.939592,51309.25851774,18880.0,-1.0471147513033207e-10,19290.0,ASK
173,1712303412.9407225,51314.56074467,18860.0,-2.060190997128823e-09,19290.0,ASK
174,1712303412.9417171,51315.09124864,18850.0,-2.061283904586424e-10,19290.0,ASK
175,1712303412.942737,51319.09124864,18830.0,-1.5542080897918455e-09,19290.0,ASK
176,1712303430.536484,51319.09124864,18830.0,-0.0,19290.0,ASK
177,1712303432.2766714,51322.2794491,18840.0,-1.237335338361962e-09,19290.0,ASK
178,1712303432.2792518,51706.09124864,18830.0,-1.4895672615592938e-07,19290.0,ASK
179,1712303443.9269614,51759.09124864,18850.0,-2.0569212556065736e-08,19290.0,ASK
180,1712303448.6965494,51759.62175262,18850.0,-2.0588771936734327e-10,19290.0,ASK
181,1712303453.576882,51759.88614776,18930.0,1.026113176131738e-10,19290.0,BID
182,1712303460.7667198,51759.88614776,18930.0,0.0,19290.0,BID
183,1712303463.0998363,51764.71108144,18850.0,-1.8665353470636038e-09,19290.0,ASK
184,1712303463.1022606,51767.9214909,18830.0,-1.241953389012657e-09,19290.0,ASK
185,1712303463.2167444,51823.73609941,18830.0,2.1591994123831324e-08,19290.0,BID
186,1712303469.8067732,51850.30358082,18820.0,-1.0277683886054512e-08,19290.0,ASK
187,1712303490.766912,51850.30358082,18820.0,-0.0,19290.0,ASK
188,1712303500.0970364,51850.5708814,18930.0,1.0333771421291522e-10,19290.0,BID
189,1712303520.5474312,51850.5708814,18930.0,0.0,19290.0,BID
190,1712303547.7372344,51851.09914341,18930.0,2.0422432989662584e-10,19290.0,BID
191,1712303550.5372295,51851.09914341,18930.0,0.0,19290.0,BID
192,1712303580.74746,51851.09914341,18930.0,0.0,19290.0,BID
193,1712303610.727459,51851.09914341,18930.0,0.0,19290.0,BID
194,1712303625.2076883,51872.22962412,18820.0,-8.168941734901986e-09,19290.0,ASK
195,1712303633.7177627,51872.76097374,18930.0,2.0541719548080518e-10,19290.0,BID
196,1712303640.5475316,51872.76097374,18930.0,0.0,19290.0,BID
197,1712303670.4879732,51872.76097374,18930.0,0.0,19290.0,BID
198,1712303700.578447,51872.76097374,18930.0,0.0,19290.0,BID
199,1712303730.527919,51872.76097374,18930.0,0.0,19290.0,BID
200,1712303760.7379117,51872.76097374,18930.0,0.0,19290.0,BID
201,1712303790.7779276,51872.76097374,18930.0,0.0,19290.0,BID
202,1712303820.5180354,51872.76097374,18930.0,0.0,19290.0,BID
203,1712303832.4481952,51874.35786685,18930.0,6.19922909452819e-10,19290.0,BID
204,1712303832.608198,51878.04359391,18930.0,-1.4308200268241124e-09,19290.0,ASK
205,1712303850.5281444,51878.04359391,18930.0,-0.0,19290.0,ASK
206,1712303880.764649,51878.04359391,18930.0,-0.0,19290.0,ASK
207,1712303910.7991073,51878.04359391,18930.0,-0.0,19290.0,ASK
208,1712303940.5283048,51878.04359391,18930.0,-0.0,19290.0,ASK
209,1712303970.4782252,51878.04359391,18930.0,-0.0,19290.0,ASK
210,1712304000.7084932,51878.04359391,18930.0,-0.0,19290.0,ASK
211,1712304014.0283463,51878.35463458,18940.0,1.2103030090956701e-10,19290.0,BID
212,1712304030.5311325,51878.35463458,18940.0,0.0,19290.0,BID
213,1712304060.753321,51878.35463458,18940.0,0.0,19290.0,BID
214,1712304090.7885218,51878.35463458,18940.0,0.0,19290.0,BID
215,1712304120.549388,51878.35463458,18940.0,0.0,19290.0,BID
216,1712304127.358422,51898.10103694,18940.0,7.683585368743165e-09,19290.0,BID
217,1712304127.3597703,51912.45743534,18940.0,5.586263800514361e-09,19290.0,BID
218,1712304150.4985473,51912.45743534,18940.0,0.0,19290.0,BID
219,1712304180.748864,51912.45743534,18940.0,0.0,19290.0,BID
220,1712304210.7684972,51912.45743534,18940.0,0.0,19290.0,BID
221,1712304240.4885182,51912.45743534,18940.0,0.0,19290.0,BID
222,1712304270.518405,51912.45743534,18940.0,0.0,19290.0,BID
223,1712304300.7886243,51912.45743534,18940.0,0.0,19290.0,BID
224,1712304330.758551,51912.45743534,18940.0,0.0,19290.0,BID
225,1712304360.4884646,51912.45743534,18940.0,0.0,19290.0,BID
226,1712304390.5518525,51912.45743534,18940.0,0.0,19290.0,BID
227,1712304420.759969,51912.45743534,18940.0,0.0,19290.0,BID
228,1712304450.7284973,51912.45743534,18940.0,0.0,19290.0,BID
229,1712304470.1785822,51912.95623557,18940.0,1.942841682630535e-10,19290.0,BID
230,1712304480.538408,51912.95623557,18940.0,0.0,19290.0,BID
231,1712304510.5084653,51912.95623557,18940.0,0.0,19290.0,BID
232,1712304527.308595,51925.18155733,18940.0,4.761781544968026e-09,19290.0,BID
233,1712304527.3114066,51934.07555975,18940.0,3.4642275611161798e-09,19290.0,BID
234,1712304540.748408,51934.07555975,18940.0,0.0,19290.0,BID
235,1712304570.758473,51934.07555975,18940.0,0.0,19290.0,BID
236,1712304600.5784936,51934.07555975,18940.0,0.0,19290.0,BID
237,1712304630.529082,51934.07555975,18940.0,0.0,19290.0,BID
238,1712304660.7482903,51934.07555975,18940.0,0.0,19290.0,BID
239,1712304690.7482584,51934.07555975,18940.0,0.0,19290.0,BID
240,1712304720.5183082,51934.07555975,18940.0,0.0,19290.0,BID
241,1712304735.7583766,51944.6408001,18930.0,4.139578299679365e-09,19290.0,BID
242,1712304750.5181992,51944.6408001,18930.0,0.0,19290.0,BID
243,1712304760.6282945,51985.04116111,18930.0,1.582806901596138e-08,19290.0,BID
244,1712304780.7683976,51985.04116111,18930.0,0.0,19290.0,BID
245,1712304810.728138,51985.04116111,18930.0,0.0,19290.0,BID
246,1712304817.5082889,52005.49109447,18930.0,-8.009482933726791e-09,19290.0,ASK
247,1712304840.508275,52005.49109447,18930.0,-0.0,19290.0,ASK
248,1712304870.538108,52005.49109447,18930.0,-0.0,19290.0,ASK
249,1712304900.573253,52005.49109447,18930.0,-0.0,19290.0,ASK
250,1712304930.5407794,52005.49109447,18930.0,-0.0,19290.0,ASK
251,1712304933.3083167,52019.89916828,18930.0,-5.687897269995627e-09,19290.0,ASK
252,1712304937.398258,52031.10748241,18930.0,-4.424723261555756e-09,19290.0,ASK
253,1712304941.3803518,52046.71575671,18930.0,-6.161702247716991e-09,19290.0,ASK
254,1712304941.7381542,52065.50930205,18930.0,-7.419156553651567e-09,19290.0,ASK
255,1712304960.748087,52065.50930205,18930.0,-0.0,19290.0,ASK
256,1712304990.7605786,52065.50930205,18930.0,-0.0,19290.0,ASK
257,1712305011.628131,52066.50930205,18940.0,3.9459454239714056e-10,19290.0,BID
258,1712305020.5179832,52066.50930205,18940.0,0.0,19290.0,BID
259,1712305050.5080135,52066.50930205,18940.0,0.0,19290.0,BID
260,1712305080.7895122,52066.50930205,18940.0,0.0,19290.0,BID
261,1712305110.738492,52066.50930205,18940.0,0.0,19290.0,BID
262,1712305140.5178862,52066.50930205,18940.0,0.0,19290.0,BID
263,1712305170.5178256,52066.50930205,18940.0,0.0,19290.0,BID
264,1712305200.647784,52066.50930205,18940.0,0.0,19290.0,BID
265,1712305207.177804,52067.03728515,18940.0,2.0863763329955678e-10,19290.0,BID
266,1712305230.4779148,52067.03728515,18940.0,0.0,19290.0,BID
267,1712305260.7277029,52067.03728515,18940.0,0.0,19290.0,BID
268,1712305265.2678645,52081.88256218,18940.0,5.866231752577185e-09,19290.0,BID
269,1712305266.240794,52096.74327118,18940.0,5.872329820820973e-09,19290.0,BID
270,1712305266.2976143,52143.44939781,18940.0,1.8456305161778232e-08,19290.0,BID
271,1712305284.5081882,52143.92351702,18950.0,-1.8735205537576435e-10,19290.0,ASK
272,1712305290.10985,52144.39593173,18960.0,1.8667850836474246e-10,19290.0,BID
273,1712305290.768116,52144.39593173,18960.0,0.0,19290.0,BID
274,1712305314.508149,52145.45301418,18950.0,-4.174730042125597e-10,19290.0,ASK
275,1712305320.5283096,52145.45301418,18950.0,-0.0,19290.0,ASK
276,1712305324.7236724,52148.94049638,18950.0,-1.3772985761362986e-09,19290.0,ASK
277,1712305324.7251484,52159.85029472,18950.0,-4.308566713152456e-09,19290.0,ASK
278,1712305334.569591,52170.56967685,18960.0,4.233366336525048e-09,19290.0,BID
279,1712305335.3777132,52187.03066495,18960.0,6.5008777598741275e-09,19290.0,BID
280,1712305350.5289814,52187.03066495,18960.0,0.0,19290.0,BID
281,1712305375.1083376,52201.43286495,18960.0,5.6860382295052175e-09,19290.0,BID
282,1712305380.6182764,52201.43286495,18960.0,0.0,19290.0,BID
283,1712305389.598432,52201.85466495,18960.0,1.6651014367240759e-10,19290.0,BID
284,1712305392.5989406,52202.32707966,18950.0,-1.8649085167261023e-10,19290.0,ASK
285,1712305395.9484825,52202.35872398,18960.0,1.2491939949526873e-11,19290.0,BID
286,1712305395.9510417,52202.79925555,18980.0,1.7390463492967335e-10,19290.0,BID
287,1712305410.5167482,52202.79925555,18980.0,0.0,19290.0,BID
288,1712305435.6056676,52203.27143144,18970.0,1.8639466832147958e-10,19290.0,BID
289,1712305435.6087737,52203.54183444,18970.0,1.0674343727883996e-10,19290.0,BID
290,1712305440.759981,52203.54183444,18970.0,0.0,19290.0,BID
291,1712305442.6087458,52208.42683444,18980.0,1.9283765027378024e-09,19290.0,BID
292,1712305442.888626,52208.84263444,18980.0,1.6413898666203523e-10,19290.0,BID
293,1712305442.9710758,52208.99124603,18980.0,5.866511733573383e-11,19290.0,BID
294,1712305442.9735408,52213.24991446,18980.0,1.681129198235389e-09,19290.0,BID
295,1712305455.1792824,52259.8074295,18980.0,1.8378795911788573e-08,19290.0,BID
296,1712305455.2832224,52261.2595295,18990.0,5.732232384100094e-10,19290.0,BID
297,1712305455.298603,52263.1016295,18990.0,7.271775549028301e-10,19290.0,BID
298,1712305470.7488744,52263.1016295,18990.0,0.0,19290.0,BID
299,1712305500.4987977,52263.1016295,18990.0,0.0,19290.0,BID
300,1712305530.5292628,52263.1016295,18990.0,0.0,19290.0,BID
301,1712305560.7591033,52263.1016295,18990.0,0.0,19290.0,BID
302,1712305579.4695027,52286.3274295,18990.0,9.17516837227772e-09,19290.0,BID
303,1712305579.5507152,52291.34833829,18990.0,-1.983470258509983e-09,19290.0,ASK
304,1712305579.553855,52297.47786223,18980.0,-2.4214198947461603e-09,19290.0,ASK
305,1712305590.7526698,52297.47786223,18980.0,-0.0,19290.0,ASK
306,1712305609.159295,52297.94886032,19000.0,1.8601609945519788e-10,19290.0,BID
307,1712305620.569367,52297.94886032,19000.0,0.0,19290.0,BID
308,1712305625.3695743,52626.81386706,18980.0,1.298815661725447e-07,19290.0,BID
309,1712305636.0993714,52627.34073744,19000.0,2.080815797402928e-10,19290.0,BID
310,1712305650.5401323,52627.34073744,19000.0,0.0,19290.0,BID
311,1712305672.6949573,52655.54437246,19000.0,1.1111276146017898e-08,19290.0,BID
312,1712305680.7694914,52655.54437246,19000.0,0.0,19290.0,BID
313,1712305684.0694537,52666.54437246,19000.0,4.332712422713884e-09,19290.0,BID
314,1712305700.2213676,52671.8242035,18940.0,-2.0796354124410514e-09,19290.0,ASK
315,1712305710.7493565,52671.8242035,18940.0,-0.0,19290.0,ASK
316,1712305722.2195418,52683.6437035,18940.0,-4.654932947104085e-09,19290.0,ASK
317,1712305722.2215717,52701.8242035,18940.0,-7.1601174706926645e-09,19290.0,ASK
318,1712305730.449689,52702.3944035,18940.0,-2.2456472494168462e-10,19290.0,ASK
319,1712305740.3421588,52752.3944035,18940.0,-1.969175069632792e-08,19290.0,ASK
320,1712305740.4937265,52752.3944035,18940.0,-0.0,19290.0,ASK
321,1712305755.615253,52755.0631568,18930.0,-1.0504172006654692e-09,19290.0,ASK
322,1712305755.6178353,52772.6091568,18930.0,-6.906078655853349e-09,19290.0,ASK
323,1712305755.6193442,52774.10246264,18940.0,-5.87762885462618e-10,19290.0,ASK
324,1712305755.6208491,53044.94908246,18930.0,-1.0660481364125489e-07,19290.0,ASK
325,1712305770.5378733,53044.94908246,18930.0,-0.0,19290.0,ASK
326,1712305800.579776,53044.94908246,18930.0,-0.0,19290.0,ASK
327,1712305807.6597097,53045.47650862,18960.0,2.0714919017700816e-10,19290.0,BID
328,1712305830.516194,53045.47650862,18960.0,0.0,19290.0,BID
329,1712305860.7800772,53045.47650862,18960.0,0.0,19290.0,BID
330,1712305890.7601688,53045.47650862,18960.0,0.0,19290.0,BID
331,1712305920.470308,53045.47650862,18960.0,0.0,19290.0,BID
332,1712305932.6701424,53046.26150431,18940.0,-3.0830966521621416e-10,19290.0,ASK
333,1712305938.970436,53046.86896496,18940.0,2.3858218843461213e-10,19290.0,BID
334,1712305950.541497,53046.86896496,18940.0,0.0,19290.0,BID
335,1712305980.5702193,53046.86896496,18940.0,0.0,19290.0,BID
336,1712306010.5038855,53046.86896496,18940.0,0.0,19290.0,BID
337,1712306040.7704844,53046.86896496,18940.0,0.0,19290.0,BID
338,1712306052.6275692,53047.65395986,18940.0,3.0830616146461473e-10,19290.0,BID
339,1712306070.76783,53047.65395986,18940.0,0.0,19290.0,BID
340,1712306088.695189,53052.9311523,18940.0,2.072601292086453e-09,19290.0,BID
341,1712306100.5140462,53052.9311523,18940.0,0.0,19290.0,BID
342,1712306130.4804933,53052.9311523,18940.0,0.0,19290.0,BID
343,1712306160.742334,53052.9311523,18940.0,0.0,19290.0,BID
344,1712306190.759935,53052.9311523,18940.0,0.0,19290.0,BID
345,1712306200.490003,53053.45997302,18910.0,-2.0775269455885359e-10,19290.0,ASK
346,1712306220.5198977,53053.45997302,18910.0,-0.0,19290.0,ASK
347,1712306225.8202906,53053.98879374,18910.0,-2.0775187838410648e-10,19290.0,ASK
348,1712306250.520181,53053.98879374,18910.0,-0.0,19290.0,ASK
349,1712306280.75169,53053.98879374,18910.0,-0.0,19290.0,ASK
350,1712306310.7699733,53053.98879374,18910.0,-0.0,19290.0,ASK
351,1712306340.49049,53053.98879374,18910.0,-0.0,19290.0,ASK
352,1712306370.4833467,53053.98879374,18910.0,-0.0,19290.0,ASK
353,1712306400.590066,53053.98879374,18910.0,-0.0,19290.0,ASK
354,1712306423.3302417,53055.06758802,18910.0,4.2500622431529437e-10,19290.0,BID
355,1712306430.4902446,53055.06758802,18910.0,0.0,19290.0,BID
356,1712306440.4841075,53057.52149786,18880.0,-9.667446272589092e-10,19290.0,ASK
357,1712306448.9200945,53059.36193024,18880.0,-7.25058470444182e-10,19290.0,ASK
358,1712306460.7599266,53059.36193024,18880.0,-0.0,19290.0,ASK
359,1712306490.780129,53059.36193024,18880.0,-0.0,19290.0,ASK
360,1712306520.549907,53059.36193024,18880.0,-0.0,19290.0,ASK
361,1712306527.2203522,53070.35746075,18880.0,-4.3316711766397625e-09,19290.0,ASK
362,1712306550.470117,53070.35746075,18880.0,-0.0,19290.0,ASK
363,1712306580.6017232,53070.35746075,18880.0,-0.0,19290.0,ASK
364,1712306610.500243,53070.35746075,18880.0,-0.0,19290.0,ASK
365,1712306640.739889,53070.35746075,18880.0,-0.0,19290.0,ASK
366,1712306670.7498455,53070.35746075,18880.0,-0.0,19290.0,ASK
367,1712306700.579843,53070.35746075,18880.0,-0.0,19290.0,ASK
368,1712306730.5098925,53070.35746075,18880.0,-0.0,19290.0,ASK
369,1712306757.6446917,53071.39346075,18890.0,4.0890412034196086e-10,19290.0,BID
370,1712306757.6528728,53072.09966075,18890.0,2.7873367739932004e-10,19290.0,BID
371,1712306760.7599497,53072.09966075,18890.0,0.0,19290.0,BID
372,1712306763.769976,53083.85290911,18890.0,-4.6388892430633855e-09,19290.0,ASK
373,1712306787.141643,53085.69050911,18900.0,7.252822889422701e-10,19290.0,BID
374,1712306787.1445634,53088.29130911,18900.0,1.0265096740761171e-09,19290.0,BID
375,1712306790.7598443,53088.29130911,18900.0,0.0,19290.0,BID
376,1712306820.529785,53088.29130911,18900.0,0.0,19290.0,BID
377,1712306848.2299635,53091.19704681,18910.0,1.146727072808474e-09,19290.0,BID
378,1712306848.4097822,53091.57094681,18900.0,-1.4755676416700309e-10,19290.0,ASK
379,1712306850.5510786,53091.57094681,18900.0,-0.0,19290.0,ASK
380,1712306870.6701682,53095.22425527,18900.0,-1.4417148496199507e-09,19290.0,ASK
381,1712306870.6740746,53114.57094681,18900.0,-7.634836420105564e-09,19290.0,ASK
382,1712306870.7699196,53115.96074681,18900.0,-5.484604762886545e-10,19290.0,ASK
383,1712306870.7898986,53117.16264681,18900.0,-4.743089987427525e-10,19290.0,ASK
384,1712306880.769779,53117.16264681,18900.0,-0.0,19290.0,ASK
385,1712306910.7296908,53117.16264681,18900.0,-0.0,19290.0,ASK
386,1712306940.513537,53117.16264681,18900.0,-0.0,19290.0,ASK
387,1712306964.309775,53121.55164847,18910.0,1.731712872512777e-09,19290.0,BID
388,1712306964.3134787,53174.43372144,18910.0,2.0865010674740426e-08,19290.0,BID
389,1712306970.5469575,53174.43372144,18910.0,0.0,19290.0,BID
390,1712307000.5597134,53174.43372144,18910.0,0.0,19290.0,BID
391,1712307030.50985,53174.43372144,18910.0,0.0,19290.0,BID
392,1712307047.6711614,53186.75140103,18910.0,-4.859503337542674e-09,19290.0,ASK
393,1712307049.326092,53199.62788868,18910.0,-5.079961225959917e-09,19290.0,ASK
394,1712307060.7497325,53199.62788868,18910.0,-0.0,19290.0,ASK
395,1712307077.6797624,53212.11181709,18910.0,-4.924165386576575e-09,19290.0,ASK
396,1712307090.7502935,53212.11181709,18910.0,-0.0,19290.0,ASK
397,1712307120.5195465,53212.11181709,18910.0,-0.0,19290.0,ASK
398,1712307150.539921,53212.11181709,18910.0,-0.0,19290.0,ASK
399,1712307173.2096736,53216.93961709,18910.0,-1.904101933580817e-09,19290.0,ASK
400,1712307180.7496362,53216.93961709,18910.0,-0.0,19290.0,ASK
401,1712307208.009775,53218.57896135,18910.0,-6.465400773835846e-10,19290.0,ASK
402,1712307210.7696123,53218.57896135,18910.0,-0.0,19290.0,ASK
403,1712307232.48052,53219.10778208,18910.0,-2.0855876581034558e-10,19290.0,ASK
404,1712307240.5135186,53219.10778208,18910.0,-0.0,19290.0,ASK
405,1712307270.5395536,53219.10778208,18910.0,-0.0,19290.0,ASK
406,1712307300.5409262,53219.10778208,18910.0,-0.0,19290.0,ASK
407,1712307330.5195978,53219.10778208,18910.0,-0.0,19290.0,ASK
408,1712307354.7298896,53222.68138208,18910.0,-1.4093673410770686e-09,19290.0,ASK
409,1712307360.7499795,53222.68138208,18910.0,-0.0,19290.0,ASK
410,1712307377.67989,53223.54418208,18910.0,-3.4026464486744114e-10,19290.0,ASK
411,1712307390.7598631,53223.54418208,18910.0,-0.0,19290.0,ASK
412,1712307420.5208857,53223.54418208,18910.0,-0.0,19290.0,ASK
413,1712307421.0083406,53224.32448208,18920.0,3.077269286223745e-10,19290.0,BID
414,1712307421.084476,53228.01020914,18930.0,1.453540263877828e-09,19290.0,BID
415,1712307421.1020632,53234.52150914,18920.0,-2.5678615280349434e-09,19290.0,ASK
416,1712307421.1199615,53238.95880914,18920.0,-1.749938101198529e-09,19290.0,ASK
417,1712307421.2006028,53239.19790551,18920.0,-9.429244083668036e-11,19290.0,ASK
418,1712307450.4999793,53239.19790551,18920.0,-0.0,19290.0,ASK
419,1712307463.3202865,53254.48777824,18910.0,-6.029163160156809e-09,19290.0,ASK
420,1712307463.3801093,53255.04787824,18910.0,-2.2086084990053834e-10,19290.0,ASK
421,1712307480.7599545,53255.04787824,18910.0,-0.0,19290.0,ASK
422,1712307510.7601392,53255.04787824,18910.0,-0.0,19290.0,ASK
423,1712307520.1804442,53261.38765515,18910.0,-2.499630509359688e-09,19290.0,ASK
424,1712307520.184446,53265.59470346,18910.0,-1.6587439052391815e-09,19290.0,ASK
425,1712307540.5202568,53265.59470346,18910.0,-0.0,19290.0,ASK
426,1712307542.50063,53268.49210346,18910.0,-1.1422894019721936e-09,19290.0,ASK
427,1712307570.5503235,53268.49210346,18910.0,-0.0,19290.0,ASK
428,1712307594.4104252,53273.78031076,18910.0,-2.084811442860633e-09,19290.0,ASK
429,1712307600.6503303,53273.78031076,18910.0,-0.0,19290.0,ASK
430,1712307617.92056,53284.32713598,18910.0,-4.166887793039107e-09,19290.0,ASK
431,1712307630.5203407,53284.32713598,18910.0,-0.0,19290.0,ASK
432,1712307660.750402,53284.32713598,18910.0,-0.0,19290.0,ASK
433,1712307667.7907655,53301.89812108,18910.0,-6.941477943360308e-09,19290.0,ASK
434,1712307667.7946253,53305.07402394,18910.0,-1.254651320200552e-09,19290.0,ASK
435,1712307690.7821276,53305.07402394,18910.0,-0.0,19290.0,ASK
436,1712307720.5028782,53305.07402394,18910.0,-0.0,19290.0,ASK
437,1712307750.4906363,53305.07402394,18910.0,-0.0,19290.0,ASK
438,1712307780.7206614,53305.07402394,18910.0,-0.0,19290.0,ASK
439,1712307805.820811,53305.54502203,18910.0,-1.8604057706985646e-10,19290.0,ASK
440,1712307808.6507132,53306.01556734,18930.0,1.8586173249745557e-10,19290.0,BID
441,1712307810.750562,53306.01556734,18930.0,0.0,19290.0,BID
442,1712307840.501051,53306.01556734,18930.0,0.0,19290.0,BID
443,1712307870.5308073,53306.01556734,18930.0,0.0,19290.0,BID
444,1712307880.2308629,53306.51556734,18920.0,1.9749471598151511e-10,19290.0,BID
445,1712307900.740682,53306.51556734,18920.0,0.0,19290.0,BID
446,1712307930.7409866,53306.51556734,18920.0,0.0,19290.0,BID
447,1712307960.520652,53306.51556734,18920.0,0.0,19290.0,BID
448,1712307968.5117428,53308.57226734,18910.0,-8.13431539125166e-10,19290.0,ASK
449,1712307990.4822528,53308.57226734,18910.0,-0.0,19290.0,ASK
450,1712308020.7731483,53308.57226734,18910.0,-0.0,19290.0,ASK
451,1712308028.1810515,53331.92208289,18910.0,-9.234785942595789e-09,19290.0,ASK
452,1712308028.185318,53352.92215812,18910.0,-8.305470298565492e-09,19290.0,ASK
453,1712308028.3208246,53353.79385812,18910.0,-3.447548820626502e-10,19290.0,ASK
454,1712308044.4011486,53464.83633476,18910.0,-4.3916985130368383e-08,19290.0,ASK
455,1712308050.780826,53464.83633476,18910.0,-0.0,19290.0,ASK
456,1712308060.775838,53471.53900491,18910.0,-2.647792656821817e-09,19290.0,ASK
457,1712308062.1609535,53472.31110491,18920.0,3.0500690986831083e-10,19290.0,BID
458,1712308062.3009782,53476.82441717,18920.0,-1.782918567158928e-09,19290.0,ASK
459,1712308080.4622602,53476.82441717,18920.0,-0.0,19290.0,ASK
460,1712308110.6108758,53476.82441717,18920.0,-0.0,19290.0,ASK
461,1712308140.7509212,53476.82441717,18920.0,-0.0,19290.0,ASK
462,1712308170.7409425,53476.82441717,18920.0,-0.0,19290.0,ASK
463,1712308174.7209582,53478.24411717,18910.0,-5.60781668868788e-10,19290.0,ASK
464,1712308175.3237784,53478.74411717,18920.0,1.9750005947360663e-10,19290.0,BID
465,1712308200.600926,53478.74411717,18920.0,0.0,19290.0,BID
466,1712308208.7164176,53482.53441717,18910.0,-1.513703782844728e-09,19290.0,ASK
467,1712308208.719337,53494.72081717,18910.0,-4.8667914886036006e-09,19290.0,ASK
468,1712308230.5511577,53494.72081717,18910.0,-0.0,19290.0,ASK
469,1712308253.14144,54409.81674818,18910.0,-3.654109339557237e-07,19290.0,ASK
470,1712308260.761396,54409.81674818,18910.0,-0.0,19290.0,ASK
471,1712308273.1915452,54410.88578583,18920.0,4.2395259210486077e-10,19290.0,BID
472,1712308280.1824806,54411.7207785,18910.0,-3.3113642614105e-10,19290.0,ASK
473,1712308290.7613766,54411.7207785,18910.0,-0.0,19290.0,ASK
474,1712308303.891572,54412.3691785,18910.0,-2.571349423622743e-10,19290.0,ASK
475,1712308303.8962812,54413.3223785,18910.0,-3.7800898683113685e-10,19290.0,ASK
476,1712308306.541519,54922.88898179,18910.0,-2.020780061182499e-07,19290.0,ASK
477,1712308320.521459,54922.88898179,18910.0,-0.0,19290.0,ASK
478,1712308320.9515195,54923.15344503,18910.0,1.0447726730311611e-10,19290.0,BID
479,1712308321.093515,54933.26474503,18900.0,-3.994509758197954e-09,19290.0,ASK
480,1712308321.0978074,54948.68274503,18900.0,-6.090942950155438e-09,19290.0,ASK
481,1712308338.4414186,54949.21184556,18900.0,-2.0902329375675267e-10,19290.0,ASK
482,1712308348.0115926,55074.77683655,18900.0,-4.960495503028872e-08,19290.0,ASK
483,1712308350.5312686,55074.77683655,18900.0,-0.0,19290.0,ASK
484,1712308380.751546,55074.77683655,18900.0,-0.0,19290.0,ASK
485,1712308410.7314298,55074.77683655,18900.0,-0.0,19290.0,ASK
486,1712308427.3314383,55075.30253271,18920.0,2.0744312763784444e-10,19290.0,BID
487,1712308440.521336,55075.30253271,18920.0,0.0,19290.0,BID
488,1712308470.5718677,55075.30253271,18920.0,0.0,19290.0,BID
489,1712308486.921678,55075.83107393,18920.0,2.0856498826065486e-10,19290.0,BID
490,1712308500.5528636,55075.83107393,18920.0,0.0,19290.0,BID
491,1712308530.541397,55075.83107393,18920.0,0.0,19290.0,BID
492,1712308560.521226,55075.83107393,18920.0,0.0,19290.0,BID
493,1712308590.5211856,55075.83107393,18920.0,0.0,19290.0,BID
494,1712308620.7511857,55075.83107393,18920.0,0.0,19290.0,BID
495,1712308650.7510674,55075.83107393,18920.0,0.0,19290.0,BID
496,1712308669.7713735,55076.35961515,18910.0,-2.0875563117899007e-10,19290.0,ASK
497,1712308669.7749546,55076.88815637,18890.0,-2.0875563117611632e-10,19290.0,ASK
498,1712308669.778365,55148.22176336,18880.0,-2.8174325081765727e-08,19290.0,ASK
499,1712308669.7818174,55148.50425936,18890.0,-1.1157621875771023e-10,19290.0,ASK
500,1712308669.7840729,55149.03280058,18900.0,-2.0875563117611632e-10,19290.0,ASK
501,1712308680.491186,55149.03280058,18900.0,-0.0,19290.0,ASK
502,1712308710.53136,55149.03280058,18900.0,-0.0,19290.0,ASK
503,1712308722.5517416,55150.03280058,18920.0,3.9475017443321405e-10,19290.0,BID
504,1712308726.0156872,55150.98600058,18910.0,3.7627586627114567e-10,19290.0,BID
505,1712308726.017895,55151.03280058,18910.0,1.84743081620682e-11,19290.0,BID
506,1712308732.7713678,55157.26556125,18870.0,-2.460383361685155e-09,19290.0,ASK
507,1712308732.775792,55159.06603885,18870.0,-7.10738846660859e-10,19290.0,ASK
508,1712308740.761278,55159.06603885,18870.0,-0.0,19290.0,ASK
509,1712308746.8713124,55171.79554889,18850.0,-5.024600606915468e-09,19290.0,ASK
510,1712308750.261273,55183.46922187,18850.0,-4.607839905537627e-09,19290.0,ASK
511,1712308750.2726672,55190.12478003,18850.0,-2.627086310863217e-09,19290.0,ASK
512,1712308770.7558024,55190.12478003,18850.0,-0.0,19290.0,ASK
513,1712308781.9813266,55191.12478003,18830.0,-3.9462946444843747e-10,19290.0,ASK
514,1712308797.9415982,55191.65584747,18830.0,-2.0957485943419566e-10,19290.0,ASK
515,1712308797.949619,55201.74612895,18830.0,-3.981922376586091e-09,19290.0,ASK
516,1712308800.571224,55201.74612895,18830.0,-0.0,19290.0,ASK
517,1712308819.754551,55396.00096543,18840.0,-7.68047901954848e-08,19290.0,ASK
518,1712308819.893908,55410.18836254,18840.0,5.609435925502479e-09,19290.0,BID
519,1712308830.5006618,55410.18836254,18840.0,0.0,19290.0,BID
520,1712308860.7611449,55410.18836254,18840.0,0.0,19290.0,BID
521,1712308891.1017568,55410.18836254,18840.0,0.0,19290.0,BID
522,1712308903.6514423,55426.95145333,18830.0,-6.617542889094211e-09,19290.0,ASK
523,1712308903.6560535,55449.3928666,18830.0,-8.859166645727698e-09,19290.0,ASK
524,1712308903.813894,55460.18836254,18830.0,4.261723466570344e-09,19290.0,BID
525,1712308920.6444106,55460.18836254,18830.0,0.0,19290.0,BID
526,1712308950.5380464,55460.18836254,18830.0,0.0,19290.0,BID
527,1712308980.7503655,55460.18836254,18830.0,0.0,19290.0,BID
528,1712309010.7611868,55460.18836254,18830.0,0.0,19290.0,BID
529,1712309020.081452,55475.33946969,18830.0,-5.978960039403817e-09,19290.0,ASK
530,1712309020.0863702,55475.87053713,18830.0,-2.0957088947811564e-10,19290.0,ASK
531,1712309040.4935117,55475.87053713,18830.0,-0.0,19290.0,ASK
532,1712309070.544891,55475.87053713,18830.0,-0.0,19290.0,ASK
533,1712309081.1557307,55476.40047883,18870.0,2.0910228102208047e-10,19290.0,BID
534,1712309100.761218,55476.40047883,18870.0,0.0,19290.0,BID
535,1712309114.5612996,55477.45983256,18870.0,4.1924881348156814e-10,19290.0,BID
536,1712309130.7613251,55477.45983256,18870.0,0.0,19290.0,BID
537,1712309143.32131,55515.41546996,18830.0,-1.502116772239954e-08,19290.0,ASK
538,1712309143.323496,55529.04558623,18830.0,-5.394199033199775e-09,19290.0,ASK
539,1712309160.491537,55529.04558623,18830.0,-0.0,19290.0,ASK
540,1712309188.6052191,55534.33099849,18830.0,-2.090929327359693e-09,19290.0,ASK
541,1712309190.4921396,55534.33099849,18830.0,-0.0,19290.0,ASK
542,1712309206.282096,55550.36377054,18830.0,-6.342376297530069e-09,19290.0,ASK
543,1712309206.286885,55555.24606689,18820.0,-1.931379087232625e-09,19290.0,ASK
544,1712309216.942007,55562.22176,18840.0,2.759502255860942e-09,19290.0,BID
545,1712309220.78433,55562.22176,18840.0,0.0,19290.0,BID
546,1712309250.7618997,55562.22176,18840.0,0.0,19290.0,BID
547,1712309259.5824056,55781.65279459,18840.0,-8.678630866913084e-08,19290.0,ASK
548,1712309280.4519837,55781.65279459,18840.0,-0.0,19290.0,ASK
549,1712309301.152064,55818.01684878,18820.0,-1.4358727287997123e-08,19290.0,ASK
550,1712309301.1563246,55824.41290839,18820.0,-2.525551061439102e-09,19290.0,ASK
551,1712309310.4837646,55824.41290839,18820.0,-0.0,19290.0,ASK
552,1712309331.8021498,55899.70664049,18840.0,2.9721073715600928e-08,19290.0,BID
553,1712309331.882045,55900.30824049,18830.0,-2.3747259497501665e-10,19290.0,ASK
554,1712309331.902023,55906.24292187,18840.0,2.3426266417411003e-09,19290.0,BID
555,1712309331.9067876,55913.47540662,18840.0,2.854915095935965e-09,19290.0,BID
556,1712309340.7518048,55913.47540662,18840.0,0.0,19290.0,BID
557,1712309370.781957,55913.47540662,18840.0,0.0,19290.0,BID
558,1712309400.6419775,55913.47540662,18840.0,0.0,19290.0,BID
559,1712309405.6619291,55929.43285343,18830.0,-6.3085274195702185e-09,19290.0,ASK
560,1712309430.542054,55929.43285343,18830.0,-0.0,19290.0,ASK
561,1712309460.7601385,55929.43285343,18830.0,-0.0,19290.0,ASK
562,1712309490.7519689,55929.43285343,18830.0,-0.0,19290.0,ASK
563,1712309502.3322082,55930.50539724,18830.0,-4.239630850351449e-10,19290.0,ASK
564,1712309502.3435009,55998.71007584,18830.0,-2.6960452042643804e-08,19290.0,ASK
565,1712309502.392034,56009.84675721,18830.0,4.4021901452096165e-09,19290.0,BID
566,1712309502.396818,56029.43285343,18830.0,7.742137616963762e-09,19290.0,BID
567,1712309520.2848272,56043.85544572,18830.0,5.701069424365949e-09,19290.0,BID
568,1712309520.5520654,56043.85544572,18830.0,0.0,19290.0,BID
569,1712309550.4917758,56043.85544572,18830.0,0.0,19290.0,BID
570,1712309569.0035944,56063.85544572,18830.0,-7.899021160435541e-09,19290.0,ASK
571,1712309580.553636,56063.85544572,18830.0,-0.0,19290.0,ASK
572,1712309610.5421562,56063.85544572,18830.0,-0.0,19290.0,ASK
573,1712309612.633865,56064.13884172,18830.0,-1.1191090457096591e-10,19290.0,ASK
574,1712309612.6390195,56108.03709382,18830.0,-1.7335082716814343e-08,19290.0,ASK
575,1712309622.444849,56125.85544572,18830.0,7.036330361404745e-09,19290.0,BID
576,1712309640.7618597,56125.85544572,18830.0,0.0,19290.0,BID
577,1712309652.3396215,56393.93243733,18820.0,-1.058127638676748e-07,19290.0,ASK
578,1712309657.6321907,56401.31732895,18870.0,2.914893174839465e-09,19290.0,BID
579,1712309657.6373303,56496.16529371,18870.0,3.743747360862858e-08,19290.0,BID
580,1712309670.7640178,56496.16529371,18870.0,0.0,19290.0,BID
581,1712309700.5247116,56496.16529371,18870.0,0.0,19290.0,BID
582,1712309730.528333,56496.16529371,18870.0,0.0,19290.0,BID
583,1712309760.752109,56496.16529371,18870.0,0.0,19290.0,BID
584,1712309790.7518902,56496.16529371,18870.0,0.0,19290.0,BID
585,1712309820.5218582,56496.16529371,18870.0,0.0,19290.0,BID
586,1712309850.5119734,56496.16529371,18870.0,0.0,19290.0,BID
587,1712309865.832086,56501.47314933,18840.0,2.089340493510698e-09,19290.0,BID
588,1712309870.597851,56525.84115341,18820.0,-9.592020076537557e-09,19290.0,ASK
589,1712309870.652183,56527.43604974,18810.0,-6.278018325626085e-10,19290.0,ASK
590,1712309870.657169,56563.78305433,18810.0,-1.4307335003912764e-08,19290.0,ASK
591,1712309870.7924864,56565.37879901,18800.0,-6.281357700596061e-10,19290.0,ASK
592,1712309870.7974265,56584.21254624,18800.0,-7.413560870782116e-09,19290.0,ASK
593,1712309880.761888,56584.21254624,18800.0,-0.0,19290.0,ASK
594,1712309881.5522604,56584.63499304,18800.0,-1.6618012368988007e-10,19290.0,ASK
595,1712309881.5574882,56629.59201992,18800.0,-1.7684982553056743e-08,19290.0,ASK
596,1712309881.6325772,56640.23597947,18790.0,-4.187070453741387e-09,19290.0,ASK
597,1712309881.6431684,56758.66856712,18790.0,-4.6588451053369284e-08,19290.0,ASK
598,1712309881.712016,56762.95791971,18790.0,-1.6873252299478263e-09,19290.0,ASK
599,1712309885.2323785,56933.76186975,18790.0,-6.719004983389389e-08,19290.0,ASK
600,1712309885.2920065,56947.31327465,18790.0,-5.3307875510893845e-09,19290.0,ASK
601,1712309888.4624965,56947.57942685,18790.0,-1.0469769333536795e-10,19290.0,ASK
602,1712309888.467877,56948.22416428,18780.0,-2.5362376011282945e-10,19290.0,ASK
603,1712309888.472987,56953.37440501,18790.0,-2.025977333803945e-09,19290.0,ASK
604,1712309910.762039,56953.37440501,18790.0,-0.0,19290.0,ASK
605,1712309915.3080962,57295.1419343,18800.0,1.340770186208653e-07,19290.0,BID
606,1712309915.3121524,57593.79122739,18810.0,1.171615305699767e-07,19290.0,BID
607,1712309915.3819458,57616.25240329,18840.0,8.811625567960101e-09,19290.0,BID
608,1712309915.9221122,57667.23939363,18840.0,-2.0002437526584703e-08,19290.0,ASK
609,1712309915.9820335,57682.96461729,18800.0,6.169079636850171e-09,19290.0,BID
610,1712309940.5322127,57682.96461729,18800.0,0.0,19290.0,BID
611,1712309951.9222095,57683.49031345,18800.0,-2.0512882225623046e-10,19290.0,ASK
612,1712309955.9823396,57684.01272452,18880.0,2.0384696651331478e-10,19290.0,BID
613,1712309970.5322516,57684.01272452,18880.0,0.0,19290.0,BID
614,1712310000.5827885,57684.01272452,18880.0,0.0,19290.0,BID
615,1712310017.5522285,57701.83107642,18870.0,6.955506597532471e-09,19290.0,BID
616,1712310030.532205,57701.83107642,18870.0,0.0,19290.0,BID
617,1712310036.3420155,57702.37074182,18870.0,-2.1063416348872256e-10,19290.0,ASK
618,1712310044.6722734,57707.87312833,18880.0,2.147609573870152e-09,19290.0,BID
619,1712310044.7520297,57760.91554197,18880.0,2.0702725107984788e-08,19290.0,BID
620,1712310056.3321085,57761.43795304,18880.0,-2.0389971031455576e-10,19290.0,ASK
621,1712310059.902191,57761.95956394,18960.0,2.0358739987555726e-10,19290.0,BID
622,1712310060.7455063,57761.95956394,18960.0,0.0,19290.0,BID
623,1712310090.7221138,57761.95956394,18960.0,0.0,19290.0,BID
624,1712310120.5083797,57761.95956394,18960.0,0.0,19290.0,BID
625,1712310150.559873,57761.95956394,18960.0,0.0,19290.0,BID
626,1712310180.7224703,57761.95956394,18960.0,0.0,19290.0,BID
627,1712310210.7433128,57761.95956394,18960.0,0.0,19290.0,BID
628,1712310240.7031295,57761.95956394,18960.0,0.0,19290.0,BID
629,1712310270.512063,57761.95956394,18960.0,0.0,19290.0,BID
630,1712310300.561923,57761.95956394,18960.0,0.0,19290.0,BID
631,1712310330.5018928,57761.95956394,18960.0,0.0,19290.0,BID
632,1712310360.742127,57761.95956394,18960.0,0.0,19290.0,BID
633,1712310390.732035,57761.95956394,18960.0,0.0,19290.0,BID
634,1712310420.5148787,57761.95956394,18960.0,0.0,19290.0,BID
635,1712310425.8323953,57767.98764661,18890.0,-2.356384275377276e-09,19290.0,ASK
636,1712310450.508209,57767.98764661,18890.0,-0.0,19290.0,ASK
637,1712310480.7219205,57767.98764661,18890.0,-0.0,19290.0,ASK
638,1712310484.6520672,57768.50925751,18890.0,-2.0388921018713488e-10,19290.0,ASK
639,1712310487.564002,57769.02812576,18960.0,2.028171529482494e-10,19290.0,BID
640,1712310510.7489655,57769.02812576,18960.0,0.0,19290.0,BID
641,1712310540.4958937,57769.02812576,18960.0,0.0,19290.0,BID
642,1712310570.5119028,57769.02812576,18960.0,0.0,19290.0,BID
643,1712310600.5691288,57769.02812576,18960.0,0.0,19290.0,BID
644,1712310630.5220633,57769.02812576,18960.0,0.0,19290.0,BID
645,1712310645.801577,57769.55555192,18950.0,2.06274064545556e-10,19290.0,BID
646,1712310649.0019968,57770.0832564,18950.0,2.0638291428169603e-10,19290.0,BID
647,1712310651.3320518,57770.61096088,18950.0,2.0638291428169603e-10,19290.0,BID
648,1712310658.2422676,57771.13866536,18950.0,2.0638291427885037e-10,19290.0,BID
649,1712310658.9022074,57771.66553574,18950.0,2.060567014197833e-10,19290.0,BID
650,1712310660.731989,57771.66553574,18950.0,0.0,19290.0,BID
651,1712310681.422248,57816.08673693,18890.0,-1.73725979409164e-08,19290.0,ASK
652,1712310681.427385,57822.12012235,18900.0,-2.3595845298266237e-09,19290.0,ASK
653,1712310681.43163,57851.66553574,18870.0,-1.1554856106370646e-08,19290.0,ASK
654,1712310690.732181,57851.66553574,18870.0,-0.0,19290.0,ASK
655,1712310696.1305575,57898.72414691,18880.0,-1.8393190505647163e-08,19290.0,ASK
656,1712310696.1350467,57903.81488686,18870.0,-1.989751660472841e-09,19290.0,ASK
657,1712310696.182258,57940.03845991,18870.0,1.4158239338961688e-08,19290.0,BID
658,1712310696.1873205,57957.70123608,18870.0,6.903620801298841e-09,19290.0,BID
659,1712310696.2024188,57979.50634183,18870.0,8.522679570943417e-09,19290.0,BID
660,1712310720.5322306,57979.50634183,18870.0,0.0,19290.0,BID
661,1712310750.5220482,57979.50634183,18870.0,0.0,19290.0,BID
662,1712310780.7420423,57979.50634183,18870.0,0.0,19290.0,BID
663,1712310810.7421522,57979.50634183,18870.0,0.0,19290.0,BID
664,1712310840.5561495,57979.50634183,18870.0,0.0,19290.0,BID
665,1712310863.7320669,57984.1985318,18950.0,1.83224764784853e-09,19290.0,BID
666,1712310866.7422256,57987.26655893,18950.0,1.1980302435359211e-09,19290.0,BID
667,1712310866.746691,57988.42127586,18950.0,4.5090403253943825e-10,19290.0,BID
668,1712310870.5322657,57988.42127586,18950.0,0.0,19290.0,BID
669,1712310900.7520423,57988.42127586,18950.0,0.0,19290.0,BID
670,1712310930.744296,57988.42127586,18950.0,0.0,19290.0,BID
671,1712310934.8322182,57989.42942446,18860.0,-3.947172938988544e-10,19290.0,ASK
672,1712310938.462052,57989.6932767,18950.0,1.0330524900976627e-10,19290.0,BID
673,1712310960.5143623,57989.6932767,18950.0,0.0,19290.0,BID
674,1712310990.5321512,57989.6932767,18950.0,0.0,19290.0,BID
675,1712311020.721999,57989.6932767,18950.0,0.0,19290.0,BID
676,1712311050.7421608,57989.6932767,18950.0,0.0,19290.0,BID
677,1712311080.501973,57989.6932767,18950.0,0.0,19290.0,BID
678,1712311110.5356812,57989.6932767,18950.0,0.0,19290.0,BID
679,1712311140.731978,57989.6932767,18950.0,0.0,19290.0,BID
680,1712311141.4819767,57995.40312899,18870.0,-2.2355397355467892e-09,19290.0,ASK
681,1712311141.4920788,58000.6932767,18870.0,-2.0712156483169435e-09,19290.0,ASK
682,1712311170.722027,58000.6932767,18870.0,-0.0,19290.0,ASK
683,1712311192.702231,58013.19377434,18870.0,-4.893837331854908e-09,19290.0,ASK
684,1712311197.352306,58013.71264259,18870.0,-2.0313245802675315e-10,19290.0,ASK
685,1712311200.6720376,58013.71264259,18870.0,-0.0,19290.0,ASK
686,1712311201.4323397,58014.22856959,18950.0,2.0221729181913077e-10,19290.0,BID
687,1712311230.5225086,58014.22856959,18950.0,0.0,19290.0,BID
688,1712311260.5756092,58014.22856959,18950.0,0.0,19290.0,BID
689,1712311290.4719884,58014.22856959,18950.0,0.0,19290.0,BID
690,1712311320.742097,58014.22856959,18950.0,0.0,19290.0,BID
691,1712311350.7620606,58014.22856959,18950.0,0.0,19290.0,BID
692,1712311364.0821624,58015.28845301,18870.0,-4.1541910684126526e-10,19290.0,ASK
693,1712311380.5069318,58015.28845301,18870.0,-0.0,19290.0,ASK
694,1712311409.812249,58015.83192456,18870.0,-2.1301087634680223e-10,19290.0,ASK
695,1712311410.5623283,58015.83192456,18870.0,-0.0,19290.0,ASK
696,1712311440.802788,58015.83192456,18870.0,-0.0,19290.0,ASK
697,1712311470.7634995,58015.83192456,18870.0,-0.0,19290.0,ASK
698,1712311500.5463362,58015.83192456,18870.0,-0.0,19290.0,ASK
699,1712311530.5031617,58015.83192456,18870.0,-0.0,19290.0,ASK
700,1712311560.740931,58015.83192456,18870.0,-0.0,19290.0,ASK
701,1712311590.7555866,58015.83192456,18870.0,-0.0,19290.0,ASK
702,1712311620.4958856,58015.83192456,18870.0,-0.0,19290.0,ASK
703,1712311647.136581,58016.89180798,18930.0,4.1587308389031965e-10,19290.0,BID
704,1712311647.1424625,58017.52203009,18940.0,2.472841894449416e-10,19290.0,BID
705,1712311650.5364406,58017.52203009,18940.0,0.0,19290.0,BID
706,1712311680.749247,58017.52203009,18940.0,0.0,19290.0,BID
707,1712311710.7372148,58017.52203009,18940.0,0.0,19290.0,BID
708,1712311740.5497644,58017.52203009,18940.0,0.0,19290.0,BID
709,1712311751.779172,58018.10454957,18860.0,-2.2856394042031046e-10,19290.0,ASK
710,1712311751.7850866,58040.81023471,18870.0,-8.909059771687533e-09,19290.0,ASK
711,1712311751.7896378,58044.49637296,18850.0,-1.446334950628588e-09,19290.0,ASK
712,1712311770.507898,58044.49637296,18850.0,-0.0,19290.0,ASK
713,1712311800.588239,58044.49637296,18850.0,-0.0,19290.0,ASK
714,1712311830.5186584,58044.49637296,18850.0,-0.0,19290.0,ASK
715,1712311860.7789547,58044.49637296,18850.0,-0.0,19290.0,ASK
716,1712311878.6592767,58044.86498678,18880.0,-1.4462128719305363e-10,19290.0,ASK
717,1712311890.7492864,58044.86498678,18880.0,-0.0,19290.0,ASK
718,1712311920.53257,58044.86498678,18880.0,-0.0,19290.0,ASK
719,1712311950.5212324,58044.86498678,18880.0,-0.0,19290.0,ASK
720,1712311960.2720785,58097.7191094,18920.0,2.0736635364731012e-08,19290.0,BID
721,1712311980.7800157,58097.7191094,18920.0,0.0,19290.0,BID
722,1712312010.7822697,58097.7191094,18920.0,0.0,19290.0,BID
723,1712312040.5305989,58097.7191094,18920.0,0.0,19290.0,BID
724,1712312070.5208132,58097.7191094,18920.0,0.0,19290.0,BID
725,1712312100.531787,58097.7191094,18920.0,0.0,19290.0,BID
726,1712312130.541196,58097.7191094,18920.0,0.0,19290.0,BID
727,1712312160.7715473,58097.7191094,18920.0,0.0,19290.0,BID
728,1712312185.9468403,58098.40524765,18860.0,-2.707099410310658e-10,19290.0,ASK
729,1712312185.9523363,58101.40524765,18890.0,-1.1836241793751334e-09,19290.0,ASK
730,1712312190.756508,58101.40524765,18890.0,-0.0,19290.0,ASK
731,1712312220.5321496,58101.40524765,18890.0,-0.0,19290.0,ASK
732,1712312250.5431645,58101.40524765,18890.0,-0.0,19290.0,ASK
733,1712312280.7523625,58101.40524765,18890.0,-0.0,19290.0,ASK
734,1712312286.2023609,58103.7191094,18860.0,-9.128891665275607e-10,19290.0,ASK
735,1712312286.208768,58106.38202716,18850.0,-1.050602428798664e-09,19290.0,ASK
736,1712312286.3225272,58106.67554231,18850.0,1.1580069580451095e-10,19290.0,BID
737,1712312288.3392775,58149.02544263,18840.0,-1.670832978921117e-08,19290.0,ASK
738,1712312306.4024048,58165.06195419,18840.0,-6.3268938483523284e-09,19290.0,ASK
739,1712312306.5322638,58171.31097796,18840.0,2.4654308326766924e-09,19290.0,BID
740,1712312310.7623816,58171.31097796,18840.0,0.0,19290.0,BID
741,1712312340.4862998,58171.31097796,18840.0,0.0,19290.0,BID
742,1712312370.544572,58171.31097796,18840.0,0.0,19290.0,BID
743,1712312392.3629744,58177.25997977,18840.0,2.3458440162169502e-09,19290.0,BID
744,1712312400.56267,58177.25997977,18840.0,0.0,19290.0,BID
745,1712312410.402948,58310.91665282,18840.0,-5.319521707092981e-08,19290.0,ASK
746,1712312416.6330156,58311.98862734,18840.0,4.2664474570903294e-10,19290.0,BID
747,1712312430.542995,58311.98862734,18840.0,0.0,19290.0,BID
748,1712312460.7631135,58311.98862734,18840.0,0.0,19290.0,BID
749,1712312473.103204,58327.90434251,18840.0,6.328045290749125e-09,19290.0,BID
750,1712312490.7733831,58327.90434251,18840.0,0.0,19290.0,BID
751,1712312520.5240536,58327.90434251,18840.0,0.0,19290.0,BID
752,1712312550.5851705,58327.90434251,18840.0,0.0,19290.0,BID
753,1712312580.8037925,58327.90434251,18840.0,0.0,19290.0,BID
754,1712312610.7637172,58327.90434251,18840.0,0.0,19290.0,BID
755,1712312611.0994143,58343.82005768,18840.0,6.327290948757485e-09,19290.0,BID
756,1712312611.1022854,58583.7931073,18840.0,9.540126149458565e-08,19290.0,BID
757,1712312620.6639094,58594.48208834,18840.0,-4.2494033264265644e-09,19290.0,ASK
758,1712312640.5339246,58594.48208834,18840.0,-0.0,19290.0,ASK
759,1712312653.730196,58599.81293299,18860.0,2.1150537803867627e-09,19290.0,BID
760,1712312670.5440505,58599.81293299,18860.0,0.0,19290.0,BID
761,1712312700.8571107,58599.81293299,18860.0,0.0,19290.0,BID
762,1712312730.744332,58599.81293299,18860.0,0.0,19290.0,BID
763,1712312760.5367286,58599.81293299,18860.0,0.0,19290.0,BID
764,1712312768.8945749,58604.81293299,18860.0,1.983724922138797e-09,19290.0,BID
765,1712312790.5544364,58604.81293299,18860.0,0.0,19290.0,BID
766,1712312810.594631,58610.12078861,18840.0,-2.1057863114109562e-09,19290.0,ASK
767,1712312810.6008987,58626.02058817,18840.0,-6.307929729933597e-09,19290.0,ASK
768,1712312810.607264,58666.31154174,18840.0,-1.598463571269946e-08,19290.0,ASK
769,1712312820.775329,58666.31154174,18840.0,-0.0,19290.0,ASK
770,1712312850.8040476,58666.31154174,18840.0,-0.0,19290.0,ASK
771,1712312869.3348098,58669.23243841,18840.0,1.1582753307520606e-09,19290.0,BID
772,1712312880.564727,58669.23243841,18840.0,0.0,19290.0,BID
773,1712312910.550055,58669.23243841,18840.0,0.0,19290.0,BID
774,1712312940.7749534,58669.23243841,18840.0,0.0,19290.0,BID
775,1712312970.7750297,58669.23243841,18840.0,0.0,19290.0,BID
776,1712313000.597015,58669.23243841,18840.0,0.0,19290.0,BID
777,1712313030.537286,58669.23243841,18840.0,0.0,19290.0,BID
778,1712313036.1754246,58669.31154174,18840.0,-3.141500940243685e-11,19290.0,ASK
779,1712313036.1818886,58669.7238389,18840.0,-1.6373924028790246e-10,19290.0,ASK
780,1712313039.8552125,58670.38351626,18840.0,-2.6198354061378023e-10,19290.0,ASK
781,1712313042.7452185,58679.88351626,18820.0,-3.772819542903757e-09,19290.0,ASK
782,1712313060.6153524,58679.88351626,18820.0,-0.0,19290.0,ASK
783,1712313073.8855186,58728.83197534,18820.0,-1.943778958184008e-08,19290.0,ASK
784,1712313073.89192,58748.60296249,18820.0,-7.851202985140541e-09,19290.0,ASK
785,1712313090.5354357,58748.60296249,18820.0,-0.0,19290.0,ASK
786,1712313120.7956614,58748.60296249,18820.0,-0.0,19290.0,ASK
787,1712313150.7784665,58748.60296249,18820.0,-0.0,19290.0,ASK
788,1712313170.336037,58766.94328513,18840.0,7.279337175454832e-09,19290.0,BID
789,1712313180.5495188,58766.94328513,18840.0,0.0,19290.0,BID
790,1712313210.5556648,58766.94328513,18840.0,0.0,19290.0,BID
791,1712313240.7557547,58766.94328513,18840.0,0.0,19290.0,BID
792,1712313270.7662203,58766.94328513,18840.0,0.0,19290.0,BID
793,1712313300.5312996,58766.94328513,18840.0,0.0,19290.0,BID
794,1712313330.5223434,58766.94328513,18840.0,0.0,19290.0,BID
795,1712313360.7662132,58766.94328513,18840.0,0.0,19290.0,BID
796,1712313362.2168002,58774.49832239,18820.0,-3.00304821564327e-09,19290.0,ASK
797,1712313362.223325,58775.0559432,18830.0,-2.2164843413163927e-10,19290.0,ASK
798,1712313362.2288918,58809.77293505,18820.0,-1.3799640801200002e-08,19290.0,ASK
799,1712313390.7941628,58809.77293505,18820.0,-0.0,19290.0,ASK
800,1712313401.3862638,58934.381169,18820.0,-4.9514603955090846e-08,19290.0,ASK
801,1712313409.4263165,58990.23947048,18800.0,-2.2195978449515672e-08,19290.0,ASK
802,1712313409.4384525,59011.51606621,18800.0,-8.454515224942943e-09,19290.0,ASK
803,1712313417.2167258,59013.11266014,18790.0,-6.344261018320251e-10,19290.0,ASK
804,1712313417.2270803,59169.25236569,18790.0,-6.204401937896762e-08,19290.0,ASK
805,1712313420.4864922,59169.25236569,18790.0,-0.0,19290.0,ASK
806,1712313424.0863853,59275.69541679,18780.0,-4.218315020871494e-08,19290.0,ASK
807,1712313424.0898364,59333.6236293,18780.0,-2.2956824934829284e-08,19290.0,ASK
808,1712313424.2264063,59373.90167727,18780.0,1.59621030219836e-08,19290.0,BID
809,1712313424.326305,59373.90167728,18780.0,3.964738547485266e-18,19290.0,BID
810,1712313439.0765357,59374.43415864,18850.0,2.1102120767743007e-10,19290.0,BID
811,1712313450.530729,59374.43415864,18850.0,0.0,19290.0,BID
812,1712313475.2957404,59427.48455651,18840.0,2.09917016778832e-08,19290.0,BID
813,1712313480.7782352,59427.48455651,18840.0,0.0,19290.0,BID
814,1712313484.465337,59427.80302784,18780.0,-1.2596724165434914e-10,19290.0,ASK
815,1712313510.7847974,59427.80302784,18780.0,-0.0,19290.0,ASK
816,1712313528.4344864,59433.3039319,18790.0,-2.175806757235049e-09,19290.0,ASK
817,1712313540.5877376,59433.3039319,18790.0,-0.0,19290.0,ASK
818,1712313570.5731945,59433.3039319,18790.0,-0.0,19290.0,ASK
819,1712313600.5761335,59433.3039319,18790.0,-0.0,19290.0,ASK
820,1712313630.522337,59433.3039319,18790.0,-0.0,19290.0,ASK
821,1712313660.7712984,59433.3039319,18790.0,-0.0,19290.0,ASK
822,1712313690.8154166,59433.3039319,18790.0,-0.0,19290.0,ASK
823,1712313720.5605843,59433.3039319,18790.0,-0.0,19290.0,ASK
824,1712313750.5196908,59433.3039319,18790.0,-0.0,19290.0,ASK
825,1712313775.9012723,59441.76306917,18790.0,-3.357088609239313e-09,19290.0,ASK
826,1712313775.9106112,59442.8378962,18790.0,-4.2655526966046965e-10,19290.0,ASK
827,1712313775.999337,59449.57112966,18790.0,2.6721473633102113e-09,19290.0,BID
828,1712313776.0192924,59455.46868726,18790.0,2.340501496707961e-09,19290.0,BID
829,1712313780.7537515,59455.46868726,18790.0,0.0,19290.0,BID
830,1712313804.7690182,59460.42111683,18770.0,-1.96509370625156e-09,19290.0,ASK
831,1712313804.7790203,59460.86442621,18780.0,-1.7590244550460126e-10,19290.0,ASK
832,1712313804.784903,59475.46868726,18770.0,-5.794881293747288e-09,19290.0,ASK
833,1712313810.7790372,59475.46868726,18770.0,-0.0,19290.0,ASK
834,1712313840.5285718,59475.46868726,18770.0,-0.0,19290.0,ASK
835,1712313868.0480435,59493.8090099,18780.0,-7.276243783078843e-09,19290.0,ASK
836,1712313870.4786067,59493.8090099,18780.0,-0.0,19290.0,ASK
837,1712313900.487676,59493.8090099,18780.0,-0.0,19290.0,ASK
838,1712313927.764852,59494.3249369,18790.0,-2.0514794340835507e-10,19290.0,ASK
839,1712313930.4971297,59494.3249369,18790.0,-0.0,19290.0,ASK
840,1712313931.047447,59494.76824628,18890.0,1.7627233511340102e-10,19290.0,BID
1041,1712313931.0505247,59494.83900333,18900.0,2.8135002307954317e-11,19290.0,BID
841,1712313931.0505247,59494.83900333,18900.0,2.813500230795432e-11,19290.0,BID
842,1712313954.767912,59495.59693124,18900.0,3.0137355212622445e-10,19290.0,BID
843,1712313960.7768364,59495.59693124,18900.0,0.0,19290.0,BID
844,1712313965.9294765,59500.53163245,18790.0,-1.962157876845626e-09,19290.0,ASK
845,1712313966.4268284,59506.73747418,18790.0,-2.467594432726614e-09,19290.0,ASK
846,1712313990.7766657,59506.73747418,18790.0,-0.0,19290.0,ASK
847,1712313999.256704,59507.25154061,18800.0,-2.0438837153932003e-10,19290.0,ASK
848,1712314002.3463895,59507.7620562,18900.0,2.0297658823266272e-10,19290.0,BID
849,1712314020.5184216,59507.7620562,18900.0,0.0,19290.0,BID
850,1712314050.465815,59507.7620562,18900.0,0.0,19290.0,BID
851,1712314080.7555015,59507.7620562,18900.0,0.0,19290.0,BID
852,1712314084.506126,59508.96091179,18900.0,4.766509655651398e-10,19290.0,BID
853,1712314084.5131235,59560.67210911,18900.0,2.055976744709768e-08,19290.0,BID
854,1712314086.27558,59569.92051753,18800.0,-3.677059055400126e-09,19290.0,ASK
855,1712314110.745424,59569.92051753,18800.0,-0.0,19290.0,ASK
856,1712314140.5251887,59569.92051753,18800.0,-0.0,19290.0,ASK
857,1712314145.9853525,59574.29583153,18810.0,-1.738762180326278e-09,19290.0,ASK
858,1712314146.5450578,59578.68672821,18810.0,-1.744954781510698e-09,19290.0,ASK
859,1712314170.54467,59578.68672821,18810.0,-0.0,19290.0,ASK
860,1712314183.074824,59579.1972438,18810.0,-2.0286704831089743e-10,19290.0,ASK
861,1712314186.2247725,59579.7053407,18900.0,2.0190591703182623e-10,19290.0,BID
862,1712314200.5144267,59579.7053407,18900.0,0.0,19290.0,BID
863,1712314206.744599,59585.30926971,18810.0,-2.233076957604164e-09,19290.0,ASK
864,1712314230.4879096,59585.30926971,18810.0,-0.0,19290.0,ASK
865,1712314260.7642107,59585.30926971,18810.0,-0.0,19290.0,ASK
866,1712314266.4342866,59589.43713953,18840.0,-1.6448216582663575e-09,19290.0,ASK
867,1712314284.4738855,59601.09360947,18840.0,-4.644723562591643e-09,19290.0,ASK
868,1712314285.2940626,59609.54834467,18840.0,-3.368936564932534e-09,19290.0,ASK
869,1712314286.6343248,59611.41764366,18830.0,-7.448547552624803e-10,19290.0,ASK
870,1712314290.740066,59611.41764366,18830.0,-0.0,19290.0,ASK
871,1712314317.251339,59652.5869153,18830.0,1.6401399129704846e-08,19290.0,BID
872,1712314320.532736,59652.5869153,18830.0,0.0,19290.0,BID
873,1712314324.533923,59653.11267208,18830.0,-2.0939123074972198e-10,19290.0,ASK
874,1712314326.623808,59660.49113245,18830.0,-2.938592437955593e-09,19290.0,ASK
875,1712314330.74413,59661.01688923,18830.0,-2.0939123074972198e-10,19290.0,ASK
876,1712314350.5234928,59661.01688923,18830.0,-0.0,19290.0,ASK
877,1712314370.8336904,59733.94233373,18900.0,2.9041914174334503e-08,19290.0,BID
878,1712314370.840705,59738.89473373,18900.0,1.972249559024779e-09,19290.0,BID
879,1712314370.8934152,59760.99335463,18900.0,-8.800580592265435e-09,19290.0,ASK
880,1712314370.896738,59766.83699505,18900.0,-2.327178184607446e-09,19290.0,ASK
881,1712314380.563293,59766.83699505,18900.0,-0.0,19290.0,ASK
882,1712314387.023798,59789.81094185,18940.0,9.141890046884104e-09,19290.0,BID
883,1712314387.0298831,59790.31903875,18910.0,2.0218406673325056e-10,19290.0,BID
884,1712314387.0353334,60029.19276789,18920.0,9.505364428225585e-08,19290.0,BID
885,1712314387.047294,60080.21476123,18940.0,2.0302887316124892e-08,19290.0,BID
1085,1712314387.047294,60080.21476123,18940.0,2.030288731612489e-08,19290.0,BID
886,1712314387.0504384,60102.92032713,18950.0,9.035094784410602e-09,19290.0,BID
887,1712314387.0536215,60132.6211916,18910.0,1.1818693568234784e-08,19290.0,BID
888,1712314387.0568151,60175.32366805,18950.0,1.699234997947483e-08,19290.0,BID
889,1712314387.060001,60176.32146805,18910.0,3.9704879480358575e-10,19290.0,BID
890,1712314387.0631652,60180.34983549,18940.0,1.6029850040787252e-09,19290.0,BID
891,1712314387.0663457,60197.18060761,18960.0,6.6973720042365195e-09,19290.0,BID
892,1712314387.0695176,60465.67105128,18940.0,1.0683885255056925e-07,19290.0,BID
893,1712314387.0727105,60532.14089254,18950.0,2.6449960275553866e-08,19290.0,BID
894,1712314387.0759027,60547.66369681,19050.0,6.176899907141052e-09,19290.0,BID
895,1712314387.0790951,60548.19420078,19040.0,2.1110038276945512e-10,19290.0,BID
896,1712314387.0822923,60659.97189189,19030.0,4.447905145414586e-08,19290.0,BID
1096,1712314387.0822923,60659.97189189,19030.0,4.4479051454145864e-08,19290.0,BID
897,1712314387.085507,60713.19350691,18940.0,2.1178170075257244e-08,19290.0,BID
898,1712314387.0887856,60715.61801476,19050.0,9.64770414743302e-10,19290.0,BID
899,1712314387.0920377,60810.87193041,19100.0,3.790384085886791e-08,19290.0,BID
900,1712314387.0952468,60812.08418433,19080.0,4.823852053811461e-10,19290.0,BID
901,1712314387.0984223,60812.61498533,19060.0,2.11218578201916e-10,19290.0,BID
902,1712314387.1016352,61166.0681416,19100.0,1.406475743795084e-07,19290.0,BID
903,1712314387.104886,61346.0681416,18960.0,7.162636105864178e-08,19290.0,BID
904,1712314387.1081147,61347.82511996,19070.0,6.991442576966524e-10,19290.0,BID
905,1712314393.9734786,61372.75470888,19020.0,-9.920087427930293e-09,19290.0,ASK
906,1712314395.102631,61388.15708511,19030.0,-6.128978672282849e-09,19290.0,ASK
907,1712314404.349073,61388.65992108,19070.0,2.000906152253108e-10,19290.0,BID
908,1712314410.507888,61388.65992108,19070.0,0.0,19290.0,BID
909,1712314439.7533302,61412.12647174,18880.0,-9.224831816495966e-09,19290.0,ASK
910,1712314439.7608683,61414.35900357,18870.0,-8.77620701703199e-10,19290.0,ASK
911,1712314440.8231432,61414.35900357,18870.0,-0.0,19290.0,ASK
912,1712314446.4250371,61419.65552487,18870.0,-2.0816950020634203e-09,19290.0,ASK
913,1712314446.4531188,61424.57683587,18870.0,-1.934225868646706e-09,19290.0,ASK
914,1712314456.183174,61449.00358882,18900.0,-9.600461633688234e-09,19290.0,ASK
915,1712314470.75288,61449.00358882,18900.0,-0.0,19290.0,ASK
916,1712314488.78295,61463.8842441,18900.0,-5.847049003499026e-09,19290.0,ASK
917,1712314500.539666,61463.8842441,18900.0,-0.0,19290.0,ASK
918,1712314515.662959,61464.73080494,18900.0,-3.3260200411402376e-10,19290.0,ASK
919,1712314517.423055,61476.0701417,18900.0,-4.455068027596379e-09,19290.0,ASK
920,1712314530.50254,61476.0701417,18900.0,-0.0,19290.0,ASK
921,1712314560.7725644,61476.0701417,18900.0,-0.0,19290.0,ASK
922,1712314590.762415,61476.0701417,18900.0,-0.0,19290.0,ASK
923,1712314590.9024413,61497.24536668,18890.0,8.318699257246368e-09,19290.0,BID
924,1712314611.7423344,61600.34532287,18890.0,4.0502876819021696e-08,19290.0,BID
925,1712314611.748208,61602.63664855,18890.0,9.001486052822251e-10,19290.0,BID
926,1712314620.4874923,61602.63664855,18890.0,0.0,19290.0,BID
927,1712314626.7125404,61610.57735792,18890.0,-3.1165849906341763e-09,19290.0,ASK
928,1712314640.0723188,61625.97973415,18870.0,-6.045154449277431e-09,19290.0,ASK
929,1712314642.9621882,61626.48257012,18870.0,-1.9735403524212567e-10,19290.0,ASK
930,1712314645.4421978,61633.27081178,18890.0,2.6642622320688803e-09,19290.0,BID
931,1712314650.5273485,61633.27081178,18890.0,0.0,19290.0,BID
932,1712314680.7419765,61633.27081178,18890.0,0.0,19290.0,BID
933,1712314710.9171453,61633.27081178,18890.0,0.0,19290.0,BID
934,1712314740.5018718,61633.27081178,18890.0,0.0,19290.0,BID
935,1712314749.4920466,61639.6355668,18870.0,-2.497484455698862e-09,19290.0,ASK
936,1712314770.617687,61639.6355668,18870.0,-0.0,19290.0,ASK
937,1712314777.2018757,61642.81794431,18870.0,-1.248683380482433e-09,19290.0,ASK
938,1712314800.6815984,61642.81794431,18870.0,-0.0,19290.0,ASK
939,1712314830.4983754,61642.81794431,18870.0,-0.0,19290.0,ASK
940,1712314860.7615912,61642.81794431,18870.0,-0.0,19290.0,ASK
941,1712314865.6716113,61648.11175055,18890.0,2.078109843674961e-09,19290.0,BID
942,1712314866.2315109,61653.42154552,18870.0,-2.084386298781434e-09,19290.0,ASK
943,1712314890.7613263,61653.42154552,18870.0,-0.0,19290.0,ASK
944,1712314915.0270245,61675.03319573,18890.0,8.483093598668928e-09,19290.0,BID
945,1712314920.1817236,61755.15633193,18890.0,3.1450262113211483e-08,19290.0,BID
946,1712314920.1894157,61763.10908883,18890.0,3.121648763267455e-09,19290.0,BID
947,1712314920.2638865,61766.21628312,18900.0,1.219648649462145e-09,19290.0,BID
948,1712314920.544565,61766.21628312,18900.0,0.0,19290.0,BID
949,1712314923.0114286,61785.98694078,18900.0,7.753974533380021e-09,19290.0,BID
950,1712314923.0192811,61796.66314078,18900.0,4.1871638433535134e-09,19290.0,BID
951,1712314929.974066,61797.16126612,19010.0,1.953628082174456e-10,19290.0,BID
1151,1712314929.974066,61797.16126612,19010.0,1.9536280821744557e-10,19290.0,BID
952,1712314934.451619,61800.23988939,18880.0,-1.207423993880651e-09,19290.0,ASK
953,1712314934.4591749,61807.75448646,18880.0,-2.9471955516805842e-09,19290.0,ASK
1153,1712314934.4591749,61807.75448646,18880.0,-2.947195551680584e-09,19290.0,ASK
954,1712314950.5326023,61807.75448646,18880.0,-0.0,19290.0,ASK
955,1712314957.8212652,61865.37670764,18890.0,-2.2592254746660297e-08,19290.0,ASK
956,1712314959.0013492,61929.52676057,18890.0,2.5151656915112293e-08,19290.0,BID
1156,1712314959.0013492,61929.52676057,18890.0,2.515165691511229e-08,19290.0,BID
957,1712314962.3013222,61982.46482303,18890.0,2.075571139742844e-08,19290.0,BID
1157,1712314962.3013222,61982.46482303,18890.0,2.0755711397428442e-08,19290.0,BID
958,1712314980.7512004,61982.46482303,18890.0,0.0,19290.0,BID
959,1712314995.7814867,61985.5434463,18880.0,1.2054925575696947e-09,19290.0,BID
960,1712315004.7611816,61990.83725254,18890.0,2.072888906455897e-09,19290.0,BID
961,1712315010.7711058,61990.83725254,18890.0,0.0,19290.0,BID
962,1712315040.5209455,61990.83725254,18890.0,0.0,19290.0,BID
963,1712315070.0110352,61993.81659928,18890.0,1.166546745722617e-09,19290.0,BID
964,1712315070.5411022,61993.81659928,18890.0,0.0,19290.0,BID
965,1712315100.8010352,61993.81659928,18890.0,0.0,19290.0,BID
966,1712315113.6014173,61995.15859409,18880.0,-5.313565975404895e-10,19290.0,ASK
967,1712315113.6122794,62179.19571929,18870.0,-7.28686429625929e-08,19290.0,ASK
968,1712315130.781763,62179.19571929,18870.0,-0.0,19290.0,ASK
969,1712315144.680969,62180.23260323,18870.0,4.099815186090111e-10,19290.0,BID
970,1712315160.5076542,62180.23260323,18870.0,0.0,19290.0,BID
971,1712315168.87143,62182.23260323,18850.0,-7.907892697692272e-10,19290.0,ASK
1171,1712315168.87143,62182.23260323,18850.0,-7.907892697692273e-10,19290.0,ASK
972,1712315168.8791518,62361.40242256,18820.0,-7.084278529632898e-08,19290.0,ASK
973,1712315168.885418,62406.49664827,18840.0,-1.7830014910008218e-08,19290.0,ASK
974,1712315168.8888147,62412.52085102,18850.0,-2.381937446809598e-09,19290.0,ASK
975,1712315168.892238,62421.47171177,18830.0,-3.539122318147542e-09,19290.0,ASK
976,1712315168.8956654,62422.00221574,18850.0,-2.0975842352430782e-10,19290.0,ASK
977,1712315173.6708808,62423.59372767,18820.0,6.29275278475698e-10,19290.0,BID
978,1712315175.8066697,62426.54307793,18820.0,1.1661572692001996e-09,19290.0,BID
979,1712315175.8103282,62428.89876745,18870.0,9.31426997662607e-10,19290.0,BID
980,1712315185.60067,62431.54847598,18870.0,1.0476805367699062e-09,19290.0,BID
981,1712315186.2630408,62432.34338853,18870.0,3.1430415747026405e-10,19290.0,BID
982,1712315190.4823785,62432.34338853,18870.0,0.0,19290.0,BID
983,1712315218.100684,62432.67636653,18790.0,-1.3141110249386342e-10,19290.0,ASK
984,1712315218.1046112,62497.48020678,18790.0,-2.5575095330439613e-08,19290.0,ASK
985,1712315220.731127,62497.48020678,18790.0,-0.0,19290.0,ASK
986,1712315221.0164206,62498.00791126,18790.0,-2.0816014180860467e-10,19290.0,ASK
987,1712315237.6006265,62500.84044968,18870.0,1.117332942071894e-09,19290.0,BID
988,1712315250.7505934,62500.84044968,18870.0,0.0,19290.0,BID
989,1712315280.5603013,62500.84044968,18870.0,0.0,19290.0,BID
990,1712315310.5704389,62500.84044968,18870.0,0.0,19290.0,BID
991,1712315331.3015516,62518.88181462,18790.0,-7.1164815894740675e-09,19290.0,ASK
992,1712315331.3054447,62524.91246355,18800.0,-2.378811260990699e-09,19290.0,ASK
993,1712315340.74047,62524.91246355,18800.0,-0.0,19290.0,ASK
994,1712315370.760421,62524.91246355,18800.0,-0.0,19290.0,ASK
995,1712315400.5728009,62524.91246355,18800.0,-0.0,19290.0,ASK
1196,1712315403.8026035,62525.97403467,18840.0,4.1942092026398306e-10,19290.0,BID
996,1712315403.8026035,62525.97403467,18840.0,4.194209202639831e-10,19290.0,BID
997,1712315412.4903696,62527.04600919,18840.0,4.2353124647862474e-10,19290.0,BID
1197,1712315412.4903696,62527.04600919,18840.0,4.235312464786248e-10,19290.0,BID
998,1712315419.140491,62553.58528732,18840.0,1.0485523057953052e-08,19290.0,BID
999,1712315430.541272,62553.58528732,18840.0,0.0,19290.0,BID
1000,1712315457.360469,62677.6828979,18790.0,-4.901982227549738e-08,19290.0,ASK
1201,1712315457.3740284,62734.62895079,18780.0,-2.2494271879307592e-08,19290.0,ASK
1202,1712315460.730421,62734.62895079,18780.0,-0.0,19290.0,ASK
1203,1712315490.740096,62734.62895079,18780.0,-0.0,19290.0,ASK
1204,1712315491.1402276,62833.84358266,18850.0,3.913820866101104e-08,19290.0,BID
1205,1712315491.150221,62878.979034,18850.0,1.7805042252925265e-08,19290.0,BID
1206,1712315491.1527011,62880.45932214,18840.0,5.83944374026162e-10,19290.0,BID
1207,1712315508.5905714,62881.52089326,18860.0,4.187687966985605e-10,19290.0,BID
1208,1712315520.5205295,62881.52089326,18860.0,0.0,19290.0,BID
1209,1712315546.8114347,62882.58133864,18860.0,4.1786828547195207e-10,19290.0,BID
1210,1712315550.518506,62882.58133864,18860.0,0.0,19290.0,BID
1211,1712315580.751897,62882.58133864,18860.0,0.0,19290.0,BID
1212,1712315599.8026044,62927.71678997,18860.0,1.7785475213825172e-08,19290.0,BID
1213,1712315608.9926388,62979.67395401,18860.0,2.0473548529686432e-08,19290.0,BID
1214,1712315610.7326324,62979.67395401,18860.0,0.0,19290.0,BID
1215,1712315617.1028707,62984.70812233,18870.0,1.9822670302527713e-09,19290.0,BID
1216,1712315617.1055193,62990.72696953,18870.0,2.369996711731518e-09,19290.0,BID
1217,1712315617.262736,62991.78741491,18870.0,4.1756369285808676e-10,19290.0,BID
1218,1712315620.3327684,62992.50145836,18870.0,2.811635803819591e-10,19290.0,BID
1219,1712315622.0428643,62998.93287996,18870.0,2.5324530657221342e-09,19290.0,BID
1220,1712315625.7129426,62999.4310053,19000.0,1.9614311156443124e-10,19290.0,BID
1221,1712315625.7230392,62999.99643259,19000.0,2.2264410002320447e-10,19290.0,BID
1222,1712315640.51997,62999.99643259,19000.0,0.0,19290.0,BID
1223,1712315642.3633025,63131.88322696,19010.0,5.192423894268993e-08,19290.0,BID
1224,1712315642.3648286,63237.16917638,19000.0,4.1451403994661146e-08,19290.0,BID
1225,1712315651.2135262,63237.66418714,19010.0,1.9488726755627347e-10,19290.0,BID
1226,1712315651.2164974,63238.22180795,18880.0,2.1953703792947446e-10,19290.0,BID
1227,1712315653.543489,63243.48496584,19010.0,2.0721215431666715e-09,19290.0,BID
1228,1712315665.0836148,63244.42398567,19050.0,3.696950119826721e-10,19290.0,BID
1229,1712315665.085117,63248.7453551,19010.0,1.7013365129902383e-09,19290.0,BID
1230,1712315666.083578,63249.03406901,19050.0,1.1366755951912792e-10,19290.0,BID
1231,1712315667.2338,63250.61218579,19050.0,6.21309458279629e-10,19290.0,BID
1232,1712315669.903826,63251.24495283,19050.0,2.491223411479438e-10,19290.0,BID
1233,1712315669.9066465,63266.14304898,19050.0,5.865426542353126e-09,19290.0,BID
1234,1712315669.9836628,63317.63635481,19050.0,-2.0273073802710703e-08,19290.0,ASK
1235,1712315670.00384,63356.96237884,19050.0,-1.5482777317879523e-08,19290.0,ASK
1236,1712315670.0059664,63368.01539436,19050.0,-4.351606403350711e-09,19290.0,ASK
1237,1712315670.008127,63454.44580783,19050.0,-3.402792116048656e-08,19290.0,ASK
1238,1712315670.5441468,63454.44580783,19050.0,-0.0,19290.0,ASK
1239,1712315700.527695,63454.44580783,19050.0,-0.0,19290.0,ASK
1240,1712315730.518198,63454.44580783,19050.0,-0.0,19290.0,ASK
1241,1712315747.6252725,63478.56350584,19030.0,9.590706487499271e-09,19290.0,BID
1242,1712315747.6275258,63506.93924615,19030.0,1.128397065780938e-08,19290.0,BID
1243,1712315757.5451925,63589.65443085,19020.0,3.28927353758258e-08,19290.0,BID
1244,1712315760.7853508,63589.65443085,19020.0,0.0,19290.0,BID
1245,1712315764.3510556,63637.04356488,19020.0,1.882563015516912e-08,19290.0,BID
1246,1712315790.7256632,63637.04356488,19020.0,0.0,19290.0,BID
1247,1712315797.3758583,63637.83190288,18990.0,3.1306011019997487e-10,19290.0,BID
1248,1712315797.378151,63652.83345347,19000.0,5.957326782217359e-09,19290.0,BID
1249,1712315820.5660794,63652.83345347,19000.0,0.0,19290.0,BID
1250,1712315850.557878,63652.83345347,19000.0,0.0,19290.0,BID
1251,1712315880.7265935,63652.83345347,19000.0,0.0,19290.0,BID
1252,1712315893.9769516,63677.55229797,19000.0,-9.815031591361418e-09,19290.0,ASK
1253,1712315893.996856,63724.65669742,19000.0,-1.8703591452008672e-08,19290.0,ASK
1254,1712315910.7370722,63724.65669742,19000.0,-0.0,19290.0,ASK
1255,1712315927.497381,63734.65669742,19020.0,3.968517282031571e-09,19290.0,BID
1256,1712315927.5071993,63843.42428542,19020.0,4.316460527028704e-08,19290.0,BID
1257,1712315940.5476103,63843.42428542,19020.0,0.0,19290.0,BID
1258,1712315962.00765,63886.84989104,19020.0,-1.7218091102156255e-08,19290.0,ASK
1259,1712315970.4975772,63886.84989104,19020.0,-0.0,19290.0,ASK
1260,1712315990.8061671,63978.52344706,19010.0,-3.633632425882294e-08,19290.0,ASK
1261,1712316000.6342487,63978.52344706,19010.0,-0.0,19290.0,ASK
1262,1712316025.138482,63979.05087322,19000.0,-2.093335371569579e-10,19290.0,ASK
1263,1712316030.5088162,63979.05087322,19000.0,-0.0,19290.0,ASK
1264,1712316043.9788032,64006.82845811,19000.0,-1.1024779224799969e-08,19290.0,ASK
1265,1712316043.98185,64036.12854157,19000.0,-1.1629051002593511e-08,19290.0,ASK
1266,1712316060.7388227,64036.12854157,19000.0,-0.0,19290.0,ASK
1267,1712316088.819004,64036.8122363,19000.0,2.7123814160021416e-10,19290.0,BID
1268,1712316090.7387736,64036.8122363,19000.0,0.0,19290.0,BID
1269,1712316106.2691517,64040.1352923,19000.0,1.318329437492584e-09,19290.0,BID
1270,1712316106.272358,64042.94342921,19030.0,1.114049703934118e-09,19290.0,BID
1271,1712316106.2754564,64059.68688479,19010.0,6.642497260490073e-09,19290.0,BID
1272,1712316120.5292988,64059.68688479,19010.0,0.0,19290.0,BID
1273,1712316132.2094944,64174.8750471,19030.0,4.568979613221842e-08,19290.0,BID
1274,1712316132.2114396,64263.53078522,19030.0,3.516561528043528e-08,19290.0,BID
1275,1712316150.5533905,64263.53078522,19030.0,0.0,19290.0,BID
1276,1712316154.1293545,64264.059893,19020.0,2.095500611988459e-10,19290.0,BID
1277,1712316180.793979,64264.059893,19020.0,0.0,19290.0,BID
1278,1712316190.2296166,64291.33618849,19030.0,1.0802575249175548e-08,19290.0,BID
1279,1712316210.7597592,64291.33618849,19030.0,0.0,19290.0,BID
1280,1712316240.561172,64291.33618849,19030.0,0.0,19290.0,BID
1281,1712316251.2403443,64395.96278023,19030.0,-4.1428071944809095e-08,19290.0,ASK
1282,1712316251.2435305,64511.56971664,19030.0,-4.5775862515085766e-08,19290.0,ASK
1283,1712316259.0503173,64557.08381553,19020.0,1.802181770389508e-08,19290.0,BID
1284,1712316270.5004206,64557.08381553,19020.0,0.0,19290.0,BID
1285,1712316300.7505198,64557.08381553,19020.0,0.0,19290.0,BID
1286,1712316324.1607249,64568.71036531,18920.0,-4.5955409713620215e-09,19290.0,ASK
1287,1712316324.331888,64610.56381812,18920.0,1.6543107011180308e-08,19290.0,BID
1288,1712316330.7806015,64610.56381812,18920.0,0.0,19290.0,BID
1289,1712316360.503091,64610.56381812,18920.0,0.0,19290.0,BID
1290,1712316390.5339804,64610.56381812,18920.0,0.0,19290.0,BID
1291,1712316397.5712457,64611.09235934,18950.0,-2.0882908779179007e-10,19290.0,ASK
1292,1712316397.5745242,64662.58566518,18940.0,-2.034524400177037e-08,19290.0,ASK
1293,1712316397.7109995,64707.68528976,18920.0,1.7819070877278282e-08,19290.0,BID
1294,1712316420.7611215,64707.68528976,18920.0,0.0,19290.0,BID
1295,1712316450.7713735,64707.68528976,18920.0,0.0,19290.0,BID
1296,1712316464.1512363,64712.21457169,18920.0,1.7882412631723111e-09,19290.0,BID
1297,1712316480.5314732,64712.21457169,18920.0,0.0,19290.0,BID
1298,1712316510.5598063,64712.21457169,18920.0,0.0,19290.0,BID
1299,1712316540.7715151,64712.21457169,18920.0,0.0,19290.0,BID
1300,1712316552.7319667,64760.53941238,18920.0,-1.907886323231664e-08,19290.0,ASK
1301,1712316570.7842834,64760.53941238,18920.0,-0.0,19290.0,ASK
1302,1712316580.123659,64786.42424891,18910.0,-1.0215761624477434e-08,19290.0,ASK
1303,1712316600.6220093,64786.42424891,18910.0,-0.0,19290.0,ASK
1304,1712316630.5520985,64786.42424891,18910.0,-0.0,19290.0,ASK
1305,1712316660.7822356,64786.42424891,18910.0,-0.0,19290.0,ASK
1306,1712316668.212234,64786.68732097,19010.0,1.0381309739456279e-10,19290.0,BID
1307,1712316690.8122509,64786.68732097,19010.0,0.0,19290.0,BID
1308,1712316720.5026836,64786.68732097,19010.0,0.0,19290.0,BID
1309,1712316744.2725322,64787.18732097,19010.0,1.973088524139063e-10,19290.0,BID
1310,1712316750.5168395,64787.18732097,19010.0,0.0,19290.0,BID
1311,1712316758.0851498,64792.48673803,18870.0,-2.0912359532482244e-09,19290.0,ASK
1312,1712316758.0886014,65331.82077471,18900.0,-2.1282996139877665e-07,19290.0,ASK
1313,1712316758.0912502,65332.35127868,18850.0,-2.0934547382024263e-10,19290.0,ASK
1314,1712316758.0939207,65358.91876008,18820.0,-1.0483959209457077e-08,19290.0,ASK
1315,1712316758.0964763,65469.43726008,18810.0,-4.361239322784692e-08,19290.0,ASK
1316,1712316758.0990083,65474.83868411,18890.0,-2.131489558642185e-09,19290.0,ASK
1317,1712316758.1014104,65475.36862581,18870.0,-2.0912359295664767e-10,19290.0,ASK
1318,1712316758.102917,65574.98477275,18790.0,-3.93101478231288e-08,19290.0,ASK
1319,1712316758.1044323,65862.95982777,18800.0,-1.1363962901544221e-07,19290.0,ASK
1320,1712316758.1059265,66171.4861013,18790.0,-1.2174947327653808e-07,19290.0,ASK
1321,1712316758.1074374,66292.87673637,18780.0,-4.7902714123435455e-08,19290.0,ASK
1322,1712316758.108946,66298.71847826,18830.0,-2.305246130212649e-09,19290.0,ASK
1323,1712316758.112201,66314.67592507,18800.0,-6.297067415775087e-09,19290.0,ASK
1324,1712316758.1137495,66315.20755718,18810.0,-2.0979065616804523e-10,19290.0,ASK
1325,1712316758.1152968,66315.74003854,18780.0,-2.1012578399905228e-10,19290.0,ASK
1326,1712316758.1168284,66321.06768904,18770.0,-2.1023773267551597e-09,19290.0,ASK
1327,1712316758.118444,66341.60997962,18790.0,-8.106321155058888e-09,19290.0,ASK
1328,1712316758.1200268,66417.77469145,18770.0,-3.005583103657544e-08,19290.0,ASK
1329,1712316767.8231928,66481.63844877,18790.0,-2.5201674807814847e-08,19290.0,ASK
1330,1712316767.826761,66561.46814542,18790.0,-3.150209350977286e-08,19290.0,ASK
1331,1712316767.8298285,66630.69072263,18780.0,-2.731635208157191e-08,19290.0,ASK
1332,1712316767.832481,66673.26656084,18790.0,-1.680111653723013e-08,19290.0,ASK
1333,1712316767.8404732,66699.87645972,18790.0,-1.0500697835277854e-08,19290.0,ASK
1334,1712316767.8420742,66751.2425367,18780.0,-2.0269887374721952e-08,19290.0,ASK
1335,1712316780.7825544,66751.2425367,18780.0,-0.0,19290.0,ASK
1336,1712316810.7728095,66751.2425367,18780.0,-0.0,19290.0,ASK
1337,1712316839.6044765,66797.28574337,18770.0,-1.7908154798651163e-08,19290.0,ASK
1338,1712316840.5430455,66797.28574337,18770.0,-0.0,19290.0,ASK
1339,1712316870.579357,66797.28574337,18770.0,-0.0,19290.0,ASK
1340,1712316882.0431995,66820.16039186,18770.0,-8.893930859913247e-09,19290.0,ASK
1341,1712316885.0931084,66820.42592558,18830.0,1.0324261584462914e-10,19290.0,BID
1342,1712316900.764552,66820.42592558,18830.0,0.0,19290.0,BID
1343,1712316930.7929478,66820.42592558,18830.0,0.0,19290.0,BID
1344,1712316939.263584,66835.17287377,18770.0,-5.793283907258502e-09,19290.0,ASK
1345,1712316939.2662013,66840.50052427,18770.0,-2.092947741285466e-09,19290.0,ASK
1346,1712316939.2678125,66842.09967139,18760.0,-6.282190156394885e-10,19290.0,ASK
1347,1712316939.2693942,66844.16576947,18760.0,-8.116589685862631e-10,19290.0,ASK
1348,1712316939.27098,66988.95047659,18750.0,-5.6878135256758816e-08,19290.0,ASK
1349,1712316939.403162,66995.54037944,18750.0,2.5888188959104486e-09,19290.0,BID
1350,1712316960.4942718,66995.54037944,18750.0,0.0,19290.0,BID
1351,1712316972.243982,67000.06167661,18740.0,-1.7738864378317371e-09,19290.0,ASK
1352,1712316972.2468622,67001.06167661,18740.0,-3.9234015618437636e-10,19290.0,ASK
1353,1712316990.553344,67001.06167661,18740.0,-0.0,19290.0,ASK
1354,1712317010.8379943,67043.60037534,18810.0,1.668896221374611e-08,19290.0,BID
1355,1712317010.839717,67054.19831934,18810.0,4.157830216714048e-09,19290.0,BID
1356,1712317020.7533116,67054.19831934,18810.0,0.0,19290.0,BID
1357,1712317050.8034122,67054.19831934,18810.0,0.0,19290.0,BID
1358,1712317052.4934618,67065.19831934,18750.0,-4.313874935367117e-09,19290.0,ASK
1359,1712317080.543417,67065.19831934,18750.0,-0.0,19290.0,ASK
1360,1712317102.9636762,67066.53609534,18750.0,-5.245937822903133e-10,19290.0,ASK
1361,1712317102.9673765,67110.50061974,18750.0,-1.724019278383854e-08,19290.0,ASK
1362,1712317103.4035044,67134.51251621,18750.0,9.415994597865994e-09,19290.0,BID
1363,1712317110.513504,67134.51251621,18750.0,0.0,19290.0,BID
1364,1712317121.3137426,67149.35631569,18750.0,5.817863669420617e-09,19290.0,BID
1365,1712317130.8687682,67203.65632246,18750.0,-2.128228942070908e-08,19290.0,ASK
1366,1712317130.8705726,67219.64779368,18760.0,-6.267680963808035e-09,19290.0,ASK
1367,1712317135.2157412,67229.34778691,18750.0,-3.8018054799594006e-09,19290.0,ASK
1368,1712317135.217488,67230.34778691,18740.0,-3.9193898282294476e-10,19290.0,ASK
1369,1712317135.2191582,67258.46945179,18740.0,-1.1021976728356364e-08,19290.0,ASK
1370,1712317135.2208056,67271.46945179,18730.0,-5.0952067766982825e-09,19290.0,ASK
1371,1712317135.222468,67282.44815462,18740.0,-4.302981619901921e-09,19290.0,ASK
1372,1712317135.2241433,67368.3143421,18730.0,-3.365430617979619e-08,19290.0,ASK
1373,1712317135.2258198,67370.94411798,18740.0,-1.0307116834620587e-09,19290.0,ASK
1374,1712317135.2274992,67378.203425,18730.0,-2.8452054094161436e-09,19290.0,ASK
1375,1712317135.229189,67380.203425,18740.0,-7.838779656458891e-10,19290.0,ASK
1376,1712317135.230856,67381.53349712,18730.0,-5.213071137965684e-10,19290.0,ASK
1377,1712317135.23255,67381.8409873,18730.0,-1.2051738837691082e-10,19290.0,ASK
1378,1712317140.7635834,67381.8409873,18730.0,-0.0,19290.0,ASK
1379,1712317168.8538773,67383.44269579,18730.0,-6.26633638682518e-10,19290.0,ASK
1380,1712317170.7636793,67383.44269579,18730.0,-0.0,19290.0,ASK
1381,1712317174.353795,67383.97123701,18920.0,2.0677783924763359e-10,19290.0,BID
1382,1712317200.5736077,67383.97123701,18920.0,0.0,19290.0,BID
1383,1712317212.253883,67384.24651493,18890.0,1.0785592582894539e-10,19290.0,BID
1384,1712317230.5638766,67384.24651493,18890.0,0.0,19290.0,BID
1385,1712317248.8342018,67437.38251672,18890.0,2.0819036236721195e-08,19290.0,BID
1386,1712317248.838179,67592.02954668,18890.0,6.05917271187031e-08,19290.0,BID
1387,1712317248.8421123,67711.245694,18890.0,4.670967343132608e-08,19290.0,BID
1388,1712317260.7539458,67711.245694,18890.0,0.0,19290.0,BID
1389,1712317290.76386,67711.245694,18890.0,0.0,19290.0,BID
1390,1712317320.5240052,67711.245694,18890.0,0.0,19290.0,BID
1391,1712317337.6738005,67737.35535457,18750.0,-1.0205238685493654e-08,19290.0,ASK
1392,1712317350.5179083,67737.35535457,18750.0,-0.0,19290.0,ASK
1393,1712317375.434518,67750.07624064,18770.0,4.9711424732846415e-09,19290.0,BID
1394,1712317375.43765,67774.79508514,18770.0,9.659775043043236e-09,19290.0,BID
1395,1712317375.4659622,67814.9657181,18770.0,1.569811557050605e-08,19290.0,BID
1396,1712317380.754056,67814.9657181,18770.0,0.0,19290.0,BID
1397,1712317410.7841294,67814.9657181,18770.0,0.0,19290.0,BID
1398,1712317440.4947314,67814.9657181,18770.0,0.0,19290.0,BID
1399,1712317470.5342112,67814.9657181,18770.0,0.0,19290.0,BID
1400,1712317492.954497,67815.49848315,18900.0,2.0807859705611638e-10,19290.0,BID
1401,1712317500.5444503,67815.49848315,18900.0,0.0,19290.0,BID
1402,1712317530.5367498,67815.49848315,18900.0,0.0,19290.0,BID
1403,1712317560.784439,67815.49848315,18900.0,0.0,19290.0,BID
1404,1712317590.764304,67815.49848315,18900.0,0.0,19290.0,BID
1405,1712317620.536499,67815.49848315,18900.0,0.0,19290.0,BID
1406,1712317650.5240169,67815.49848315,18900.0,0.0,19290.0,BID
1407,1712317680.743971,67815.49848315,18900.0,0.0,19290.0,BID
1408,1712317710.7838008,67815.49848315,18900.0,0.0,19290.0,BID
1409,1712317740.543964,67815.49848315,18900.0,0.0,19290.0,BID
1410,1712317770.4991066,67815.49848315,18900.0,0.0,19290.0,BID
1411,1712317800.583499,67815.49848315,18900.0,0.0,19290.0,BID
1412,1712317830.5221994,67815.49848315,18900.0,0.0,19290.0,BID
1413,1712317833.6234891,67836.12267001,18810.0,-8.102034821766017e-09,19290.0,ASK
1414,1712317833.703653,67868.63512588,18810.0,-1.2772239283330222e-08,19290.0,ASK
1415,1712317833.7072325,67882.88320582,18810.0,-5.597235934726252e-09,19290.0,ASK
1416,1712317833.7251563,67887.25155331,18810.0,-1.7160678245268175e-09,19290.0,ASK
1417,1712317833.7270713,67893.28981598,18810.0,-2.372079672640375e-09,19290.0,ASK
1418,1712317833.7338915,67940.41476437,18810.0,-1.8512631572904323e-08,19290.0,ASK
1419,1712317859.7836227,67993.71966842,18760.0,-2.0940374120729943e-08,19290.0,ASK
1420,1712317859.7877977,68107.87828945,18760.0,-4.4846234620971016e-08,19290.0,ASK
1421,1712317860.7934003,68107.87828945,18760.0,-0.0,19290.0,ASK
1422,1712317875.7536054,68109.47914323,18740.0,-6.275279623421064e-10,19290.0,ASK
1423,1712317875.757694,68112.57705903,18740.0,-1.214369990423248e-09,19290.0,ASK
1424,1712317878.183529,68124.46345485,18740.0,-4.659417269547484e-09,19290.0,ASK
1425,1712317878.2436204,68144.46345485,18730.0,-7.839916052103899e-09,19290.0,ASK
1426,1712317878.247627,68165.46345485,18730.0,-8.231911854709094e-09,19290.0,ASK
1427,1712317878.3234346,68184.14403667,18720.0,-7.322709663660434e-09,19290.0,ASK
1428,1712317888.833959,68192.1461605,18720.0,-3.136798953285431e-09,19290.0,ASK
1429,1712317888.8372033,68335.73451589,18720.0,-5.6286032615865283e-08,19290.0,ASK
1430,1712317888.8403437,68346.42398676,18710.0,-4.190227713109847e-09,19290.0,ASK
1431,1712317888.8434522,68350.09635447,18710.0,-1.439552727946373e-09,19290.0,ASK
1432,1712317888.8465717,68360.09635447,18720.0,-3.9199580260519495e-09,19290.0,ASK
1433,1712317888.8495617,68370.09635447,18710.0,-3.9199580260519495e-09,19290.0,ASK
1434,1712317888.8513958,68371.16473053,18720.0,-4.187989311211985e-10,19290.0,ASK
1435,1712317888.8532326,68374.3026247,18710.0,-1.230041343657344e-09,19290.0,ASK
1436,1712317890.8060024,68374.3026247,18710.0,-0.0,19290.0,ASK
1437,1712317893.253535,68374.83738405,18700.0,-2.0921435471431568e-10,19290.0,ASK
1438,1712317893.2576845,68384.79593054,18700.0,-3.896090601838253e-09,19290.0,ASK
1439,1712317893.2738793,68385.33068989,18700.0,-2.0921435471431568e-10,19290.0,ASK
1440,1712317893.2776182,69071.24781246,18700.0,-2.683519384649305e-07,19290.0,ASK
1441,1712317893.280745,69073.17054488,18680.0,-7.522322378017557e-10,19290.0,ASK
1442,1712317893.2839184,69075.31072679,18690.0,-8.373051864691724e-10,19290.0,ASK
1443,1712317893.287105,69436.77104207,18700.0,-1.4141442616288317e-07,19290.0,ASK
1444,1712317902.313666,69437.49830965,18680.0,-2.8452951304363566e-10,19290.0,ASK
1445,1712317902.316987,69438.07309166,18680.0,-2.24872453981658e-10,19290.0,ASK
1446,1712317907.3137574,69438.79830965,18680.0,-2.83727650208903e-10,19290.0,ASK
1447,1712317907.3176773,69574.9136827,18670.0,-5.325253301155098e-08,19290.0,ASK
1448,1712317909.143708,69576.19779184,18690.0,5.02383109530229e-10,19290.0,BID
1449,1712317911.2150676,69577.19779184,18670.0,-3.9123084937647877e-10,19290.0,ASK
1450,1712317911.2171052,69640.06169568,18670.0,-2.4594298494444373e-08,19290.0,ASK
1451,1712317920.5046508,69640.06169568,18670.0,-0.0,19290.0,ASK
1452,1712317922.5834265,69646.49256384,18660.0,-2.4928751654214664e-09,19290.0,ASK
1453,1712317922.5935214,69647.49256384,18660.0,-3.876420886566736e-10,19290.0,ASK
1454,1712317937.2333982,69647.76119654,18650.0,-1.0413334090847256e-10,19290.0,ASK
1455,1712317937.2438035,69648.42141101,18650.0,-2.5592691611252217e-10,19290.0,ASK
1456,1712317937.2477612,69662.13191441,18640.0,-5.3147681745095845e-09,19290.0,ASK
1457,1712317937.2523615,69663.74049349,18650.0,-6.235529543402e-10,19290.0,ASK
1458,1712317937.2546,69664.01427365,18650.0,-1.0612871305573163e-10,19290.0,ASK
1459,1712317950.563098,69664.01427365,18650.0,-0.0,19290.0,ASK
1460,1712317954.043555,69711.40340768,18650.0,1.8366842833816008e-08,19290.0,BID
1461,1712317961.6535363,69727.36934701,18660.0,6.187998670383065e-09,19290.0,BID
1462,1712317961.6632066,69864.48550094,18660.0,5.3142791079814304e-08,19290.0,BID
1463,1712317961.7532728,69877.93967303,18670.0,5.214500524101567e-09,19290.0,BID
1464,1712317962.9440691,69929.43297887,18690.0,1.9957517154838583e-08,19290.0,BID
1465,1712317963.043634,70015.86339235,18690.0,3.349826606757379e-08,19290.0,BID
1466,1712317963.0695107,70030.08991359,18690.0,5.513843733069427e-09,19290.0,BID
1467,1712317964.243514,70034.99869272,18700.0,1.9025199896983007e-09,19290.0,BID
1468,1712317967.4233382,70038.13120577,18750.0,1.214083693276259e-09,19290.0,BID
1469,1712317980.7731502,70038.13120577,18750.0,0.0,19290.0,BID
1470,1712318010.8369582,70038.13120577,18750.0,0.0,19290.0,BID
1471,1712318030.9434958,70045.49101597,18670.0,2.84477610621301e-09,19290.0,BID
1472,1712318030.9481163,70080.47221948,18670.0,1.3521230739331866e-08,19290.0,BID
1473,1712318030.9653027,70148.53969174,18670.0,2.631001526312397e-08,19290.0,BID
1474,1712318032.926296,70161.97203213,18670.0,5.191981851921445e-09,19290.0,BID
1475,1712318040.5095394,70161.97203213,18670.0,0.0,19290.0,BID
1476,1712318041.4233258,70203.57305226,18870.0,-1.6065620491397543e-08,19290.0,ASK
1477,1712318067.3476963,70206.22838948,18830.0,-1.0254469702877411e-09,19290.0,ASK
1478,1712318070.5130768,70206.22838948,18830.0,-0.0,19290.0,ASK
1479,1712318100.763019,70206.22838948,18830.0,-0.0,19290.0,ASK
1480,1712318130.7731814,70206.22838948,18830.0,-0.0,19290.0,ASK
1481,1712318133.4635403,70229.92082137,18700.0,-9.172888785226849e-09,19290.0,ASK
1482,1712318133.467995,70238.09243621,18690.0,-3.163766154148215e-09,19290.0,ASK
1483,1712318160.5506675,70238.09243621,18690.0,-0.0,19290.0,ASK
1484,1712318176.6720471,70290.47628396,18690.0,-2.0276533907422572e-08,19290.0,ASK
1485,1712318186.082986,70295.82673874,18690.0,-2.0710330078176076e-09,19290.0,ASK
1486,1712318186.0856953,70374.62458005,18690.0,-3.0500758722027565e-08,19290.0,ASK
1487,1712318186.262947,70377.27991727,18690.0,1.0278174950783032e-09,19290.0,BID
1488,1712318190.5682647,70377.27991727,18690.0,0.0,19290.0,BID
1489,1712318191.743176,70645.09693171,18690.0,1.0356127684985026e-07,19290.0,BID
1490,1712318194.8831336,70665.00811917,18690.0,7.699391322342397e-09,19290.0,BID
1491,1712318220.7629824,70665.00811917,18690.0,0.0,19290.0,BID
1492,1712318224.3782716,70674.83230869,18680.0,-3.79100016081611e-09,19290.0,ASK
1493,1712318250.803017,70674.83230869,18680.0,-0.0,19290.0,ASK
1494,1712318280.5428646,70674.83230869,18680.0,-0.0,19290.0,ASK
1495,1712318296.4229374,70676.67330869,18700.0,-7.103626285327712e-10,19290.0,ASK
1496,1712318296.4253669,70682.01555735,18700.0,-2.061343726444494e-09,19290.0,ASK
1497,1712318304.1929786,70682.36200935,18690.0,-1.3368090895669306e-10,19290.0,ASK
1498,1712318310.565267,70682.36200935,18690.0,-0.0,19290.0,ASK
1499,1712318311.9544458,70699.30441512,18680.0,-6.536989714224421e-09,19290.0,ASK
1500,1712318311.9592254,70701.98107464,18680.0,-1.0327515459301023e-09,19290.0,ASK
1501,1712318340.7744324,70701.98107464,18680.0,-0.0,19290.0,ASK
1502,1712318370.7629502,70701.98107464,18680.0,-0.0,19290.0,ASK
1503,1712318400.613128,70701.98107464,18680.0,-0.0,19290.0,ASK
1504,1712318414.7029808,70703.25302324,18680.0,4.922088043037302e-10,19290.0,BID
1505,1712318430.522806,70703.25302324,18680.0,0.0,19290.0,BID
1506,1712318460.7628531,70703.25302324,18680.0,0.0,19290.0,BID
1507,1712318471.1130304,70706.05444124,18680.0,1.0840610431684576e-09,19290.0,BID
1508,1712318474.353056,70707.36540086,18680.0,-5.07300321908699e-10,19290.0,ASK
1509,1712318474.8930285,70712.64802103,18680.0,-2.044208587278363e-09,19290.0,ASK
1510,1712318479.2129338,70712.91554376,18690.0,1.0352291937352524e-10,19290.0,BID
1511,1712318490.7730992,70712.91554376,18690.0,0.0,19290.0,BID
1512,1712318512.1828644,70714.14083048,18680.0,-4.741144767375026e-10,19290.0,ASK
1513,1712318512.1852436,70715.8948905,18680.0,-6.787188949118823e-10,19290.0,ASK
1514,1712318515.0938947,70733.55767817,18690.0,6.834468371518299e-09,19290.0,BID
1515,1712318515.098542,70776.0750372,18690.0,1.6451737458451328e-08,19290.0,BID
1516,1712318520.5686915,70776.0750372,18690.0,0.0,19290.0,BID
1517,1712318532.3928976,70777.73616676,18690.0,-6.424667791616351e-10,19290.0,ASK
1518,1712318550.562866,70777.73616676,18690.0,-0.0,19290.0,ASK
1519,1712318560.4130464,71077.73616676,18690.0,-1.1602810765153133e-07,19290.0,ASK
1520,1712318580.7829363,71077.73616676,18690.0,-0.0,19290.0,ASK
1521,1712318583.9428065,71082.73616676,18700.0,1.92961729302649e-09,19290.0,BID
1522,1712318589.6137888,71088.8296805,18700.0,2.35162989759731e-09,19290.0,BID
1523,1712318610.775915,71088.8296805,18700.0,0.0,19290.0,BID
1524,1712318640.828445,71088.8296805,18700.0,0.0,19290.0,BID
1525,1712318670.9980874,71088.8296805,18700.0,0.0,19290.0,BID
1526,1712318671.2057714,71089.09597442,18780.0,1.027608436463201e-10,19290.0,BID
1527,1712318680.2230723,71098.68727993,18690.0,-3.701213478319734e-09,19290.0,ASK
1528,1712318680.22552,71297.20776595,18680.0,-7.660757941794035e-08,19290.0,ASK
1529,1712318680.229007,71363.18896154,18690.0,-2.5461652762333803e-08,19290.0,ASK
1530,1712318680.2326915,71363.56967053,18680.0,-1.4691276840908769e-10,19290.0,ASK
1531,1712318684.2470305,71363.83596445,18780.0,1.027608436463201e-10,19290.0,BID
1532,1712318686.512699,71371.96387501,18680.0,-3.136500248463749e-09,19290.0,ASK
1533,1712318693.6428814,71372.23016893,18780.0,1.027608436463201e-10,19290.0,BID
1534,1712318698.056816,71439.37940244,18680.0,-2.5912389910496112e-08,19290.0,ASK
1535,1712318700.562973,71439.37940244,18680.0,-0.0,19290.0,ASK
1536,1712318728.272809,71592.76842833,18670.0,-5.982578956970099e-08,19290.0,ASK
1537,1712318730.6677485,71592.76842833,18670.0,-0.0,19290.0,ASK
1538,1712318758.483014,71593.21538225,18660.0,-1.7412939327556848e-10,19290.0,ASK
1539,1712318758.4879963,71594.38179531,18660.0,-4.5442447053430623e-10,19290.0,ASK
1540,1712318760.7529683,71594.38179531,18660.0,-0.0,19290.0,ASK
1541,1712318786.203169,71597.44968515,18660.0,-1.1952094097554801e-09,19290.0,ASK
1542,1712318788.7131326,71599.59445726,18650.0,-8.355749200056103e-10,19290.0,ASK
1543,1712318788.7177286,71613.25990605,18650.0,-5.32387857261216e-09,19290.0,ASK
1544,1712318788.7215147,71762.17644877,18650.0,-5.8015920521695714e-08,19290.0,ASK
1545,1712318788.872921,71867.78154143,18650.0,-4.114235094732952e-08,19290.0,ASK
1546,1712318788.875187,71905.73463755,18640.0,-1.4786025567292576e-08,19290.0,ASK
1547,1712318788.877597,71941.22832012,18630.0,-1.3827870493040309e-08,19290.0,ASK
1548,1712318788.8813183,71950.34849178,18640.0,-3.55309856451e-09,19290.0,ASK
1549,1712318790.7935014,71950.34849178,18640.0,-0.0,19290.0,ASK
1550,1712318811.6428452,71961.94035068,18640.0,-4.5043872642473104e-09,19290.0,ASK
1551,1712318811.6695888,72011.36589916,18640.0,-1.9205876557175527e-08,19290.0,ASK
