,time,acc_trade_volume,trade_price,dev,high,ask_bid
0,1712300395.4713888,1715995.73974696,2847.0,0.0,2930.0,ASK
1,1712300400.12527,1715995.73974696,2847.0,-0.0,2930.0,ASK
2,1712300407.30543,1715997.73974696,2847.0,-1.539029520403762e-10,2930.0,ASK
3,1712300407.4051998,1716495.73974696,2847.0,3.832183505805368e-08,2930.0,BID
4,1712300430.0978887,1716495.73974696,2847.0,0.0,2930.0,BID
5,1712300434.1253684,1716518.19090493,2846.0,-1.7274605173841435e-09,2930.0,ASK
6,1712300436.7752967,1716545.73974695,2846.0,-2.119691864143644e-09,2930.0,ASK
7,1712300436.8153267,1716545.73974696,2846.0,-7.703320702482905e-19,2930.0,ASK
8,1712300437.7854433,1716558.67713352,2842.0,-9.95441950484012e-10,2930.0,ASK
9,1712300437.7869918,1716572.73974695,2843.0,-1.0820203351866402e-09,2930.0,ASK
10,1712300439.0079312,1716600.61869986,2846.0,-2.145091602070554e-09,2930.0,ASK
11,1712300440.05766,1716627.61869986,2842.0,-2.0774622864409843e-09,2930.0,ASK
12,1712300449.545478,1716652.73484477,2843.0,-1.9325127344921862e-09,2930.0,ASK
13,1712300451.0753708,1716660.6975267,2840.0,-6.12673015133213e-10,2930.0,ASK
14,1712300460.1454008,1716660.6975267,2840.0,-0.0,2930.0,ASK
15,1712300465.1754055,1716805.22353346,2841.0,-1.1119870025483413e-08,2930.0,ASK
16,1712300490.1363325,1716805.22353346,2841.0,-0.0,2930.0,ASK
17,1712300505.145668,1716811.470551,2850.0,4.806320341881036e-10,2930.0,BID
18,1712300520.097473,1716811.470551,2850.0,0.0,2930.0,BID
19,1712300550.09754,1716811.470551,2850.0,0.0,2930.0,BID
20,1712300580.1357358,1716811.470551,2850.0,0.0,2930.0,BID
21,1712300584.0475912,1717021.470551,2844.0,-1.615692420823626e-08,2930.0,ASK
22,1712300590.836073,1717022.33558261,2844.0,-6.655357219363454e-11,2930.0,ASK
23,1712300609.615909,1717026.01974615,2844.0,-2.8345119564268587e-10,2930.0,ASK
24,1712300610.1491108,1717026.01974615,2844.0,-0.0,2930.0,ASK
25,1712300611.4468071,1718019.58133385,2843.0,7.643878899701883e-08,2930.0,BID
26,1712300620.518393,1718235.02658226,2843.0,1.6575091154371944e-08,2930.0,BID
27,1712300620.5197444,1718547.19301165,2843.0,2.4016250349740372e-08,2930.0,BID
28,1712300640.095972,1718547.19301165,2843.0,0.0,2930.0,BID
29,1712300642.9061024,1718648.90866604,2843.0,7.822801848501692e-09,2930.0,BID
30,1712300642.907639,1719004.40106652,2843.0,2.7340399314895225e-08,2930.0,BID
31,1712300652.0560858,1719090.41796792,2840.0,-6.6154337727870865e-09,2930.0,ASK
32,1712300652.0578325,1719119.40106652,2840.0,-2.229047619692408e-09,2930.0,ASK
33,1712300652.206586,1719293.84747496,2840.0,-1.3416417508100121e-08,2930.0,ASK
34,1712300652.2083156,1719346.40106652,2840.0,-4.041819675315924e-09,2930.0,ASK
35,1712300652.337045,1719347.27001017,2840.0,-6.682918212100283e-11,2930.0,ASK
36,1712300652.3460453,1719364.27001017,2840.0,-1.307445075410012e-09,2930.0,ASK
37,1712300653.3660655,1719381.27001017,2838.0,-1.307445075410012e-09,2930.0,ASK
38,1712300655.6560671,1719381.88270242,2838.0,-4.712126264261318e-11,2930.0,ASK
39,1712300655.6575725,1719452.3548659,2838.0,-5.4199107703191636e-09,2930.0,ASK
40,1712300660.06627,1719452.35486591,2838.0,-7.699865278435996e-19,2930.0,ASK
41,1712300670.1093953,1719452.35486591,2838.0,-0.0,2930.0,ASK
42,1712300700.1361368,1719452.35486591,2838.0,-0.0,2930.0,ASK
43,1712300701.0061753,1719473.98878896,2835.0,-1.66582541893127e-09,2930.0,ASK
44,1712300701.19094,1719575.25637811,2835.0,-7.797666827692023e-09,2930.0,ASK
45,1712300704.0964186,1719622.89214627,2833.0,-3.667983530669477e-09,2930.0,ASK
46,1712300704.0981998,1719626.42321972,2832.0,-2.7189483365180707e-10,2930.0,ASK
47,1712300704.100176,1719697.01976048,2833.0,-5.4359771833691715e-09,2930.0,ASK
48,1712300704.1022885,1719980.27921647,2832.0,-2.1811152829283545e-08,2930.0,ASK
49,1712300704.1963267,1720098.27921647,2833.0,9.086072783906986e-09,2930.0,BID
50,1712300704.1981478,1720334.31482208,2835.0,1.8174887221754856e-08,2930.0,BID
51,1712300716.4276602,1720672.77005534,2832.0,-2.6061261724516852e-08,2930.0,ASK
52,1712300716.5262487,1720814.06288472,2831.0,-1.0879635013492236e-08,2930.0,ASK
53,1712300716.5280645,1721015.02155655,2831.0,-1.5473941684777236e-08,2930.0,ASK
54,1712300717.8199117,1721050.35724559,2830.0,-2.7208698515945713e-09,2930.0,ASK
55,1712300717.8220646,1721050.3572456,2831.0,-7.709084364932868e-19,2930.0,ASK
56,1712300717.8244178,1721053.3572456,2830.0,-2.3100185043831318e-10,2930.0,ASK
57,1712300717.8256876,1721906.74770482,2830.0,-6.57115917420682e-08,2930.0,ASK
58,1712300717.826783,1721910.28252277,2829.0,-2.7218316247867576e-10,2930.0,ASK
59,1712300718.2204752,1722015.32144348,2829.0,8.088061684007226e-09,2930.0,BID
60,1712300720.8495016,1722194.32144348,2829.0,1.3783110409486022e-08,2930.0,BID
61,1712300721.066172,1722265.04280133,2828.0,-5.445588176296339e-09,2930.0,ASK
62,1712300722.066253,1722581.04280133,2828.0,2.4332194912835656e-08,2930.0,BID
63,1712300730.136635,1722581.04280133,2828.0,0.0,2930.0,BID
64,1712300736.3562808,1722581.44346045,2828.0,3.082997296949021e-11,2930.0,BID
65,1712300742.1962624,1722586.45628977,2828.0,-3.85727878749933e-10,2930.0,ASK
66,1712300742.3361602,1723737.02515254,2828.0,8.853413081865779e-08,2930.0,BID
67,1712300742.3374562,1724109.45628977,2828.0,2.8657882280145897e-08,2930.0,BID
68,1712300742.4362402,1724110.1179044,2828.0,5.0910013377718665e-11,2930.0,BID
69,1712300758.4960134,1724145.1179044,2828.0,-2.693184805290957e-09,2930.0,ASK
70,1712300760.0963526,1724145.1179044,2828.0,-0.0,2930.0,ASK
71,1712300760.3163345,1724145.47858332,2828.0,-2.7744128141960637e-11,2930.0,ASK
72,1712300761.1202552,1724850.07134523,2828.0,5.4198653670303334e-08,2930.0,BID
73,1712300761.121187,1725144.47858332,2828.0,2.2646380715027e-08,2930.0,BID
74,1712300761.3019185,1725144.62771099,2828.0,1.1471192110711226e-11,2930.0,BID
75,1712300762.086541,1725169.24200682,2825.0,-1.8933797892177064e-09,2930.0,ASK
76,1712300762.0885732,1725204.62771099,2826.0,-2.721937591282613e-09,2930.0,ASK
77,1712300780.4668384,1725209.62771099,2825.0,-3.8460978170835997e-10,2930.0,ASK
78,1712300790.096428,1725209.62771099,2825.0,-0.0,2930.0,ASK
79,1712300796.148635,1725923.62261869,2825.0,-5.4909170560803686e-08,2930.0,ASK
80,1712300796.1503198,1725959.02084877,2825.0,-2.722270750187881e-09,2930.0,ASK
81,1712300796.1516724,1725994.99035957,2823.0,-2.766204607630392e-09,2930.0,ASK
82,1712300796.1530402,1726495.16027106,2823.0,-3.846514125410176e-08,2930.0,ASK
83,1712300796.1543744,1726530.57103593,2824.0,-2.723234727540095e-09,2930.0,ASK
84,1712300796.155766,1726742.61478371,2823.0,-1.6307043912565744e-08,2930.0,ASK
85,1712300796.2464464,1726813.46140078,2823.0,-5.4483987748212714e-09,2930.0,ASK
86,1712300796.248188,1726862.91519851,2823.0,-3.803202214973462e-09,2930.0,ASK
87,1712300796.3678403,1727185.91519851,2823.0,2.484004003371944e-08,2930.0,BID
88,1712300796.4264884,1727487.18961566,2823.0,2.316925257939058e-08,2930.0,BID
89,1712300796.521572,1727509.03452881,2821.0,-1.679964449467206e-09,2930.0,ASK
90,1712300796.5223663,1727537.43252598,2821.0,-2.183923797461173e-09,2930.0,ASK
91,1712300796.52317,1727558.18961566,2821.0,-1.5963063115672243e-09,2930.0,ASK
92,1712300806.4284394,1727608.18961566,2821.0,-3.845207435560284e-09,2930.0,ASK
93,1712300806.4297037,1727779.79161849,2821.0,-1.319690594476206e-08,2930.0,ASK
94,1712300806.5065932,1727779.79161911,2821.0,4.7682725828592835e-17,2930.0,BID
95,1712300806.5084722,1727849.35274011,2821.0,5.349538793900403e-09,2930.0,BID
96,1712300820.1424606,1727849.35274011,2821.0,0.0,2930.0,BID
97,1712300837.1165657,1727957.80125127,2821.0,-8.335362394969064e-09,2930.0,ASK
98,1712300837.1180534,1728749.74267276,2821.0,-6.086868941846175e-08,2930.0,ASK
99,1712300850.1365843,1728749.74267276,2821.0,-0.0,2930.0,ASK
100,1712300853.6574545,1728788.74267276,2821.0,-2.996958453927168e-09,2930.0,ASK
101,1712300860.3665605,1728805.74267276,2821.0,-1.3063665055579963e-09,2930.0,ASK
102,1712300860.5466638,1728844.01181489,2821.0,-2.940795616174782e-09,2930.0,ASK
103,1712300860.5485616,1728939.03912697,2821.0,-7.302382212629742e-09,2930.0,ASK
104,1712300861.777596,1729423.03912697,2821.0,-3.7193022864121785e-08,2930.0,ASK
105,1712300861.7784638,1729743.03912697,2821.0,-2.4590428339915223e-08,2930.0,ASK
106,1712300861.7793648,1729793.03912697,2821.0,-3.842254428111754e-09,2930.0,ASK
107,1712300861.7968993,1730173.10610769,2821.0,-2.9206280792994264e-08,2930.0,ASK
108,1712300861.798791,1730338.03912697,2821.0,-1.267429247342386e-08,2930.0,ASK
109,1712300866.0266275,1730338.31772378,2821.0,-2.1408796524725343e-11,2930.0,ASK
110,1712300867.4966977,1730414.18223784,2821.0,5.8298153016782094e-09,2930.0,BID
111,1712300867.6766202,1730449.63066038,2822.0,2.724037169476233e-09,2930.0,BID
112,1712300880.0784256,1730449.63066038,2822.0,0.0,2930.0,BID
113,1712300902.5869453,1730505.63066038,2822.0,-4.3017397493170185e-09,2930.0,ASK
114,1712300905.501454,1730670.63066038,2822.0,-1.2674768904237641e-08,2930.0,ASK
115,1712300910.099368,1730670.63066038,2822.0,-0.0,2930.0,ASK
116,1712300910.7168696,1730696.63066038,2821.0,-1.9971406337537416e-09,2930.0,ASK
117,1712300910.7184634,1730697.22049028,2821.0,-4.5306663862732036e-11,2930.0,ASK
118,1712300910.720193,1730927.63066038,2821.0,-1.7698519736026286e-08,2930.0,ASK
119,1712300910.7400234,1731054.63066038,2821.0,-9.755263864874048e-09,2930.0,ASK
120,1712300910.7420197,1731478.63066038,2821.0,-3.2568754950445644e-08,2930.0,ASK
121,1712300910.761693,1731859.63066038,2821.0,-2.9265791594622143e-08,2930.0,ASK
122,1712300910.816682,1731957.63066038,2821.0,-7.527683927225642e-09,2930.0,ASK
123,1712300931.817014,1731998.98624228,2821.0,-3.176650501739624e-09,2930.0,ASK
124,1712300931.8771064,1732122.84227647,2821.0,9.513766100626869e-09,2930.0,BID
125,1712300940.138654,1732122.84227647,2821.0,0.0,2930.0,BID
126,1712300945.0569105,1732162.84227647,2822.0,-3.071557495966578e-09,2930.0,ASK
127,1712300970.1367953,1732162.84227647,2822.0,-0.0,2930.0,ASK
128,1712300987.7572598,1732925.0611815,2822.0,-5.8529472453134654e-08,2930.0,ASK
129,1712300987.7594411,1733080.36478272,2820.0,-1.1925495142528948e-08,2930.0,ASK
130,1712300987.7615008,1733087.45195494,2822.0,-5.442117067464866e-10,2930.0,ASK
131,1712300987.7669382,1733222.91294784,2820.0,-1.0401815541559764e-08,2930.0,ASK
132,1712301000.107025,1733222.91294784,2820.0,-0.0,2930.0,ASK
133,1712301030.0969937,1733222.91294784,2820.0,-0.0,2930.0,ASK
134,1712301044.0770164,1733265.15534258,2830.0,3.263621831913119e-09,2930.0,BID
135,1712301044.078731,1733356.57866284,2830.0,7.063310349299291e-09,2930.0,BID
136,1712301044.236908,1733489.57866284,2830.0,-1.0275499443536013e-08,2930.0,ASK
137,1712301044.3769982,1734069.57866284,2830.0,-4.4810448701134486e-08,2930.0,ASK
138,1712301060.1701655,1734069.57866284,2830.0,-0.0,2930.0,ASK
139,1712301072.1471171,1734071.57866284,2830.0,1.5449018963995102e-10,2930.0,BID
140,1712301082.2273104,1734092.57866284,2826.0,-1.622146991219486e-09,2930.0,ASK
141,1712301090.1472113,1734092.57866284,2826.0,-0.0,2930.0,ASK
142,1712301113.1072996,1734399.34724034,2826.0,-2.3696248868560652e-08,2930.0,ASK
143,1712301113.109471,1734399.57866284,2826.0,-1.7876163191652658e-11,2930.0,ASK
144,1712301120.087266,1734399.57866284,2826.0,-0.0,2930.0,ASK
145,1712301121.2974918,1734402.89781178,2826.0,-2.56369506286913e-10,2930.0,ASK
146,1712301127.7674043,1734446.66712709,2826.0,-3.380721371436699e-09,2930.0,ASK
147,1712301127.7696433,1734448.66712708,2826.0,-1.5447906052743811e-10,2930.0,ASK
148,1712301150.097412,1734448.66712708,2826.0,-0.0,2930.0,ASK
149,1712301155.0473294,1734555.28968275,2826.0,-8.235387914693894e-09,2930.0,ASK
150,1712301155.0572505,1734555.28968276,2826.0,-7.73292088577806e-19,2930.0,ASK
151,1712301180.136765,1734555.28968276,2826.0,-0.0,2930.0,ASK
152,1712301185.3466575,1734645.18057876,2826.0,6.942894638692509e-09,2930.0,BID
153,1712301192.3566318,1734645.18057901,2826.0,1.9295886063421696e-17,2930.0,BID
154,1712301200.6864293,1734645.18057987,2828.0,6.642963943921691e-17,2930.0,BID
155,1712301200.688805,1734715.90193687,2828.0,5.462298766670218e-09,2930.0,BID
156,1712301210.1366334,1734715.90193687,2828.0,0.0,2930.0,BID
157,1712301240.099166,1734715.90193687,2828.0,0.0,2930.0,BID
158,1712301248.9850152,1735070.51186594,2828.0,2.7388013134161705e-08,2930.0,BID
159,1712301264.9345236,1735141.10840594,2833.0,5.452467080714282e-09,2930.0,BID
160,1712301270.0927012,1735141.10840594,2833.0,0.0,2930.0,BID
161,1712301276.654281,1735317.4752482,2835.0,1.3620286119949124e-08,2930.0,BID
162,1712301276.6560652,1735317.47524897,2833.0,5.948054392108731e-17,2930.0,BID
163,1712301300.1344795,1735317.47524897,2833.0,0.0,2930.0,BID
164,1712301305.3037298,1735826.17930568,2835.0,3.9374326079742094e-08,2930.0,BID
165,1712301305.3061366,1737748.27425068,2835.0,1.4877253704268765e-07,2930.0,BID
166,1712301305.4035404,1737818.74641368,2838.0,5.4546329814017145e-09,2930.0,BID
167,1712301305.42355,1737818.74641418,2838.0,3.8691905270222086e-17,2930.0,BID
168,1712301330.0956926,1737818.74641418,2838.0,0.0,2930.0,BID
169,1712301343.5927386,1738502.27341347,2838.0,-5.2876816214353134e-08,2930.0,ASK
170,1712301343.5951583,1738870.40941875,2838.0,-2.847855302467565e-08,2930.0,ASK
171,1712301343.6126692,1738922.38682996,2838.0,-4.020909229181765e-09,2930.0,ASK
172,1712301352.6926024,1738992.85899296,2837.0,-5.451640703376261e-09,2930.0,ASK
173,1712301360.1148877,1738992.85899296,2837.0,-0.0,2930.0,ASK
174,1712301367.8135564,1739100.66909503,2841.0,-8.337908982564362e-09,2930.0,ASK
175,1712301372.0021968,1739200.66909503,2837.0,7.733884693989007e-09,2930.0,BID
176,1712301384.032026,1739271.01731874,2843.0,5.440650505998283e-09,2930.0,BID
177,1712301384.0344608,1739376.42842204,2846.0,8.152373183887646e-09,2930.0,BID
178,1712301389.9320002,1739777.42842204,2850.0,3.1012877622895924e-08,2930.0,BID
179,1712301389.934492,1740484.65314115,2848.0,5.469594430335079e-08,2930.0,BID
180,1712301389.9369404,1740544.55419644,2848.0,4.6326785466033194e-09,2930.0,BID
181,1712301389.9393451,1740895.58323695,2851.0,2.7148181235464602e-08,2930.0,BID
182,1712301390.0915496,1740895.58323695,2851.0,0.0,2930.0,BID
183,1712301391.481691,1744412.99442195,2843.0,2.719185770916367e-07,2930.0,BID
184,1712301391.5042903,1744412.99442231,2843.0,2.7826934582717656e-17,2930.0,BID
185,1712301397.3616629,1744585.41822262,2851.0,1.3329472151830834e-08,2930.0,BID
186,1712301397.3643105,1744588.37148299,2851.0,2.2830607949210963e-10,2930.0,BID
187,1712301420.1442864,1744588.37148299,2851.0,0.0,2930.0,BID
188,1712301422.6072984,1744807.85190284,2843.0,-1.6953490977505443e-08,2930.0,ASK
189,1712301422.6085124,1745561.00551299,2842.0,-5.817641019223093e-08,2930.0,ASK
190,1712301438.1223795,1745561.0055136,2843.0,4.711994634522505e-17,2930.0,BID
191,1712301438.1244512,1746616.2288686,2843.0,8.150941045434598e-08,2930.0,BID
192,1712301449.1707747,1746620.2288686,2843.0,-3.0897500540765837e-10,2930.0,ASK
193,1712301450.1342576,1746620.2288686,2843.0,-0.0,2930.0,ASK
194,1712301454.860593,1747253.2288686,2843.0,-4.8873489903382586e-08,2930.0,ASK
195,1712301454.980513,1747780.81618372,2843.0,4.073464979253048e-08,2930.0,BID
196,1712301480.0899837,1747780.81618372,2843.0,0.0,2930.0,BID
197,1712301482.4301803,1748132.61917372,2843.0,-2.7155546228262448e-08,2930.0,ASK
198,1712301482.4975705,1748132.61917405,2843.0,-2.5466484995363537e-17,2930.0,ASK
199,1712301510.0897236,1748132.61917405,2843.0,-0.0,2930.0,ASK
200,1712301540.1413455,1748132.61917405,2843.0,-0.0,2930.0,ASK
201,1712301557.5123408,1748135.15651114,2839.0,-1.9584101755986327e-10,2930.0,ASK
202,1712301557.5190594,1748381.80908336,2838.0,-1.9037553549891044e-08,2930.0,ASK
203,1712301557.5217185,1748517.76689969,2837.0,-1.0493724779001192e-08,2930.0,ASK
204,1712301557.5886886,1748641.15068263,2837.0,9.523214591954032e-09,2930.0,BID
205,1712301557.6125166,1748660.20648917,2837.0,1.4707973007360335e-09,2930.0,BID
206,1712301570.128535,1748660.20648917,2837.0,0.0,2930.0,BID
207,1712301582.648284,1748941.64888117,2839.0,2.1720250243275872e-08,2930.0,BID
208,1712301582.7083435,1748941.64888143,2839.0,2.007098207958489e-17,2930.0,BID
209,1712301590.1682808,1749379.988855,2835.0,-3.382878410715084e-08,2930.0,ASK
210,1712301600.1081655,1749379.988855,2835.0,-0.0,2930.0,ASK
211,1712301630.0878725,1749379.988855,2835.0,-0.0,2930.0,ASK
212,1712301642.2182176,1750016.988855,2835.0,-4.924485025061941e-08,2930.0,ASK
213,1712301642.2975802,1750448.72806112,2835.0,3.3376660208332113e-08,2930.0,BID
214,1712301660.1329277,1750448.72806112,2835.0,0.0,2930.0,BID
215,1712301690.1269774,1750448.72806112,2835.0,0.0,2930.0,BID
216,1712301695.9468188,1750606.87683483,2837.0,-1.2223216490122657e-08,2930.0,ASK
217,1712301702.0267625,1751551.21527226,2837.0,-7.29873073933213e-08,2930.0,ASK
218,1712301702.0468447,1751551.21527227,2837.0,-7.737991875281637e-19,2930.0,ASK
219,1712301702.3070948,1751553.21527227,2835.0,-1.5457870716766667e-10,2930.0,ASK
220,1712301702.3099313,1751620.90155092,2835.0,-5.2314287233592455e-09,2930.0,ASK
221,1712301702.5868108,1751631.4761015,2835.0,8.17300178767789e-10,2930.0,BID
222,1712301707.6867154,1752268.4761015,2837.0,4.9233318232901844e-08,2930.0,BID
223,1712301720.0865252,1752268.4761015,2837.0,0.0,2930.0,BID
224,1712301750.0761309,1752268.4761015,2837.0,0.0,2930.0,BID
225,1712301777.9959404,1752429.0970855,2837.0,1.240934065429008e-08,2930.0,BID
226,1712301779.015671,1752429.09708638,2837.0,6.799521684931568e-17,2930.0,BID
227,1712301779.0961702,1752485.38556438,2838.0,4.3487649061779325e-09,2930.0,BID
228,1712301779.098947,1752541.67404238,2838.0,4.3487649061599455e-09,2930.0,BID
229,1712301779.1166596,1752597.96252038,2838.0,4.3487649061779325e-09,2930.0,BID
230,1712301779.1188293,1752654.25099838,2838.0,4.3487649061599455e-09,2930.0,BID
231,1712301780.1279178,1752654.25099838,2838.0,0.0,2930.0,BID
232,1712301788.1119874,1752780.99655948,2837.0,-9.791347295726531e-09,2930.0,ASK
233,1712301790.8459945,1753381.22378181,2837.0,-4.6368749636456585e-08,2930.0,ASK
234,1712301810.125486,1753381.22378181,2837.0,-0.0,2930.0,ASK
235,1712301818.4955156,1753634.35750781,2837.0,1.9551969881468333e-08,2930.0,BID
236,1712301840.0919173,1753634.35750781,2837.0,0.0,2930.0,BID
237,1712301853.4753635,1753838.01524481,2837.0,1.5729587450871843e-08,2930.0,BID
238,1712301870.0918162,1753838.01524481,2837.0,0.0,2930.0,BID
239,1712301900.134589,1753838.01524481,2837.0,0.0,2930.0,BID
240,1712301920.2571735,1753882.11602137,2833.0,-3.4115545391543557e-09,2930.0,ASK
241,1712301920.260044,1754587.5833935,2835.0,-5.4573651607541867e-08,2930.0,ASK
242,1712301920.2626948,1754845.5833935,2832.0,-1.9958402997769145e-08,2930.0,ASK
243,1712301920.2639327,1754898.57809314,2830.0,-4.0995719851170045e-09,2930.0,ASK
244,1712301920.265151,1754901.60519138,2831.0,-2.34170723215943e-10,2930.0,ASK
245,1712301920.2664168,1754924.72631465,2831.0,-1.7886073487664283e-09,2930.0,ASK
246,1712301920.2676582,1754926.54002643,2832.0,-1.4030539003683848e-10,2930.0,ASK
247,1712301920.2688937,1754997.13656719,2833.0,-5.461217871073009e-09,2930.0,ASK
248,1712301920.2701335,1755634.13656719,2829.0,-4.9277142285189744e-08,2930.0,ASK
249,1712301920.2713904,1757405.29693455,2831.0,-1.3701369141645426e-07,2930.0,ASK
250,1712301920.2726333,1757795.57662681,2829.0,-3.019131542624828e-08,2930.0,ASK
251,1712301920.273897,1757815.57662681,2827.0,-1.5471630230828795e-09,2930.0,ASK
252,1712301920.2751667,1758452.57662681,2829.0,-4.9277142285189744e-08,2930.0,ASK
253,1712301920.2767136,1758523.29798466,2828.0,-5.470873490378271e-09,2930.0,ASK
254,1712301920.2779644,1758575.98174117,2829.0,-4.07551799947091e-09,2930.0,ASK
255,1712301920.2792366,1758579.52031158,2826.0,-2.737372646545868e-10,2930.0,ASK
256,1712301920.280496,1758691.03842377,2827.0,-8.626834979224049e-09,2930.0,ASK
257,1712301920.2817707,1758711.03842377,2826.0,-1.5471630230828795e-09,2930.0,ASK
258,1712301920.2830613,1760459.70898544,2825.0,-1.352739216284589e-07,2930.0,ASK
259,1712301920.2843406,1760463.08481608,2829.0,-2.6114801692648924e-10,2930.0,ASK
260,1712301920.2856224,1760465.98092502,2827.0,-2.2403763314023007e-10,2930.0,ASK
261,1712301920.2869153,1760884.31363299,2830.0,-3.2361444855860794e-08,2930.0,ASK
262,1712301920.2882018,1760934.31363299,2825.0,-3.867907557707199e-09,2930.0,ASK
263,1712301930.133141,1760934.31363299,2825.0,-0.0,2930.0,ASK
264,1712301937.854392,1761192.31363299,2826.0,-1.9927452724972487e-08,2930.0,ASK
265,1712301937.8643737,1762368.56392541,2826.0,-9.085144222842268e-08,2930.0,ASK
266,1712301937.9741771,1762981.0491819,2826.0,4.730725191259076e-08,2930.0,BID
267,1712301937.9898708,1765501.7084299,2826.0,1.946911550398641e-07,2930.0,BID
268,1712301948.0147424,1765530.44035229,2835.0,2.2192016477639398e-09,2930.0,BID
269,1712301960.074061,1765530.44035229,2835.0,0.0,2930.0,BID
270,1712301987.2838776,1765532.44035229,2835.0,-1.5432155614080675e-10,2930.0,ASK
271,1712301990.0874069,1765532.44035229,2835.0,-0.0,2930.0,ASK
272,1712302020.1464112,1765532.44035229,2835.0,-0.0,2930.0,ASK
273,1712302034.7836614,1765534.44035229,2835.0,1.5432148862490675e-10,2930.0,BID
274,1712302034.8588006,1765885.17403829,2835.0,2.70628722672187e-08,2930.0,BID
275,1712302034.873504,1765885.17403836,2835.0,5.389615728924056e-18,2930.0,BID
276,1712302049.977686,1765887.17403836,2835.0,1.5432148862490675e-10,2930.0,BID
277,1712302050.1234806,1765887.17403836,2835.0,0.0,2930.0,BID
278,1712302076.43335,1766231.3905492,2835.0,2.6557941331391946e-08,2930.0,BID
279,1712302076.4531574,1766985.17403836,2835.0,5.815798211663661e-08,2930.0,BID
280,1712302080.0731864,1766985.17403836,2835.0,0.0,2930.0,BID
281,1712302084.7233725,1767320.78513643,2835.0,2.588777534043648e-08,2930.0,BID
282,1712302084.7431676,1768379.24228988,2835.0,8.164539597633618e-08,2930.0,BID
283,1712302093.059762,1768666.2635059,2835.0,2.213973495212289e-08,2930.0,BID
284,1712302093.5279665,1768766.2635059,2835.0,7.713623145747208e-09,2930.0,BID
285,1712302100.1630237,1769132.3797049,2835.0,2.8240823866397e-08,2930.0,BID
286,1712302100.1829967,1769132.3797058,2835.0,6.941415709050596e-17,2930.0,BID
287,1712302110.0727708,1769132.3797058,2835.0,0.0,2930.0,BID
288,1712302115.5127256,1769132.37970584,2837.0,3.0876148875941962e-18,2930.0,BID
289,1712302123.5428238,1769475.83257758,2838.0,2.6480226325070012e-08,2930.0,BID
290,1712302124.562826,1769581.57808339,2837.0,-8.152981550345373e-09,2930.0,ASK
291,1712302140.1230078,1769581.57808339,2837.0,-0.0,2930.0,ASK
292,1712302170.1232955,1769581.57808339,2837.0,-0.0,2930.0,ASK
293,1712302176.5324254,1769652.05024688,2838.0,5.432871891802119e-09,2930.0,BID
294,1712302200.1837642,1769652.05024688,2838.0,0.0,2930.0,BID
295,1712302230.1369662,1769652.05024688,2838.0,0.0,2930.0,BID
296,1712302247.6319308,1769655.57385505,2837.0,2.719523850223293e-10,2930.0,BID
297,1712302257.41197,1770007.63469456,2837.0,2.7172086213591773e-08,2930.0,BID
298,1712302260.0889924,1770007.63469456,2837.0,0.0,2930.0,BID
299,1712302270.8045163,1770056.86102567,2832.0,-3.798996731409347e-09,2930.0,ASK
300,1712302270.8060205,1770136.65888241,2832.0,-6.158326044052574e-09,2930.0,ASK
301,1712302279.3324015,1770140.19120314,2831.0,-2.7260359658427603e-10,2930.0,ASK
302,1712302279.3356018,1770656.55838741,2831.0,-3.9850161509305993e-08,2930.0,ASK
303,1712302279.3517292,1770656.55838788,2831.0,-3.6278381963126976e-17,2930.0,ASK
304,1712302290.0718997,1770656.55838788,2831.0,-0.0,2930.0,ASK
305,1712302320.1220477,1770656.55838788,2831.0,-0.0,2930.0,ASK
306,1712302350.1253357,1770656.55838788,2831.0,-0.0,2930.0,ASK
307,1712302352.051864,1770688.40838788,2832.0,2.457645932322134e-09,2930.0,BID
308,1712302371.8612342,1770780.5306769,2832.0,-7.1084448629583875e-09,2930.0,ASK
309,1712302380.0718288,1770780.5306769,2832.0,-0.0,2930.0,ASK
310,1712302410.079059,1770780.5306769,2832.0,-0.0,2930.0,ASK
311,1712302413.5809903,1770798.25494763,2832.0,-1.3676232905519915e-09,2930.0,ASK
312,1712302416.0112755,1770798.25494765,2832.0,-1.5450292406608377e-18,2930.0,ASK
313,1712302416.014699,1770870.9670855,2828.0,-5.6105447013349605e-09,2930.0,ASK
314,1712302416.0179963,1770939.4858808,2827.0,-5.286981998872684e-09,2930.0,ASK
315,1712302416.0207238,1770942.69283158,2829.0,-2.4745168053389276e-10,2930.0,ASK
316,1712302424.4810476,1771173.54236463,2829.0,1.7812591717910683e-08,2930.0,BID
317,1712302434.160868,1771402.44766123,2829.0,-1.766257239743203e-08,2930.0,ASK
318,1712302434.163618,1771651.04242078,2829.0,-1.9181831977624323e-08,2930.0,ASK
319,1712302440.1413472,1771651.04242078,2829.0,-0.0,2930.0,ASK
320,1712302466.0606732,1771654.57723873,2829.0,2.7269843908204756e-10,2930.0,BID
321,1712302470.1313608,1771654.57723873,2829.0,0.0,2930.0,BID
322,1712302471.9207623,1772964.76144973,2829.0,1.010759022626701e-07,2930.0,BID
323,1712302471.9406283,1772964.76145042,2829.0,5.3221493257645816e-17,2930.0,BID
324,1712302500.080644,1772964.76145042,2829.0,0.0,2930.0,BID
325,1712302530.1062827,1772964.76145042,2829.0,0.0,2930.0,BID
326,1712302560.1201189,1772964.76145042,2829.0,0.0,2930.0,BID
327,1712302583.6403067,1772966.76145042,2829.0,-1.545050479550468e-10,2930.0,ASK
328,1712302583.6443217,1773167.81680566,2829.0,-1.5532033651497258e-08,2930.0,ASK
329,1712302583.6475337,1773238.51316479,2829.0,-5.461472178820747e-09,2930.0,ASK
330,1712302583.7830858,1773269.24508719,2829.0,2.3741185720776144e-09,2930.0,BID
331,1712302585.2499945,1773586.85704161,2829.0,2.453632512436936e-08,2930.0,BID
332,1712302585.4103842,1773586.85704163,2829.0,1.5468609198152582e-18,2930.0,BID
333,1712302590.120985,1773586.85704163,2829.0,0.0,2930.0,BID
334,1712302620.1006134,1773586.85704163,2829.0,0.0,2930.0,BID
335,1712302650.082393,1773586.85704163,2829.0,0.0,2930.0,BID
336,1712302680.1225748,1773586.85704163,2829.0,0.0,2930.0,BID
337,1712302682.139757,1773657.32920463,2838.0,5.443412389895119e-09,2930.0,BID
338,1712302695.3196197,1773798.17427455,2840.0,1.0879158039413509e-08,2930.0,BID
339,1712302695.329574,1773798.17427505,2838.0,3.861231310227511e-17,2930.0,BID
340,1712302696.655115,1773982.74495805,2840.0,1.4256612822460585e-08,2930.0,BID
341,1712302696.6735015,1773982.74495879,2840.0,5.71541364876713e-17,2930.0,BID
342,1712302710.1209278,1773982.74495879,2840.0,0.0,2930.0,BID
343,1712302740.0696433,1773982.74495879,2840.0,0.0,2930.0,BID
344,1712302770.0891075,1773982.74495879,2840.0,0.0,2930.0,BID
345,1712302774.309925,1774619.74495879,2837.0,4.919889610378808e-08,2930.0,BID
346,1712302774.3794055,1774619.7449588,2837.0,-7.732581755367471e-19,2930.0,ASK
347,1712302774.389681,1775320.81287665,2837.0,-5.414720196545481e-08,2930.0,ASK
348,1712302779.1611488,1775359.56685179,2837.0,-2.993175504756198e-09,2930.0,ASK
349,1712302800.099413,1775359.56685179,2837.0,-0.0,2930.0,ASK
350,1712302830.0838237,1775359.56685179,2837.0,-0.0,2930.0,ASK
351,1712302836.3390994,1775367.99321766,2837.0,6.51474549952799e-10,2930.0,BID
352,1712302849.1090152,1775387.99321766,2837.0,1.5462764375524315e-09,2930.0,BID
353,1712302853.5690606,1775564.2978721,2836.0,-1.363078664956292e-08,2930.0,ASK
354,1712302860.133166,1775564.2978721,2836.0,-0.0,2930.0,ASK
355,1712302881.5087616,1775596.87600261,2835.0,2.5186267133358482e-09,2930.0,BID
356,1712302890.139911,1775596.87600261,2835.0,0.0,2930.0,BID
357,1712302919.458882,1775616.87600261,2831.0,-1.546195985020526e-09,2930.0,ASK
358,1712302920.0837295,1775616.87600261,2831.0,-0.0,2930.0,ASK
359,1712302937.9908695,1775633.91177773,2831.0,-1.317026589628192e-09,2930.0,ASK
360,1712302950.0797694,1775633.91177773,2831.0,-0.0,2930.0,ASK
361,1712302977.1306171,1775773.1185123,2831.0,-1.0761957469727038e-08,2930.0,ASK
362,1712302977.1335137,1775819.13449604,2831.0,-3.557457629229649e-09,2930.0,ASK
363,1712302980.1196723,1775819.13449604,2831.0,-0.0,2930.0,ASK
364,1712303010.1255183,1775819.13449604,2831.0,-0.0,2930.0,ASK
365,1712303037.0982802,1776816.10111562,2831.0,-7.70715401214854e-08,2930.0,ASK
366,1712303037.101285,1776823.70051504,2831.0,-5.87479466004485e-10,2930.0,ASK
367,1712303037.1593878,1776823.70051512,2831.0,-6.191729877270201e-18,2930.0,ASK
368,1712303040.0985851,1776823.70051512,2831.0,-0.0,2930.0,ASK
369,1712303070.0692716,1776823.70051512,2831.0,-0.0,2930.0,ASK
370,1712303100.1038697,1776823.70051512,2831.0,-0.0,2930.0,ASK
371,1712303127.7277963,1776830.53958258,2831.0,-5.307032796470532e-10,2930.0,ASK
372,1712303130.0780623,1776830.53958258,2831.0,-0.0,2930.0,ASK
373,1712303144.6500149,1776949.36627987,2828.0,-9.22079268625118e-09,2930.0,ASK
374,1712303144.6517737,1776999.36627987,2828.0,-3.879933085976436e-09,2930.0,ASK
375,1712303144.7238317,1776999.36627989,2828.0,-1.5537917865159616e-18,2930.0,ASK
376,1712303144.8017356,1777053.95497815,2827.0,-4.236009929988754e-09,2930.0,ASK
377,1712303144.8044174,1777266.19410089,2827.0,-1.6469471889150252e-08,2930.0,ASK
378,1712303144.806067,1777478.43322363,2827.0,-1.6469471889150252e-08,2930.0,ASK
379,1712303160.106091,1777478.43322363,2827.0,-0.0,2930.0,ASK
380,1712303190.0774956,1777478.43322363,2827.0,-0.0,2930.0,ASK
381,1712303192.4680085,1777490.74563296,2827.0,9.552906991881255e-10,2930.0,BID
382,1712303220.1321654,1777490.74563296,2827.0,0.0,2930.0,BID
383,1712303228.7877371,1777490.7456335,2831.0,4.1892108399890105e-17,2930.0,BID
384,1712303228.7906964,1777548.9065655,2831.0,4.512556873314144e-09,2930.0,BID
385,1712303233.9878232,1777573.96607566,2831.0,1.9443028322579243e-09,2930.0,BID
386,1712303250.1332123,1777573.96607566,2831.0,0.0,2930.0,BID
387,1712303255.0681648,1777650.93197319,2831.0,-5.971476546548909e-09,2930.0,ASK
388,1712303266.3981657,1777912.32674719,2832.0,-2.0280576364628108e-08,2930.0,ASK
389,1712303266.4218783,1777912.3267472,2832.0,-7.7676918243175155e-19,2930.0,ASK
390,1712303280.0683117,1777912.3267472,2832.0,-0.0,2930.0,ASK
391,1712303282.638399,1777915.85906793,2831.0,-2.74038283500497e-10,2930.0,ASK
392,1712303285.1283486,1777933.50734707,2830.0,-1.369157698873701e-09,2930.0,ASK
393,1712303306.37207,1778372.18274621,2831.0,3.4032541942151287e-08,2930.0,BID
394,1712303310.083145,1778372.18274621,2831.0,0.0,2930.0,BID
395,1712303323.9087694,1778396.03609984,2831.0,1.8503619752882086e-09,2930.0,BID
396,1712303324.4487011,1778406.50634475,2835.0,8.122020640820612e-10,2930.0,BID
397,1712303324.4586408,1778406.50634476,2831.0,7.7663300449782165e-19,2930.0,BID
398,1712303324.4618886,1778419.03609984,2833.0,9.719632182153598e-10,2930.0,BID
399,1712303326.938711,1778419.03609985,2830.0,-7.7663300449782165e-19,2930.0,ASK
400,1712303326.9487288,1779022.17359098,2830.0,-4.678682489541729e-08,2930.0,ASK
401,1712303340.1302142,1779022.17359098,2830.0,-0.0,2930.0,ASK
402,1712303346.0588467,1779059.12521556,2835.0,2.8660173517629886e-09,2930.0,BID
403,1712303346.0611403,1779079.12521498,2835.0,1.5512266652576247e-09,2930.0,BID
404,1712303346.0788226,1779079.12521556,2835.0,4.4984111273802866e-17,2930.0,BID
405,1712303370.127425,1779079.12521556,2835.0,0.0,2930.0,BID
406,1712303400.1267557,1779079.12521556,2835.0,0.0,2930.0,BID
407,1712303419.269782,1779179.12521556,2839.0,7.762154844871246e-09,2930.0,BID
408,1712303419.282137,1779329.88346656,2840.0,1.1702088884036775e-08,2930.0,BID
409,1712303419.290157,1779428.40816228,2840.0,7.647639442229131e-09,2930.0,BID
410,1712303428.909749,1779430.16351503,2843.0,1.3625319852520563e-10,2930.0,BID
411,1712303430.0811682,1779430.16351503,2843.0,0.0,2930.0,BID
412,1712303444.1896396,1779635.05474003,2842.0,1.5902743635842587e-08,2930.0,BID
413,1712303450.3299184,1779635.05474036,2842.0,2.5606999196048576e-17,2930.0,BID
414,1712303450.3343518,1779638.57338886,2843.0,2.7310181312797316e-10,2930.0,BID
415,1712303459.6397607,1779703.64761086,2843.0,5.0507710604238545e-09,2930.0,BID
416,1712303459.6596427,1779703.64761132,2843.0,3.570884291559068e-17,2930.0,BID
417,1712303460.1342866,1779703.64761132,2843.0,0.0,2930.0,BID
418,1712303470.6298506,1779723.64761132,2843.0,-1.5522172078800031e-09,2930.0,ASK
419,1712303490.1298027,1779723.64761132,2843.0,-0.0,2930.0,ASK
420,1712303516.1804476,1780209.25320932,2840.0,3.768810195707125e-08,2930.0,BID
421,1712303516.184652,1780209.25321003,2840.0,5.51138258544484e-17,2930.0,BID
422,1712303520.1042032,1780209.25321003,2840.0,0.0,2930.0,BID
423,1712303531.7786455,1780846.25321003,2837.0,-4.9432608923593335e-08,2930.0,ASK
424,1712303531.8718028,1781181.09972871,2837.0,2.5984830466773185e-08,2930.0,BID
425,1712303531.9187508,1781367.69194859,2837.0,1.4479968969414929e-08,2930.0,BID
426,1712303531.920743,1781495.08500488,2837.0,9.885982937463822e-09,2930.0,BID
427,1712303531.970204,1781621.75890744,2840.0,-9.830175017368284e-09,2930.0,ASK
428,1712303531.9800167,1781669.33141788,2840.0,-3.691732031555373e-09,2930.0,ASK
429,1712303531.9899974,1781669.33141856,2840.0,-5.2759064940749053e-17,2930.0,ASK
430,1712303550.0706618,1781669.33141856,2840.0,-0.0,2930.0,ASK
431,1712303567.430297,1781672.85254532,2844.0,2.7315940726717395e-10,2930.0,BID
432,1712303580.1313417,1781672.85254532,2844.0,0.0,2930.0,BID
433,1712303582.1861708,1781682.85254532,2840.0,-7.757721140549953e-10,2930.0,ASK
434,1712303610.1371508,1781682.85254532,2840.0,-0.0,2930.0,ASK
435,1712303639.960628,1781686.33355797,2844.0,2.70046659276546e-10,2930.0,BID
436,1712303640.0822053,1781686.33355797,2844.0,0.0,2930.0,BID
437,1712303670.0900948,1781686.33355797,2844.0,0.0,2930.0,BID
438,1712303700.1074924,1781686.33355797,2844.0,0.0,2930.0,BID
439,1712303730.087612,1781686.33355797,2844.0,0.0,2930.0,BID
440,1712303738.5009797,1781786.33355797,2838.0,-7.766053653731163e-09,2930.0,ASK
441,1712303738.6271572,1781953.94045697,2839.0,-1.3016441703695452e-08,2930.0,ASK
442,1712303738.6830482,1782168.41795797,2839.0,-1.6656437802845277e-08,2930.0,ASK
443,1712303738.685022,1782233.49217997,2839.0,-5.053698995274571e-09,2930.0,ASK
444,1712303738.7010188,1782336.02485706,2839.0,-7.962742715418518e-09,2930.0,ASK
445,1712303738.841056,1782346.59940765,2837.0,-8.21225272461294e-10,2930.0,ASK
446,1712303738.8452206,1782503.63175606,2837.0,-1.2195216431234157e-08,2930.0,ASK
447,1712303757.5342507,1782503.63175645,2837.0,-3.0286935786715935e-17,2930.0,ASK
448,1712303759.5209324,1782538.63175645,2837.0,2.7181187788059074e-09,2930.0,BID
449,1712303760.1327424,1782538.63175645,2837.0,0.0,2930.0,BID
450,1712303761.2810798,1782560.63175645,2837.0,1.708210875425571e-09,2930.0,BID
451,1712303763.0908809,1782570.63175645,2837.0,7.76459488829805e-10,2930.0,BID
452,1712303765.441129,1782696.57448458,2837.0,9.778942630558417e-09,2930.0,BID
453,1712303765.4455895,1782738.12925945,2837.0,3.226559925394492e-09,2930.0,BID
454,1712303765.4608462,1782912.18653132,2837.0,1.3514842034335738e-08,2930.0,BID
455,1712303790.1430323,1782912.18653132,2837.0,0.0,2930.0,BID
456,1712303820.0835955,1782912.18653132,2837.0,0.0,2930.0,BID
457,1712303850.0831287,1782912.18653132,2837.0,0.0,2930.0,BID
458,1712303880.0910914,1782929.213663,2837.0,-1.321979014056114e-09,2930.0,ASK
459,1712303880.1454046,1782929.213663,2837.0,-0.0,2930.0,ASK
460,1712303906.2314253,1783012.18653132,2837.0,-6.441952839576921e-09,2930.0,ASK
461,1712303910.1230996,1783012.18653132,2837.0,-0.0,2930.0,ASK
462,1712303940.0878427,1783012.18653132,2837.0,-0.0,2930.0,ASK
463,1712303970.089903,1783012.18653132,2837.0,-0.0,2930.0,ASK
464,1712303972.091465,1783114.06614932,2837.0,7.909714506546919e-09,2930.0,BID
465,1712303972.1317265,1783114.06614939,2837.0,5.441017651076628e-18,2930.0,BID
466,1712303997.792271,1783124.64442866,2836.0,-8.21274859855723e-10,2930.0,ASK
467,1712303997.79713,1783126.48113826,2833.0,-1.4259818454379858e-10,2930.0,ASK
468,1712303997.8007424,1783137.0668828,2834.0,-8.2185444737758e-10,2930.0,ASK
469,1712303997.8043048,1783147.64889339,2835.0,-8.21564551529784e-10,2930.0,ASK
470,1712303997.807794,1783170.87438704,2836.0,-1.803177393585517e-09,2930.0,ASK
471,1712303997.809864,1783701.42407345,2833.0,-4.119073700336043e-08,2930.0,ASK
472,1712304000.1307397,1783701.42407345,2833.0,-0.0,2930.0,ASK
473,1712304030.0723643,1783701.42407345,2833.0,-0.0,2930.0,ASK
474,1712304060.244989,1783701.42407345,2833.0,-0.0,2930.0,ASK
475,1712304061.9312222,1783714.45641704,2833.0,-1.0136510667819038e-09,2930.0,ASK
476,1712304064.9432156,1783727.48876063,2830.0,-1.0136510667819038e-09,2930.0,ASK
477,1712304090.1212091,1783727.48876063,2830.0,-0.0,2930.0,ASK
478,1712304093.6912658,1784023.07993226,2830.0,-2.299084462052425e-08,2930.0,ASK
479,1712304120.0914843,1784023.07993226,2830.0,-0.0,2930.0,ASK
480,1712304150.0721116,1784023.07993226,2830.0,-0.0,2930.0,ASK
481,1712304180.123584,1784023.07993226,2830.0,-0.0,2930.0,ASK
482,1712304210.13595,1784023.07993226,2830.0,-0.0,2930.0,ASK
483,1712304240.0873418,1784023.07993226,2830.0,-0.0,2930.0,ASK
484,1712304246.4122033,1784551.99389558,2837.0,-4.1135828048458335e-08,2930.0,ASK
485,1712304270.0727324,1784551.99389558,2837.0,-0.0,2930.0,ASK
486,1712304300.143752,1784551.99389558,2837.0,-0.0,2930.0,ASK
487,1712304315.811348,1784553.99389558,2837.0,-1.5611261283901315e-10,2930.0,ASK
488,1712304330.1235657,1784553.99389558,2837.0,-0.0,2930.0,ASK
489,1712304360.0881991,1784553.99389558,2837.0,-0.0,2930.0,ASK
490,1712304375.9042218,1784564.99389558,2845.0,8.58618990339534e-10,2930.0,BID
491,1712304375.9102895,1784584.99389558,2844.0,1.561125436980972e-09,2930.0,BID
492,1712304375.9138677,1785290.46346208,2843.0,5.506632426395817e-08,2930.0,BID
493,1712304390.0836773,1785290.46346208,2843.0,0.0,2930.0,BID
494,1712304420.1223102,1785290.46346208,2843.0,0.0,2930.0,BID
495,1712304422.911347,1785292.46346208,2843.0,-1.560870334309087e-10,2930.0,ASK
496,1712304422.9161062,1785295.7722843,2838.0,-2.5823212223180017e-10,2930.0,ASK
497,1712304450.1237514,1785295.7722843,2838.0,-0.0,2930.0,ASK
498,1712304480.0838,1785295.7722843,2838.0,-0.0,2930.0,ASK
499,1712304510.0748613,1785295.7722843,2838.0,-0.0,2930.0,ASK
500,1712304540.1216924,1785295.7722843,2838.0,-0.0,2930.0,ASK
501,1712304570.124337,1785295.7722843,2838.0,-0.0,2930.0,ASK
502,1712304600.1193118,1785295.7722843,2838.0,-0.0,2930.0,ASK
503,1712304606.0713353,1785315.7722843,2846.0,1.5690166623560375e-09,2930.0,BID
504,1712304606.0811691,1785348.8844503,2846.0,2.597677009021745e-09,2930.0,BID
505,1712304606.0958695,1785348.88445122,2846.0,7.21862754974405e-17,2930.0,BID
506,1712304622.7814834,1785352.39815466,2846.0,-2.756529621851471e-10,2930.0,ASK
507,1712304630.0895634,1785352.39815466,2846.0,-0.0,2930.0,ASK
508,1712304647.5311737,1785354.39815466,2846.0,1.5689968256566915e-10,2930.0,BID
509,1712304653.7114189,1785408.39815466,2846.0,4.2362914292730675e-09,2930.0,BID
510,1712304659.941155,1785409.18251774,2846.0,6.153315913795412e-11,2930.0,BID
511,1712304660.0813658,1785410.39815466,2846.0,-9.536652342771504e-11,2930.0,ASK
512,1712304660.133649,1785410.39815466,2846.0,-0.0,2930.0,ASK
513,1712304690.1209693,1785410.39815466,2846.0,-0.0,2930.0,ASK
514,1712304707.3911617,1785430.45889893,2847.0,1.573741824752364e-09,2930.0,BID
515,1712304707.3948843,1785450.45889893,2847.0,1.5689765081037702e-09,2930.0,BID
516,1712304707.79111,1785520.68361793,2848.0,5.5090467199449995e-09,2930.0,BID
517,1712304707.8111253,1785520.68361804,2848.0,8.63948241263958e-18,2930.0,BID
518,1712304720.0737555,1785520.68361804,2848.0,0.0,2930.0,BID
519,1712304728.2311144,1785570.68361804,2849.0,3.922344635124481e-09,2930.0,BID
520,1712304728.23487,1785681.68361804,2850.0,8.707605089976349e-09,2930.0,BID
521,1712304728.2385287,1786035.71922304,2850.0,2.7772993118285515e-08,2930.0,BID
522,1712304729.1712358,1786151.57526973,2848.0,-9.088546863636034e-09,2930.0,ASK
523,1712304729.271099,1786617.76406673,2848.0,3.657106253735108e-08,2930.0,BID
524,1712304729.2809691,1786617.76406767,2848.0,7.375342602204835e-17,2930.0,BID
525,1712304750.08508,1786617.76406767,2848.0,0.0,2930.0,BID
526,1712304760.8720372,1786981.43244044,2847.0,2.8521660790678826e-08,2930.0,BID
527,1712304760.875805,1788624.18834744,2847.0,1.288375076019942e-07,2930.0,BID
528,1712304760.8944614,1789460.55840396,2847.0,6.559454941285498e-08,2930.0,BID
529,1712304760.8974838,1789821.70041873,2847.0,2.8323524435415232e-08,2930.0,BID
530,1712304760.912319,1789968.9241249,2847.0,1.1546411297042892e-08,2930.0,BID
531,1712304760.9159744,1790024.56630934,2847.0,4.363886521569437e-09,2930.0,BID
532,1712304760.919665,1790024.56630995,2850.0,4.784215207995442e-17,2930.0,BID
533,1712304760.9320867,1790035.14086054,2851.0,8.293372960784836e-10,2930.0,BID
534,1712304760.934221,1790355.30658705,2851.0,2.5109849885393322e-08,2930.0,BID
535,1712304760.9363947,1790726.56630995,2851.0,2.9117032644738562e-08,2930.0,BID
536,1712304761.111465,1791020.20387968,2850.0,-2.3029308530321365e-08,2930.0,ASK
537,1712304761.1143613,1791220.06387968,2850.0,-1.5674552841110006e-08,2930.0,ASK
538,1712304764.3210254,1791524.32108168,2851.0,2.3862181477245785e-08,2930.0,BID
539,1712304777.2746477,1791524.32108171,2851.0,2.3555868772191297e-18,2930.0,BID
540,1712304780.1239038,1791524.32108171,2851.0,0.0,2930.0,BID
541,1712304786.196998,1791597.01616084,2851.0,-5.695063503354189e-09,2930.0,ASK
542,1712304786.2939105,1791702.21710084,2851.0,8.241631222971575e-09,2930.0,BID
543,1712304786.311416,1791702.21710164,2851.0,6.267391891219222e-17,2930.0,BID
544,1712304789.551324,1791712.21710164,2852.0,7.834180210710754e-10,2930.0,BID
545,1712304793.431013,1791797.26494938,2852.0,-6.6628016572736e-09,2930.0,ASK
546,1712304793.6110325,1791897.08558119,2852.0,7.82012818346533e-09,2930.0,BID
547,1712304810.1236262,1791897.08558119,2852.0,0.0,2930.0,BID
548,1712304840.0738168,1791897.08558119,2852.0,0.0,2930.0,BID
549,1712304853.7909725,1791972.08558118,2852.0,5.875145915394842e-09,2930.0,BID
550,1712304867.7409718,1792193.45167586,2852.0,1.7340774761865873e-08,2930.0,BID
551,1712304867.88655,1792633.77557064,2852.0,-3.449289509618076e-08,2930.0,ASK
552,1712304867.8897033,1792884.97327461,2852.0,-1.9677642195097523e-08,2930.0,ASK
553,1712304867.8923993,1793035.73281735,2852.0,-1.180979082471531e-08,2930.0,ASK
554,1712304870.0881002,1793035.73281735,2852.0,-0.0,2930.0,ASK
555,1712304900.104011,1793035.73281735,2852.0,-0.0,2930.0,ASK
556,1712304908.7119582,1793138.73281735,2852.0,8.107862351697276e-09,2930.0,BID
557,1712304911.3211932,1796006.71154594,2849.0,-2.257589976602333e-07,2930.0,ASK
558,1712304911.3244648,1797345.83672237,2849.0,-1.0541206409889925e-07,2930.0,ASK
559,1712304930.0824738,1797345.83672237,2849.0,-0.0,2930.0,ASK
560,1712304960.1365702,1797345.83672237,2849.0,-0.0,2930.0,ASK
561,1712304961.2563336,1797415.93836976,2853.0,5.512870197950873e-09,2930.0,BID
562,1712304961.2646923,1797486.23686277,2853.0,5.5283503527284395e-09,2930.0,BID
563,1712304964.8307652,1797542.45927473,2853.0,4.4213919485523805e-09,2930.0,BID
564,1712304964.8347552,1797806.21846177,2853.0,2.0742310855817845e-08,2930.0,BID
565,1712304974.8908374,1797806.2184624,2853.0,4.9528702528211835e-17,2930.0,BID
566,1712304974.8949933,1798006.21846177,2854.0,1.5728218624924706e-08,2930.0,BID
567,1712304974.9508183,1798006.2184624,2854.0,4.9528702528211835e-17,2930.0,BID
568,1712304977.981097,1798009.7502644,2855.0,2.777447708553228e-10,2930.0,BID
569,1712304977.9848506,1798418.9667084,2855.0,3.218122858208179e-08,2930.0,BID
570,1712304990.1280017,1798418.9667084,2855.0,0.0,2930.0,BID
571,1712305020.0877442,1798418.9667084,2855.0,0.0,2930.0,BID
572,1712305050.0739524,1798418.9667084,2855.0,0.0,2930.0,BID
573,1712305057.7335093,1798422.48190429,2850.0,-2.7637228355860314e-10,2930.0,ASK
574,1712305076.180895,1798551.48190429,2855.0,1.0142258268411314e-08,2930.0,BID
575,1712305080.1604178,1798551.48190429,2855.0,0.0,2930.0,BID
576,1712305082.4408116,1798553.25890777,2857.0,1.3970769137715328e-10,2930.0,BID
577,1712305085.4707477,1798555.0352923,2857.0,1.3965902962222835e-10,2930.0,BID
578,1712305089.2906284,1798556.81291516,2857.0,1.397563869232984e-10,2930.0,BID
579,1712305090.8406117,1798590.74406516,2850.0,-2.6676608601385436e-09,2930.0,ASK
580,1712305092.3008432,1798592.52044969,2857.0,1.3965902964053342e-10,2930.0,BID
581,1712305095.7634938,1798594.29931261,2857.0,1.3985388019467334e-10,2930.0,BID
582,1712305099.4319544,1798596.07693547,2857.0,1.397563869232984e-10,2930.0,BID
583,1712305110.1330657,1798596.07693547,2857.0,0.0,2930.0,BID
584,1712305113.790616,1798606.92376781,2857.0,8.5276746559734e-10,2930.0,BID
585,1712305132.240697,1798956.94126868,2857.0,2.751803731989254e-08,2930.0,BID
586,1712305134.050545,1798958.6917062,2857.0,1.3761770448962452e-10,2930.0,BID
587,1712305140.100576,1798958.6917062,2857.0,0.0,2930.0,BID
588,1712305154.8105736,1799314.81706232,2856.0,2.7995950761104693e-08,2930.0,BID
589,1712305154.8132083,1799458.6917062,2856.0,1.1310364108071118e-08,2930.0,BID
590,1712305167.2181177,1800375.54164464,2856.0,7.20759847362249e-08,2930.0,BID
591,1712305167.2242615,1800406.6757512,2856.0,2.4475339912287246e-09,2930.0,BID
592,1712305170.09048,1800406.6757512,2856.0,0.0,2930.0,BID
593,1712305179.120477,1800406.6757517,2856.0,3.930298855827933e-17,2930.0,BID
594,1712305179.130548,1800497.6806457,2857.0,7.151808997565434e-09,2930.0,BID
595,1712305179.1347735,1801086.9979572,2857.0,4.6312727432064864e-08,2930.0,BID
596,1712305180.4106095,1801156.36488624,2854.0,-5.451344487496454e-09,2930.0,ASK
597,1712305200.17076,1801156.36488624,2854.0,-0.0,2930.0,ASK
598,1712305228.7705405,1801156.36488711,2857.0,6.8670494965609e-17,2930.0,BID
599,1712305230.0788522,1801156.36488711,2857.0,0.0,2930.0,BID
600,1712305233.5604827,1801159.86383742,2858.0,2.7622370511509744e-10,2930.0,BID
601,1712305233.9882274,1801170.31188605,2857.0,-8.24818430693119e-10,2930.0,ASK
602,1712305233.9927924,1801177.31223519,2857.0,-5.52640707986866e-10,2930.0,ASK
603,1712305239.528268,1801179.93860219,2856.0,2.0733784690485439e-10,2930.0,BID
604,1712305244.5874407,1801183.06044328,2857.0,2.4645291766282475e-10,2930.0,BID
605,1712305250.1103885,1801190.06079329,2857.0,5.526407766573609e-10,2930.0,BID
606,1712305255.3338308,1801494.60585229,2857.0,2.4042228987892767e-08,2930.0,BID
607,1712305255.3906505,1801836.89577182,2857.0,2.70219870012234e-08,2930.0,BID
608,1712305255.6774142,1801858.9155233,2857.0,1.738343446034299e-09,2930.0,BID
609,1712305255.6816268,1802235.3536072,2858.0,2.9717804789229922e-08,2930.0,BID
610,1712305258.700605,1802248.03767161,2859.0,1.001340103963195e-09,2930.0,BID
611,1712305258.7258332,1802612.35360719,2859.0,2.8760825002089785e-08,2930.0,BID
612,1712305258.728331,1802612.3536072,2858.0,7.903723992292856e-19,2930.0,BID
613,1712305260.1222804,1802612.3536072,2858.0,0.0,2930.0,BID
614,1712305261.826704,1802622.92815779,2859.0,8.34530967302035e-10,2930.0,BID
615,1712305261.829243,1804124.45067575,2859.0,1.184983729258747e-07,2930.0,BID
616,1712305261.8316853,1806456.33631424,2860.0,1.840296437150628e-07,2930.0,BID
617,1712305261.9247837,1806466.33631423,2861.0,7.89188116660721e-10,2930.0,BID
618,1712305261.9303648,1806516.6282351,2861.0,3.968978635444228e-09,2930.0,BID
619,1712305262.7456186,1806516.62823511,2861.0,7.901128626052726e-19,2930.0,BID
620,1712305263.2854476,1806526.62823511,2862.0,7.89188117450834e-10,2930.0,BID
621,1712305263.287957,1806539.81534124,2862.0,1.0407107461316587e-09,2930.0,BID
622,1712305264.1315255,1807238.81534124,2862.0,5.516424940981333e-08,2930.0,BID
623,1712305264.3745022,1807248.81534124,2863.0,7.89188117450834e-10,2930.0,BID
624,1712305264.3804717,1807340.14936188,2862.0,7.207972380809927e-09,2930.0,BID
625,1712305264.385246,1807410.00615546,2863.0,5.513015141645567e-09,2930.0,BID
626,1712305264.389561,1808096.79992904,2864.0,5.420094852486413e-08,2930.0,BID
627,1712305264.3937478,1808900.32105581,2863.0,6.34129325367549e-08,2930.0,BID
628,1712305264.3969643,1809376.99950103,2864.0,3.761889648125575e-08,2930.0,BID
629,1712305264.4132187,1809388.48055425,2865.0,9.060710777129992e-10,2930.0,BID
630,1712305264.416781,1809390.28798788,2868.0,1.4264051437777006e-10,2930.0,BID
631,1712305264.4221592,1809460.02299486,2868.0,5.503403887907141e-09,2930.0,BID
632,1712305264.4253533,1809725.18667947,2869.0,2.0926402907354412e-08,2930.0,BID
633,1712305264.4276984,1809738.18667947,2865.0,1.0259445526860847e-09,2930.0,BID
634,1712305264.430065,1810075.99950103,2868.0,2.665978646977491e-08,2930.0,BID
635,1712305264.710575,1810079.46224962,2869.0,2.7327600408888113e-10,2930.0,BID
636,1712305264.7149272,1810430.74475962,2870.0,2.7722798276034192e-08,2930.0,BID
637,1712305264.7191577,1810774.99950103,2869.0,2.7168175129690245e-08,2930.0,BID
638,1712305264.9742515,1810868.13950103,2870.0,7.350498125947361e-09,2930.0,BID
639,1712305264.9784925,1810874.63722751,2873.0,5.127928528470236e-10,2930.0,BID
640,1712305264.981412,1810877.12833071,2870.0,1.965949044790925e-10,2930.0,BID
641,1712305264.98395,1811137.12833071,2872.0,2.0518891053721693e-08,2930.0,BID
642,1712305264.9865098,1811330.1789602,2870.0,1.5235326285977138e-08,2930.0,BID
643,1712305264.9890616,1811341.62740837,2873.0,9.034979258997179e-10,2930.0,BID
644,1712305264.9915392,1811404.38585675,2874.0,4.952822173118354e-09,2930.0,BID
645,1712305264.993947,1811473.99950103,2873.0,5.493826087822938e-09,2930.0,BID
646,1712305265.230399,1811675.24105265,2874.0,1.588174412758367e-08,2930.0,BID
647,1712305265.2328968,1812172.99950103,2875.0,3.928250528222965e-08,2930.0,BID
648,1712305265.5506456,1812180.00230216,2876.0,5.52652744071471e-10,2930.0,BID
649,1712305265.5563734,1812191.00230216,2875.0,8.681069291959178e-10,2930.0,BID
650,1712305265.5600924,1812193.00230216,2876.0,1.5783762349016686e-10,2930.0,BID
651,1712305265.5637338,1812232.05422139,2875.0,3.081931061998714e-09,2930.0,BID
652,1712305265.5682776,1812235.55194787,2876.0,2.7603641761177327e-10,2930.0,BID
653,1712305265.6504588,1812259.49074089,2876.0,-1.889221099738632e-09,2930.0,ASK
654,1712305265.6538026,1812529.49074089,2876.0,-2.1308079171172527e-08,2930.0,ASK
655,1712305265.6704154,1812871.78066042,2876.0,-2.7013113721631104e-08,2930.0,ASK
656,1712305265.6735866,1812871.99950103,2876.0,-1.7270640903013778e-11,2930.0,ASK
657,1712305265.8304374,1813570.99950103,2874.0,5.516424940981333e-08,2930.0,BID
658,1712305266.0968106,1814228.50223338,2874.0,5.188933435620962e-08,2930.0,BID
659,1712305266.0996022,1814269.99950103,2873.0,3.274915053603692e-09,2930.0,BID
660,1712305266.2937057,1814277.20750103,2865.0,-5.688467950664993e-10,2930.0,ASK
661,1712305266.3938687,1814976.20750103,2874.0,5.516424940981333e-08,2930.0,BID
662,1712305266.7136085,1815431.8921672,2876.0,3.5962092384594586e-08,2930.0,BID
663,1712305266.7203703,1815636.14223901,2874.0,1.611917296608211e-08,2930.0,BID
664,1712305266.7234714,1815675.20750103,2876.0,3.0829840591366223e-09,2930.0,BID
665,1712305290.1321008,1815675.20750103,2876.0,0.0,2930.0,BID
666,1712305295.2526994,1815685.20750103,2873.0,7.868625849953745e-10,2930.0,BID
667,1712305295.2584033,1815952.22602453,2876.0,2.1010688564272854e-08,2930.0,BID
668,1712305295.2635784,1816212.68967426,2875.0,2.0494910072403344e-08,2930.0,BID
669,1712305295.266161,1816222.68967426,2872.0,7.868625849953745e-10,2930.0,BID
670,1712305295.3706849,1816479.54107832,2876.0,-2.021067597582731e-08,2930.0,ASK
671,1712305295.3960128,1816479.54107833,2876.0,-7.877846051659691e-19,2930.0,ASK
672,1712305305.5709157,1816479.54107834,2876.0,-7.877846051659691e-19,2930.0,ASK
673,1712305305.574274,1816707.28621045,2876.0,-1.7920412337225187e-08,2930.0,ASK
674,1712305310.65435,1816712.59503267,2867.0,-4.17731357527745e-10,2930.0,ASK
675,1712305319.1957965,1817441.98874791,2867.0,-5.7393262425299154e-08,2930.0,ASK
676,1712305319.1985133,1817495.78604676,2867.0,-4.233108163890013e-09,2930.0,ASK
677,1712305320.088436,1817495.78604676,2867.0,-0.0,2930.0,ASK
678,1712305333.0410366,1817600.42504223,2867.0,-8.230264987420705e-09,2930.0,ASK
679,1712305334.751114,1817694.74006309,2876.0,7.418244130562025e-09,2930.0,BID
680,1712305334.7539303,1817704.74006309,2875.0,7.865389905983246e-10,2930.0,BID
681,1712305350.0842488,1817704.74006309,2875.0,0.0,2930.0,BID
682,1712305353.720958,1818042.56615004,2875.0,2.6570085038254985e-08,2930.0,BID
683,1712305353.7238717,1818052.56615004,2875.0,7.86501873734932e-10,2930.0,BID
684,1712305357.3111055,1818054.56615004,2875.0,1.573003747469864e-10,2930.0,BID
685,1712305369.4874587,1818334.26873353,2875.0,2.1998660600352185e-08,2930.0,BID
686,1712305380.1244042,1818334.26873353,2875.0,0.0,2930.0,BID
687,1712305410.074126,1818334.26873353,2875.0,0.0,2930.0,BID
688,1712305434.44146,1818441.7128474,2875.0,8.449296942667007e-09,2930.0,BID
689,1712305434.5638905,1819029.92090744,2875.0,-4.625608964828291e-08,2930.0,ASK
690,1712305437.4914627,1819410.53983711,2875.0,-2.993148943158559e-08,2930.0,ASK
691,1712305437.4973602,1820367.65579624,2875.0,-7.526663542542368e-08,2930.0,ASK
692,1712305437.5713797,1820863.812114,2875.0,-3.9017233310797646e-08,2930.0,ASK
693,1712305437.6313665,1821244.43104366,2875.0,-2.993148943077997e-08,2930.0,ASK
694,1712305437.6513147,1821244.43104367,2875.0,-7.873113985799113e-19,2930.0,ASK
695,1712305440.147404,1821244.43104367,2875.0,-0.0,2930.0,ASK
696,1712305470.1296668,1821244.43104367,2875.0,-0.0,2930.0,ASK
697,1712305498.5815625,1821660.33086975,2875.0,3.2684438873089994e-08,2930.0,BID
698,1712305498.587283,1821664.5047828,2875.0,3.2801650156255637e-10,2930.0,BID
699,1712305500.0842285,1821664.5047828,2875.0,0.0,2930.0,BID
700,1712305527.3720317,1821758.36247243,2874.0,7.392096708898166e-09,2930.0,BID
701,1712305530.0774534,1821758.36247243,2874.0,0.0,2930.0,BID
702,1712305530.2286692,1821882.03780522,2873.0,-9.740284488200118e-09,2930.0,ASK
703,1712305543.892304,1822016.44509319,2873.0,-1.0585499893803773e-08,2930.0,ASK
704,1712305552.8417454,1822053.15625201,2873.0,-2.8912566696308873e-09,2930.0,ASK
705,1712305552.8517165,1822103.15625201,2873.0,-3.937844462783233e-09,2930.0,ASK
706,1712305560.1361194,1822103.15625201,2873.0,-0.0,2930.0,ASK
707,1712305567.5763533,1822181.13143183,2873.0,6.140603536541213e-09,2930.0,BID
708,1712305590.1255226,1822181.13143183,2873.0,0.0,2930.0,BID
709,1712305607.0420718,1822281.13143183,2872.0,-7.874935614608895e-09,2930.0,ASK
710,1712305616.001955,1822528.16093981,2872.0,-1.945341470250885e-08,2930.0,ASK
711,1712305620.102034,1822528.16093981,2872.0,-0.0,2930.0,ASK
712,1712305625.7966552,1822532.68740221,2872.0,-3.564280246347118e-10,2930.0,ASK
713,1712305638.166514,1822632.30925517,2872.0,-7.844541084008621e-09,2930.0,ASK
714,1712305650.084256,1822632.30925517,2872.0,-0.0,2930.0,ASK
715,1712305651.3133178,1822642.76586026,2869.0,-8.23366900266529e-10,2930.0,ASK
716,1712305651.3181603,1822677.57268239,2869.0,-2.740735161982798e-09,2930.0,ASK
717,1712305664.2847033,1822688.03293344,2868.0,-8.23653987974731e-10,2930.0,ASK
718,1712305664.2896788,1822792.45339985,2868.0,-8.222205487525066e-09,2930.0,ASK
719,1712305679.192634,1823039.48290785,2867.0,-1.9451429840231343e-08,2930.0,ASK
720,1712305680.126356,1823039.48290785,2867.0,-0.0,2930.0,ASK
721,1712305681.002099,1823156.44378674,2867.0,-9.208807512230173e-09,2930.0,ASK
722,1712305681.0068145,1823282.28637553,2867.0,-9.908100794092035e-09,2930.0,ASK
723,1712305681.902221,1823446.85203408,2866.0,-1.2956926171319284e-08,2930.0,ASK
724,1712305681.9122765,1823449.0107593,2866.0,-1.6996525001815286e-10,2930.0,ASK
725,1712305683.1120312,1823449.01075932,2866.0,-1.5765268152962482e-18,2930.0,ASK
726,1712305685.2021356,1823451.16814485,2865.0,-1.698597707500633e-10,2930.0,ASK
727,1712305692.9722238,1823453.68400781,2862.0,-1.9808416236921107e-10,2930.0,ASK
728,1712305693.080987,1823788.76592734,2862.0,2.6382367566523523e-08,2930.0,BID
729,1712305693.113412,1823857.47405601,2862.0,5.409671485476556e-09,2930.0,BID
730,1712305693.1195302,1824021.73747484,2862.0,1.2933129604206016e-08,2930.0,BID
731,1712305693.2721462,1824192.15351494,2865.0,-1.3417550596167056e-08,2930.0,ASK
732,1712305700.8422785,1824201.33252055,2865.0,-7.227005868693334e-10,2930.0,ASK
733,1712305710.1358795,1824201.33252055,2865.0,-0.0,2930.0,ASK
734,1712305740.079533,1824201.33252055,2865.0,-0.0,2930.0,ASK
735,1712305764.221235,1824204.82536022,2863.0,2.749334952613881e-10,2930.0,BID
736,1712305770.072547,1824204.82536022,2863.0,0.0,2930.0,BID
737,1712305790.4986937,1824207.83748575,2861.0,-2.370946354601937e-10,2930.0,ASK
738,1712305790.503904,1824217.83748575,2861.0,-7.87133979294904e-10,2930.0,ASK
739,1712305790.508853,1825090.38646821,2859.0,-6.868129526935002e-08,2930.0,ASK
740,1712305800.1274452,1825090.38646821,2859.0,-0.0,2930.0,ASK
741,1712305819.5824826,1825092.38646821,2859.0,-1.5773180864362028e-10,2930.0,ASK
742,1712305819.5888095,1825271.15542908,2859.0,-1.4098775763672677e-08,2930.0,ASK
743,1712305830.0840278,1825271.15542908,2859.0,-0.0,2930.0,ASK
744,1712305832.777135,1825336.5789304,2859.0,5.1594732987108295e-09,2930.0,BID
745,1712305848.6726365,1825386.01614378,2859.0,-3.89875162975298e-09,2930.0,ASK
746,1712305860.157203,1825386.01614378,2859.0,-0.0,2930.0,ASK
747,1712305878.0631726,1825387.76745543,2860.0,-1.3810957093863188e-10,2930.0,ASK
748,1712305878.183782,1825398.21502884,2860.0,-8.23902405354603e-10,2930.0,ASK
749,1712305878.190107,1825406.95322768,2860.0,-6.89100019721555e-10,2930.0,ASK
750,1712305888.4431036,1826043.95322768,2860.0,5.0234232545759984e-08,2930.0,BID
751,1712305888.4495225,1826372.23195628,2863.0,2.5888273143367563e-08,2930.0,BID
752,1712305890.144799,1826372.23195628,2863.0,0.0,2930.0,BID
753,1712305891.1330967,1826572.23195628,2859.0,-1.5768620848552652e-08,2930.0,ASK
754,1712305917.6931677,1826672.6563678,2857.0,-7.917772345981333e-09,2930.0,ASK
755,1712305920.0774753,1826672.6563678,2857.0,-0.0,2930.0,ASK
756,1712305927.3965747,1826674.40680532,2857.0,1.3800058472690044e-10,2930.0,BID
757,1712305932.343101,1826767.13585502,2857.0,7.310551181476195e-09,2930.0,BID
758,1712305932.3930964,1826771.2835516,2857.0,3.2699513509179595e-10,2930.0,BID
759,1712305932.398816,1826841.28705178,2857.0,5.518919611519074e-09,2930.0,BID
760,1712305932.8530762,1827003.9819256,2858.0,-1.2826500496578832e-08,2930.0,ASK
761,1712305932.8562503,1827059.00614335,2858.0,-4.337986438799071e-09,2930.0,ASK
762,1712305945.2731416,1827409.02364422,2857.0,2.7594598055300893e-08,2930.0,BID
763,1712305950.0879097,1827409.02364422,2857.0,0.0,2930.0,BID
764,1712305960.5531476,1827549.03064457,2857.0,1.1036008611524497e-08,2930.0,BID
765,1712305980.114451,1827549.03064457,2857.0,0.0,2930.0,BID
766,1712306010.0775752,1827549.03064457,2857.0,0.0,2930.0,BID
767,1712306040.137856,1827549.03064457,2857.0,0.0,2930.0,BID
768,1712306056.3532033,1827556.03099458,2857.0,5.517830323251673e-10,2930.0,BID
769,1712306060.8131635,1827560.4074287,2856.0,-3.4496019287038035e-10,2930.0,ASK
770,1712306060.8183813,1827690.60875923,2856.0,-1.0262756129505684e-08,2930.0,ASK
771,1712306060.893118,1827860.54622032,2856.0,1.3394845608223053e-08,2930.0,BID
772,1712306060.9129708,1827860.54622034,2856.0,1.5782913513935097e-18,2930.0,BID
773,1712306061.4332457,1828111.96369603,2857.0,1.981728012454549e-08,2930.0,BID
774,1712306070.1270845,1828111.96369603,2857.0,0.0,2930.0,BID
775,1712306072.430109,1828114.02879928,2857.0,1.6275536576552306e-10,2930.0,BID
776,1712306073.1801434,1828131.52967432,2857.0,1.379282763813775e-09,2930.0,BID
777,1712306100.1092489,1828131.52967432,2857.0,0.0,2930.0,BID
778,1712306108.023326,1828563.1578402,2857.0,3.4068787040641025e-08,2930.0,BID
779,1712306111.58329,1828632.71392008,2857.0,5.490121961771819e-09,2930.0,BID
780,1712306111.6034598,1828816.58764839,2857.0,1.4513313512315076e-08,2930.0,BID
781,1712306112.589638,1828885.99046789,2857.0,5.4780249864822525e-09,2930.0,BID
782,1712306112.5979364,1829158.8775679,2857.0,2.1539216462926373e-08,2930.0,BID
783,1712306112.609282,1829333.02005008,2857.0,1.3745217780263656e-08,2930.0,BID
784,1712306112.6121674,1829769.81637996,2857.0,3.447671472614144e-08,2930.0,BID
785,1712306112.6692777,1829998.82144904,2857.0,1.8075569544468885e-08,2930.0,BID
786,1712306130.077665,1829998.82144904,2857.0,0.0,2930.0,BID
787,1712306160.1302836,1829998.82144904,2857.0,0.0,2930.0,BID
788,1712306164.6576612,1830008.82144904,2856.0,-7.88976483247237e-10,2930.0,ASK
789,1712306173.6544764,1830043.85999143,2854.0,-2.764458595305235e-09,2930.0,ASK
790,1712306173.6575687,1830179.30523304,2854.0,-1.0686311039788908e-08,2930.0,ASK
791,1712306190.1410248,1830179.30523304,2854.0,-0.0,2930.0,ASK
792,1712306220.07561,1830179.30523304,2854.0,-0.0,2930.0,ASK
793,1712306223.4132564,1830179.30523306,2854.0,-1.5797377574239817e-18,2930.0,ASK
794,1712306223.561507,1830329.30523304,2853.0,-1.1834166285151155e-08,2930.0,ASK
795,1712306223.564558,1830329.30523306,2853.0,-1.5797377574239817e-18,2930.0,ASK
796,1712306224.0730848,1830364.36834665,2852.0,-2.766284778364268e-09,2930.0,ASK
797,1712306224.0798476,1830371.90455049,2852.0,-5.94564596092263e-10,2930.0,ASK
798,1712306239.000351,1830371.9045505,2852.0,-7.898688787119914e-19,2930.0,ASK
799,1712306250.0770886,1830371.9045505,2852.0,-0.0,2930.0,ASK
800,1712306254.7526572,1831543.72700527,2852.0,9.244627122579005e-08,2930.0,BID
801,1712306280.1382766,1831543.72700527,2852.0,0.0,2930.0,BID
802,1712306290.4629722,1831561.25856207,2852.0,-1.3827178727716072e-09,2930.0,ASK
803,1712306290.4697628,1833194.82890183,2852.0,-1.2884006428992498e-07,2930.0,ASK
804,1712306300.4828217,1833310.62283751,2852.0,9.132694047075057e-09,2930.0,BID
805,1712306308.752924,1833328.15439431,2852.0,1.3827178727716072e-09,2930.0,BID
806,1712306310.1488948,1833328.15439431,2852.0,0.0,2930.0,BID
1007,1712306311.3427024,1834052.75631461,2850.0,-5.7126588506841494e-08,2930.0,ASK
807,1712306311.3427024,1834052.75631461,2850.0,-5.712658850684149e-08,2930.0,ASK
808,1712306311.3471055,1834778.15192863,2850.0,-5.718916219493159e-08,2930.0,ASK
809,1712306311.352223,1834816.74841985,2850.0,-3.042892669697678e-09,2930.0,ASK
810,1712306320.3592126,1834868.46986019,2850.0,4.077645057951862e-09,2930.0,BID
811,1712306320.532804,1834914.42986018,2850.0,3.623421265725595e-09,2930.0,BID
812,1712306325.134323,1835093.48759036,2850.0,1.4116657690786505e-08,2930.0,BID
813,1712306336.085614,1835163.68766056,2849.0,-5.534474048603269e-09,2930.0,ASK
814,1712306336.0888488,1835263.68766056,2849.0,-7.883858282240734e-09,2930.0,ASK
815,1712306336.6727262,1835360.68766056,2849.0,7.647342533773512e-09,2930.0,BID
816,1712306336.7328403,1835404.85790871,2849.0,3.482319767051717e-09,2930.0,BID
817,1712306336.7726133,1835503.55790871,2849.0,7.781368124586291e-09,2930.0,BID
818,1712306336.8985133,1835728.22888318,2849.0,1.7712741228542213e-08,2930.0,BID
1019,1712306338.1229992,1835775.12784638,2849.0,3.69744779452259e-09,2930.0,BID
819,1712306338.1229992,1835775.12784638,2849.0,3.6974477945225903e-09,2930.0,BID
820,1712306340.092085,1835775.12784638,2849.0,0.0,2930.0,BID
821,1712306340.2569098,1835927.12784638,2849.0,1.1976880219697594e-08,2930.0,BID
822,1712306341.3926706,1836030.12784638,2849.0,8.115912254137186e-09,2930.0,BID
823,1712306355.7929058,1836030.34577594,2849.0,1.717181734449399e-11,2930.0,BID
824,1712306370.084015,1836030.34577594,2849.0,0.0,2930.0,BID
825,1712306383.872768,1836135.53511675,2852.0,8.287947098830238e-09,2930.0,BID
826,1712306384.2127442,1836189.14260473,2852.0,4.223774206191176e-09,2930.0,BID
827,1712306400.107585,1836189.14260473,2852.0,0.0,2930.0,BID
828,1712306430.0939136,1836189.14260473,2852.0,0.0,2930.0,BID
829,1712306435.5530498,1836209.14260471,2848.0,-1.5777470867286443e-09,2930.0,ASK
830,1712306444.6930015,1839194.74148072,2847.0,-2.3552599667405095e-07,2930.0,ASK
831,1712306444.6992266,1839194.74148074,2848.0,-1.5795958414034528e-18,2930.0,ASK
832,1712306444.7045395,1839212.30382706,2847.0,-1.385447038504223e-09,2930.0,ASK
833,1712306460.1334364,1839212.30382706,2847.0,-0.0,2930.0,ASK
834,1712306465.294681,1839247.45321194,2845.0,-2.770960554870338e-09,2930.0,ASK
835,1712306465.2980456,1839267.45321194,2845.0,-1.576676555981018e-09,2930.0,ASK
836,1712306470.7196465,1839307.68484638,2845.0,3.1716137415278382e-09,2930.0,BID
837,1712306490.1578877,1839307.68484638,2845.0,0.0,2930.0,BID
838,1712306520.0945134,1839307.68484638,2845.0,0.0,2930.0,BID
839,1712306550.0779104,1839307.68484638,2845.0,0.0,2930.0,BID
840,1712306574.815339,1839337.68484638,2843.0,-2.364964242021055e-09,2930.0,ASK
841,1712306574.820912,1839352.28548225,2843.0,-1.1509993914356568e-09,2930.0,ASK
842,1712306580.102841,1839352.28548225,2843.0,-0.0,2930.0,ASK
843,1712306583.7226396,1839558.21212317,2849.0,1.623347580723453e-08,2930.0,BID
844,1712306610.0879073,1839558.21212317,2849.0,0.0,2930.0,BID
845,1712306640.126716,1839558.21212317,2849.0,0.0,2930.0,BID
846,1712306670.1274552,1839558.21212317,2849.0,0.0,2930.0,BID
847,1712306685.259505,1839560.21212317,2849.0,1.5765541539066515e-10,2930.0,BID
848,1712306696.3126595,1839570.7421337,2849.0,8.30056592089713e-10,2930.0,BID
849,1712306700.1004124,1839570.7421337,2849.0,0.0,2930.0,BID
850,1712306701.5128746,1839581.27214423,2848.0,8.31410218741336e-10,2930.0,BID
851,1712306709.6427295,1839584.78338018,2848.0,2.7723404841473905e-10,2930.0,BID
852,1712306714.903239,1839585.880341,2848.0,8.661192054147124e-11,2930.0,BID
853,1712306714.9081385,1840108.37183895,2848.0,4.125397304803404e-08,2930.0,BID
854,1712306721.8226562,1840157.01859004,2849.0,3.840965386446842e-09,2930.0,BID
855,1712306730.0780437,1840157.01859004,2849.0,0.0,2930.0,BID
856,1712306743.195337,1840276.46680081,2849.0,9.429940412994916e-09,2930.0,BID
857,1712306751.2227223,1840346.69151991,2848.0,5.543950071438165e-09,2930.0,BID
858,1712306754.1727226,1840369.45645901,2848.0,1.7971974451078803e-09,2930.0,BID
859,1712306754.9734058,1840750.14206762,2845.0,-3.005354858088918e-08,2930.0,ASK
860,1712306754.979812,1840760.67207815,2845.0,-8.313006214679353e-10,2930.0,ASK
861,1712306754.9852374,1840808.13185815,2848.0,-3.746752626330285e-09,2930.0,ASK
862,1712306760.1326902,1840808.13185815,2848.0,-0.0,2930.0,ASK
863,1712306790.1322658,1840808.13185815,2848.0,-0.0,2930.0,ASK
864,1712306820.0944254,1840808.13185815,2848.0,-0.0,2930.0,ASK
865,1712306850.1359992,1840808.13185815,2848.0,-0.0,2930.0,ASK
866,1712306869.0226152,1841325.58728085,2848.0,4.0844981578262686e-08,2930.0,BID
867,1712306869.034021,1841533.06771283,2849.0,1.6377322664540203e-08,2930.0,BID
868,1712306869.039717,1841733.06771283,2848.0,1.578686000241204e-08,2930.0,BID
869,1712306880.1378114,1841733.06771283,2848.0,0.0,2930.0,BID
870,1712306880.1756136,1841803.34178169,2846.0,-5.545881188016226e-09,2930.0,ASK
871,1712306880.178948,1842247.67056599,2846.0,-3.5065489818855943e-08,2930.0,ASK
872,1712306880.1822395,1842329.97782519,2846.0,-6.495515171359152e-09,2930.0,ASK
873,1712306906.772772,1842335.6387068,2845.0,-4.467448283328797e-10,2930.0,ASK
874,1712306906.7795756,1842511.1388823,2845.0,-1.3850103424857669e-08,2930.0,ASK
875,1712306906.9327302,1842511.13888231,2845.0,7.9010362749567655e-19,2930.0,BID
1075,1712306906.9327302,1842511.13888231,2845.0,7.901036274956765e-19,2930.0,BID
876,1712306906.940195,1842820.71724484,2845.0,2.44312709484684e-08,2930.0,BID
877,1712306910.1339896,1842820.71724484,2845.0,0.0,2930.0,BID
878,1712306923.732696,1842830.71724484,2850.0,7.88986185091148e-10,2930.0,BID
879,1712306923.7401724,1842880.71724484,2850.0,3.944930925455744e-09,2930.0,BID
880,1712306923.794268,1842881.88496733,2850.0,9.213169125652648e-11,2930.0,BID
881,1712306940.095116,1842881.88496733,2850.0,0.0,2930.0,BID
882,1712306944.375924,1843028.32189245,2852.0,1.1553512180936573e-08,2930.0,BID
883,1712306945.4825602,1843569.4934693,2852.0,4.269710252369874e-08,2930.0,BID
884,1712306945.5509894,1843746.15622513,2852.0,1.3938255666897677e-08,2930.0,BID
885,1712306945.5559807,1843781.25626023,2852.0,2.769306189312894e-09,2930.0,BID
1086,1712306948.417951,1843812.72491524,2853.0,2.4827992576133082e-09,2930.0,BID
886,1712306948.417951,1843812.72491524,2853.0,2.482799257613308e-09,2930.0,BID
887,1712306948.425426,1843882.82656262,2853.0,5.5308470609055245e-09,2930.0,BID
888,1712306948.432356,1843882.82656263,2853.0,7.8989982915666515e-19,2930.0,BID
889,1712306951.005921,1843902.82656263,2854.0,1.5779506666715634e-09,2930.0,BID
890,1712306968.7727222,1843937.92659773,2856.0,2.769306189312894e-09,2930.0,BID
891,1712306968.780184,1844043.00563913,2858.0,8.290477171516391e-09,2930.0,BID
892,1712306968.7839785,1844053.00563913,2857.0,7.889753333357817e-10,2930.0,BID
893,1712306970.0911987,1844053.00563913,2857.0,0.0,2930.0,BID
894,1712306980.4125378,1844175.87085869,2857.0,-9.691208186742944e-09,2930.0,ASK
895,1712306980.4530942,1844410.03258592,2857.0,-1.846991407398194e-08,2930.0,ASK
896,1712306984.8795793,1844457.90535455,2857.0,3.776048005538228e-09,2930.0,BID
897,1712306989.6326776,1844608.08443105,2853.0,-1.1845636225341713e-08,2930.0,ASK
898,1712306995.212675,1845457.90535455,2853.0,-6.703110547137117e-08,2930.0,ASK
899,1712306995.219623,1845492.95617805,2853.0,-2.76469475145981e-09,2930.0,ASK
900,1712306995.2924562,1845492.95617824,2853.0,-1.4985776791469593e-17,2930.0,ASK
901,1712306998.0878685,1846372.97905624,2853.0,6.941333723520758e-08,2930.0,BID
902,1712306998.1023996,1846432.3182534,2853.0,4.6804825268778745e-09,2930.0,BID
1102,1712306998.1023996,1846432.3182534,2853.0,4.680482526877874e-09,2930.0,BID
903,1712306998.1080992,1846437.35139423,2853.0,3.969977491708632e-10,2930.0,BID
904,1712307000.1135912,1846437.35139423,2853.0,0.0,2930.0,BID
905,1712307009.302608,1846694.07792055,2848.0,-2.025609984641468e-08,2930.0,ASK
906,1712307009.310109,1847264.81081223,2848.0,-4.50316630899811e-08,2930.0,ASK
907,1712307009.3255348,1847264.81081252,2848.0,-2.288986680738352e-17,2930.0,ASK
1107,1712307009.3255348,1847264.81081252,2848.0,-2.2889866807383518e-17,2930.0,ASK
908,1712307009.4025466,1847314.81081251,2847.0,-3.945073408018572e-09,2930.0,ASK
909,1712307030.0789485,1847314.81081251,2847.0,-0.0,2930.0,ASK
910,1712307032.4139006,1847314.81081252,2847.0,-7.897835011505406e-19,2930.0,ASK
911,1712307032.4174037,1847318.32331252,2847.0,-2.770867734410092e-10,2930.0,ASK
1111,1712307032.4174037,1847318.32331252,2847.0,-2.7708677344100916e-10,2930.0,ASK
912,1712307033.0943005,1847927.49634006,2847.0,4.8055171151757494e-08,2930.0,BID
1112,1712307033.0943005,1847927.49634006,2847.0,4.805517115175749e-08,2930.0,BID
913,1712307033.1014378,1848853.34115586,2847.0,7.303611465354126e-08,2930.0,BID
914,1712307060.1275642,1848853.34115586,2847.0,0.0,2930.0,BID
915,1712307070.3985338,1848855.34115586,2843.0,-1.5771733131847748e-10,2930.0,ASK
916,1712307070.4044466,1849061.31381758,2843.0,-1.6242729265512316e-08,2930.0,ASK
917,1712307070.4096007,1850556.26613886,2843.0,-1.1788994528032453e-07,2930.0,ASK
918,1712307070.4523551,1850556.26613905,2843.0,-1.4982342528630704e-17,2930.0,ASK
919,1712307070.5457938,1850913.26613905,2842.0,-2.8152543640348243e-08,2930.0,ASK
920,1712307070.5491934,1850933.26613905,2842.0,-1.5771733131847751e-09,2930.0,ASK
921,1712307070.6124074,1852164.68729436,2842.0,-9.710822917230505e-08,2930.0,ASK
922,1712307070.632644,1852335.59055847,2842.0,-1.3477203364521222e-08,2930.0,ASK
923,1712307070.63932,1852550.14275204,2842.0,-1.691929969918902e-08,2930.0,ASK
924,1712307075.5724795,1852925.77627317,2842.0,-2.9621958253199243e-08,2930.0,ASK
925,1712307078.4941688,1852971.66805617,2842.0,-3.6189647721009726e-09,2930.0,ASK
1126,1712307078.4976785,1852971.66805671,2842.0,-4.257849549496888e-17,2930.0,ASK
926,1712307078.4976785,1852971.66805671,2842.0,-4.2578495494968876e-17,2930.0,ASK
927,1712307078.5628626,1853003.36935998,2841.0,-2.499922475545239e-09,2930.0,ASK
928,1712307078.5686884,1854172.1103338,2841.0,-9.21653536967228e-08,2930.0,ASK
929,1712307078.6445026,1854233.90130295,2841.0,-4.872753376952935e-09,2930.0,ASK
930,1712307080.1725898,1854235.90130295,2840.0,-1.5771733131847748e-10,2930.0,ASK
931,1712307080.1795194,1854277.30658463,2840.0,-3.265165264524804e-09,2930.0,ASK
932,1712307080.1853707,1854285.04499859,2840.0,-6.10240999202408e-10,2930.0,ASK
933,1712307081.0326006,1854355.4675338,2840.0,-5.5534271590131385e-09,2930.0,ASK
1133,1712307081.0326006,1854355.4675338,2840.0,-5.553427159013138e-09,2930.0,ASK
934,1712307081.0405295,1854390.6788014,2840.0,-2.776713579093453e-09,2930.0,ASK
935,1712307081.0464363,1854667.67772118,2840.0,-2.1843765202911853e-08,2930.0,ASK
1136,1712307081.0923803,1855034.16784794,2840.0,-2.890092237357713e-08,2930.0,ASK
936,1712307081.0923803,1855034.16784794,2840.0,-2.8900922373577132e-08,2930.0,ASK
937,1712307082.5066826,1855406.7049649,2840.0,-2.9377779951999364e-08,2930.0,ASK
938,1712307082.5166647,1855556.75985794,2840.0,-1.183312864078194e-08,2930.0,ASK
939,1712307085.0766494,1856538.68295694,2840.0,-7.743314536712516e-08,2930.0,ASK
940,1712307085.0924976,1856538.68295785,2840.0,-7.175366985525588e-17,2930.0,ASK
941,1712307085.098333,1857709.8879828,2839.0,-9.235966548095037e-08,2930.0,ASK
942,1712307085.1524537,1857908.49095422,2839.0,-1.5661565322153565e-08,2930.0,ASK
943,1712307085.1737182,1858048.77031255,2839.0,-1.1062243017434069e-08,2930.0,ASK
944,1712307085.2523887,1858119.24247604,2838.0,-5.557340778942679e-09,2930.0,ASK
945,1712307085.255932,1858270.42693692,2838.0,-1.192220485340834e-08,2930.0,ASK
946,1712307085.261202,1859225.72873395,2838.0,-7.533382501566094e-08,2930.0,ASK
947,1712307090.133556,1859225.72873395,2838.0,-0.0,2930.0,ASK
948,1712307090.2727864,1859225.72873396,2838.0,-7.8768047086356695e-19,2930.0,ASK
949,1712307090.276376,1859330.09443234,2838.0,-8.211060788280819e-09,2930.0,ASK
950,1712307090.2798965,1860472.01933255,2838.0,-8.98419204472924e-08,2930.0,ASK
951,1712307096.0324323,1860586.17322261,2838.0,8.981155159709703e-09,2930.0,BID
952,1712307111.7625148,1861595.59593361,2840.0,-7.941719712275473e-08,2930.0,ASK
953,1712307111.782266,1861595.59593387,2840.0,-2.044305594148234e-17,2930.0,ASK
954,1712307114.3725755,1862718.07345324,2839.0,-8.83118810883114e-08,2930.0,ASK
955,1712307114.3808217,1864522.38473617,2838.0,-1.4195573694324e-07,2930.0,ASK
956,1712307120.0877817,1864522.38473617,2838.0,-0.0,2930.0,ASK
957,1712307127.1643748,1865160.04420217,2839.0,-5.010913125826223e-08,2930.0,ASK
958,1712307127.2623763,1865431.45489117,2839.0,-2.132823954656993e-08,2930.0,ASK
959,1712307127.2684393,1865431.4548912,2839.0,-2.360249484024396e-18,2930.0,ASK
960,1712307129.7421854,1865434.97354003,2842.0,2.7650563580698376e-10,2930.0,BID
961,1712307131.9480612,1866080.48064203,2838.0,-5.07258212681492e-08,2930.0,ASK
962,1712307131.951929,1867040.11654181,2838.0,-7.541097376607873e-08,2930.0,ASK
963,1712307132.0525072,1867110.61354569,2837.0,-5.539859139690224e-09,2930.0,ASK
964,1712307132.0623374,1867584.74362684,2837.0,-3.725851765185504e-08,2930.0,ASK
1165,1712307132.6305983,1867913.52104616,2837.0,-2.5836283687289122e-08,2930.0,ASK
965,1712307132.6305983,1867913.52104616,2837.0,-2.583628368728912e-08,2930.0,ASK
966,1712307133.9701724,1867913.52104618,2837.0,-1.5734996560162641e-18,2930.0,ASK
967,1712307133.9739656,1868065.29693716,2837.0,-1.19269899507017e-08,2930.0,ASK
968,1712307150.0783062,1868065.29693716,2837.0,-0.0,2930.0,ASK
969,1712307152.132625,1868883.95952531,2836.0,-6.428209088755245e-08,2930.0,ASK
970,1712307152.140589,1869319.0286621,2836.0,-3.416200300138694e-08,2930.0,ASK
971,1712307152.146405,1869528.69133831,2835.0,-1.6462893752502005e-08,2930.0,ASK
972,1712307165.142328,1869551.9129853,2840.0,1.823383704070919e-09,2930.0,BID
973,1712307165.9622605,1869601.02895019,2840.0,3.856627827861335e-09,2930.0,BID
974,1712307167.5323348,1869724.86035734,2840.0,9.723348647382642e-09,2930.0,BID
975,1712307170.1827009,1870456.55755791,2837.0,-5.7453493820327626e-08,2930.0,ASK
976,1712307180.1343224,1870456.55755791,2837.0,-0.0,2930.0,ASK
977,1712307186.2904706,1870822.4061582,2838.0,-2.8711455164874795e-08,2930.0,ASK
978,1712307200.9092045,1870859.4061582,2838.0,-2.903725312214498e-09,2930.0,ASK
979,1712307210.1452365,1870859.4061582,2838.0,-0.0,2930.0,ASK
980,1712307220.772439,1871397.96278628,2843.0,4.226162739345303e-08,2930.0,BID
981,1712307220.7843864,1871564.12779315,2842.0,1.3039304021198753e-08,2930.0,BID
982,1712307228.0823743,1871567.64149659,2846.0,2.7572741251976247e-10,2930.0,BID
983,1712307238.4026527,1871766.59575052,2846.0,1.5612342527288622e-08,2930.0,BID
984,1712307238.410646,1872956.40238907,2846.0,9.336653233275269e-08,2930.0,BID
985,1712307240.082225,1872956.40238907,2846.0,0.0,2930.0,BID
986,1712307250.1561346,1873097.34671607,2846.0,1.10550109233955e-08,2930.0,BID
987,1712307270.095342,1873097.34671607,2846.0,0.0,2930.0,BID
988,1712307283.142351,1873592.07107234,2846.0,3.880263370611445e-08,2930.0,BID
989,1712307285.092405,1873651.07107234,2846.0,-4.627537253111595e-09,2930.0,ASK
990,1712307288.9176626,1873792.01539934,2846.0,-1.1054663115381924e-08,2930.0,ASK
1191,1712307291.8022163,1874533.58362221,2846.0,-5.816329791617226e-08,2930.0,ASK
991,1712307291.8022163,1874533.58362221,2846.0,-5.8163297916172264e-08,2930.0,ASK
992,1712307300.093054,1874533.58362221,2846.0,-0.0,2930.0,ASK
993,1712307330.0724366,1874533.58362221,2846.0,-0.0,2930.0,ASK
994,1712307339.772614,1874741.46948953,2846.0,1.6320605996340296e-08,2930.0,BID
995,1712307360.1432073,1874741.46948953,2846.0,0.0,2930.0,BID
996,1712307365.132766,1874744.98319297,2846.0,2.7583936645020376e-10,2930.0,BID
997,1712307365.5756297,1874755.5243033,2842.0,-8.275181001182922e-10,2930.0,ASK
998,1712307377.3629775,1875669.98192792,2842.0,7.178847507253463e-08,2930.0,BID
999,1712307385.1829364,1875671.91718478,2842.0,1.5192517959465042e-10,2930.0,BID
1000,1712307390.136097,1875671.91718478,2842.0,0.0,2930.0,BID
1201,1712307410.062814,1875707.10367316,2842.0,2.761702688048541e-09,2930.0,BID
1202,1712307420.0732734,1875707.10367316,2842.0,0.0,2930.0,BID
1203,1712307450.0935757,1875707.10367316,2842.0,0.0,2930.0,BID
1204,1712307480.1234813,1875707.10367316,2842.0,0.0,2930.0,BID
1205,1712307501.803131,1875742.29016154,2842.0,2.761681012261458e-09,2930.0,BID
1206,1712307510.123104,1875742.29016154,2842.0,0.0,2930.0,BID
1207,1712307540.0733895,1875742.29016154,2842.0,0.0,2930.0,BID
1208,1712307550.563188,1875781.35012891,2841.0,3.065674596991282e-09,2930.0,BID
1209,1712307554.5634985,1875800.88011259,2841.0,-1.532837298102749e-09,2930.0,ASK
1210,1712307564.9433334,1875871.27785986,2841.0,-5.525262820802492e-09,2930.0,ASK
1211,1712307564.9460208,1875988.68227699,2841.0,-9.214645157286816e-09,2930.0,ASK
1212,1712307570.0835412,1875988.68227699,2841.0,-0.0,2930.0,ASK
1213,1712307572.6132867,1877203.43927699,2841.0,9.533661539996281e-08,2930.0,BID
1214,1712307572.7332618,1878219.15145499,2842.0,7.971517041766165e-08,2930.0,BID
1215,1712307572.753201,1878891.31140654,2842.0,5.2752488594983654e-08,2930.0,BID
1216,1712307572.7544205,1878955.20511551,2842.0,5.014509040527158e-09,2930.0,BID
1217,1712307572.8133802,1879266.70954028,2842.0,2.4447504759961804e-08,2930.0,BID
1218,1712307572.816008,1879603.45096356,2842.0,2.6428156051358268e-08,2930.0,BID
1219,1712307588.623355,1879955.56363961,2842.0,2.7634523426525312e-08,2930.0,BID
1220,1712307594.443279,1880155.56363961,2842.0,-1.5696409306546758e-08,2930.0,ASK
1221,1712307600.128537,1880155.56363961,2842.0,-0.0,2930.0,ASK
1222,1712307604.2931674,1881211.90166761,2843.0,-8.297812835006227e-08,2930.0,ASK
1223,1712307604.5332878,1881211.90166777,2843.0,-1.2564858319792565e-17,2930.0,ASK
1224,1712307604.5955734,1881222.45761417,2842.0,-8.291973326830264e-10,2930.0,ASK
1225,1712307604.5967946,1881725.93958977,2842.0,-3.9549832426643626e-08,2930.0,ASK
1226,1712307610.1932683,1881725.93958989,2842.0,-9.419071375099233e-18,2930.0,ASK
1227,1712307610.913303,1881934.65212955,2842.0,1.6394918525246215e-08,2930.0,BID
1228,1712307611.0733824,1881934.65212957,2842.0,1.5728934723466676e-18,2930.0,BID
1229,1712307630.0876477,1881934.65212957,2842.0,0.0,2930.0,BID
1230,1712307634.0049727,1882340.27060472,2852.0,3.1849744685033894e-08,2930.0,BID
1231,1712307634.0078845,1882343.78307399,2847.0,2.758041270575589e-10,2930.0,BID
1232,1712307634.0107155,1882414.0077931,2848.0,5.514145708993651e-09,2930.0,BID
1233,1712307634.013478,1882417.51656503,2850.0,2.75513806622485e-10,2930.0,BID
1234,1712307634.0161958,1882487.61821242,2853.0,5.504481940935543e-09,2930.0,BID
1235,1712307634.018261,1883908.57735984,2855.0,1.1157575116972944e-07,2930.0,BID
1236,1712307634.0194793,1884097.50454355,2845.0,1.4834833553872892e-08,2930.0,BID
1237,1712307634.0207047,1891551.10717485,2859.0,5.852675736793352e-07,2930.0,BID
1238,1712307634.0219464,1892099.10717485,2846.0,4.302974631749821e-08,2930.0,BID
1239,1712307634.0232108,1893845.02455068,2850.0,1.370919375424766e-07,2930.0,BID
1240,1712307634.024449,1894093.02455068,2853.0,1.947331585171452e-08,2930.0,BID
1241,1712307634.025707,1894163.00355698,2858.0,5.4948519865672045e-09,2930.0,BID
1242,1712307634.026967,1894183.00355698,2859.0,1.5704286977189131e-09,2930.0,BID
1243,1712307634.103557,1894434.05541398,2859.0,-1.9712952042419983e-08,2930.0,ASK
1244,1712307634.106826,1896693.31707444,2859.0,-1.7740046736211684e-07,2930.0,ASK
1245,1712307634.109729,1899085.23322944,2859.0,-1.878166886174728e-07,2930.0,ASK
1246,1712307634.1199422,1899527.89632379,2859.0,-3.475854133942548e-08,2930.0,ASK
1247,1712307634.1270585,1899659.89632379,2845.0,-1.0364829404944824e-08,2930.0,ASK
1248,1712307634.1432729,1900358.89632379,2845.0,-5.4886482985276004e-08,2930.0,ASK
1249,1712307634.183741,1900505.21577064,2841.0,-1.1489212918369618e-08,2930.0,ASK
1250,1712307634.186597,1900765.21577064,2843.0,-2.0415573070345863e-08,2930.0,ASK
1251,1712307634.1894877,1900932.4583018,2845.0,-1.313212352065053e-08,2930.0,ASK
1252,1712307634.191904,1901022.70983541,2842.0,-7.086679919699819e-09,2930.0,ASK
1253,1712307634.1941206,1901078.9016312,2847.0,4.412260434256875e-09,2930.0,BID
1254,1712307634.1963696,1901478.39450158,2847.0,3.136875340893781e-08,2930.0,BID
1255,1712307634.1986196,1901513.58098996,2847.0,2.762893556210171e-09,2930.0,BID
1256,1712307634.2136822,1902628.51774867,2848.0,8.75464341009819e-08,2930.0,BID
1257,1712307634.2150111,1902677.07181438,2848.0,3.8125349090904814e-09,2930.0,BID
1258,1712307634.2163205,1902772.25947138,2848.0,7.474271411073687e-09,2930.0,BID
1259,1712307634.323314,1903177.87794654,2848.0,3.1849744685820034e-08,2930.0,BID
1260,1712307634.383186,1903246.39117204,2848.0,5.37975677492485e-09,2930.0,BID
1261,1712307634.3848095,1904098.04160016,2848.0,6.6872813637216e-08,2930.0,BID
1262,1712307634.6031892,1904124.06655674,2848.0,2.043516933507495e-09,2930.0,BID
1263,1712307641.9937546,1905057.60126556,2855.0,7.330248485236556e-08,2930.0,BID
1264,1712307641.9968193,1905551.16224817,2854.0,3.8755116558262246e-08,2930.0,BID
1265,1712307641.9993882,1905607.22661654,2854.0,4.402254650385769e-09,2930.0,BID
1266,1712307642.0017128,1906944.16920271,2855.0,1.049786502261989e-07,2930.0,BID
1267,1712307642.0040371,1907039.35685972,2854.0,7.474271411859821e-09,2930.0,BID
1268,1712307642.0063803,1909280.09476107,2855.0,1.759459552173259e-07,2930.0,BID
1269,1712307642.0087175,1909616.33656705,2852.0,2.6402189074189933e-08,2930.0,BID
1270,1712307642.1224842,1919245.84695705,2855.0,-7.561229730719182e-07,2930.0,ASK
1271,1712307642.1239195,1919477.9525035,2855.0,-1.822526055224125e-08,2930.0,ASK
1272,1712307642.1252887,1920343.6284855,2855.0,-6.797412025294583e-08,2930.0,ASK
1273,1712307642.153197,1921717.31075096,2855.0,-1.0786350256127941e-07,2930.0,ASK
1274,1712307644.0334835,1921983.31075096,2851.0,-2.088670167966154e-08,2930.0,ASK
1275,1712307644.0432563,1922249.31075096,2850.0,-2.088670167966154e-08,2930.0,ASK
1276,1712307644.0733323,1922514.55227014,2848.0,2.0827144677351603e-08,2930.0,BID
1277,1712307644.0933826,1922779.79378932,2848.0,2.0827144677333322e-08,2930.0,BID
1278,1712307644.1033075,1923045.03530832,2848.0,2.0827144663219467e-08,2930.0,BID
1279,1712307644.1057286,1924301.00147825,2848.0,9.862026583109573e-08,2930.0,BID
1280,1712307644.3634174,1924642.23025704,2849.0,-2.6793773334968482e-08,2930.0,ASK
1281,1712307644.364929,1924694.89879636,2851.0,-4.13560928076257e-09,2930.0,ASK
1282,1712307644.3664114,1924755.41522333,2851.0,-4.751836679856359e-09,2930.0,ASK
1283,1712307646.1835916,1924842.14806039,2856.0,6.810386817680182e-09,2930.0,BID
1284,1712307646.1932485,1924928.35903034,2856.0,6.769409063388832e-09,2930.0,BID
1285,1712307646.1958272,1925884.90463359,2856.0,7.510933330102625e-08,2930.0,BID
1286,1712307646.345998,1925935.79746583,2857.0,3.9961782129015645e-09,2930.0,BID
1287,1712307646.34923,1925935.79746584,2857.0,7.678522414550458e-19,2930.0,BID
1288,1712307647.6333094,1926214.28282496,2859.0,2.186706999284461e-08,2930.0,BID
1289,1712307660.1282258,1926214.28282496,2859.0,0.0,2930.0,BID
1290,1712307665.4617126,1926216.39104703,2846.0,-1.6391382972330388e-10,2930.0,ASK
1291,1712307690.1398897,1926216.39104703,2846.0,-0.0,2930.0,ASK
1292,1712307698.5036025,1926220.1339039,2845.0,-2.91006211448314e-10,2930.0,ASK
1293,1712307720.0907302,1926220.1339039,2845.0,-0.0,2930.0,ASK
1294,1712307733.737576,1926290.3586229,2848.0,-5.459950304615228e-09,2930.0,ASK
1295,1712307736.57347,1926290.358623,2848.0,-7.784079702882859e-18,2930.0,ASK
1296,1712307750.073647,1926290.358623,2848.0,-0.0,2930.0,ASK
1297,1712307752.2036831,1926717.65829714,2845.0,-3.322190164966964e-08,2930.0,ASK
1298,1712307780.124706,1926717.65829714,2845.0,-0.0,2930.0,ASK
1299,1712307810.1376925,1926717.65829714,2845.0,-0.0,2930.0,ASK
1300,1712307840.1045065,1926717.65829714,2845.0,-0.0,2930.0,ASK
1301,1712307870.0902498,1926717.65829714,2845.0,-0.0,2930.0,ASK
1302,1712307887.4138138,1927570.33068514,2852.0,6.62877197892269e-08,2930.0,BID
1303,1712307887.43442,1927570.33068531,2852.0,1.321337861752706e-17,2930.0,BID
1304,1712307887.573715,1927605.35695431,2856.0,2.7229819300014167e-09,2930.0,BID
1305,1712307900.1244442,1927605.35695431,2856.0,0.0,2930.0,BID
1306,1712307905.3484516,1927605.35695502,2856.0,5.5320475979867154e-17,2930.0,BID
1307,1712307905.3512003,1927608.85835487,2856.0,2.728538297196881e-10,2930.0,BID
1308,1712307930.1243224,1927608.85835487,2856.0,0.0,2930.0,BID
1309,1712307933.4438574,1927775.89143265,2856.0,1.301638813011099e-08,2930.0,BID
1310,1712307933.445432,1927806.30924975,2856.0,2.37036950231129e-09,2930.0,BID
1311,1712307933.493737,1927958.99841089,2856.0,-1.1898609611193128e-08,2930.0,ASK
1312,1712307941.173772,1928705.47846217,2856.0,-5.8170957561158224e-08,2930.0,ASK
1313,1712307941.185913,1928705.47846218,2856.0,-7.62039416382928e-19,2930.0,ASK
1314,1712307960.074369,1928705.47846218,2856.0,-0.0,2930.0,ASK
1315,1712307990.0750237,1928705.47846218,2856.0,-0.0,2930.0,ASK
1316,1712307992.303831,1928722.90159464,2850.0,-1.3574013055900838e-09,2930.0,ASK
1317,1712308007.5536735,1929428.77344337,2856.0,5.4993060016019094e-08,2930.0,BID
1318,1712308020.1446598,1929428.77344337,2856.0,0.0,2930.0,BID
1319,1712308042.8339193,1929623.79024337,2850.0,-1.519092309963284e-08,2930.0,ASK
1320,1712308042.861892,1930422.29439006,2850.0,-6.219984681883699e-08,2930.0,ASK
1321,1712308042.86656,1930776.73041937,2850.0,-2.7608957100035884e-08,2930.0,ASK
1322,1712308042.9343977,1930808.02250112,2850.0,-2.4375110631053427e-09,2930.0,ASK
1323,1712308047.5068333,1930853.57819613,2848.0,-3.5485817613924276e-09,2930.0,ASK
1324,1712308050.143896,1930853.57819613,2848.0,-0.0,2930.0,ASK
1325,1712308052.679987,1930855.57819613,2850.0,-1.5574165602309444e-10,2930.0,ASK
1326,1712308052.809991,1930880.24722021,2848.0,-1.920997331349361e-09,2930.0,ASK
1327,1712308064.192247,1930880.24722022,2848.0,-7.7962074533489795e-19,2930.0,ASK
1328,1712308064.4346097,1930895.08333621,2845.0,-1.1553006366218652e-09,2930.0,ASK
1329,1712308064.441983,1931097.27310714,2845.0,-1.5744684877782683e-08,2930.0,ASK
1330,1712308064.4578264,1931114.19665722,2845.0,-1.317850857609652e-09,2930.0,ASK
1331,1712308065.3282423,1931186.17454884,2845.0,-5.604978018976031e-09,2930.0,ASK
1332,1712308065.9615636,1931186.17454885,2845.0,-7.7962074533489795e-19,2930.0,ASK
1333,1712308072.083749,1931256.52277255,2843.0,-5.478074428657067e-09,2930.0,ASK
1334,1712308072.0854158,1931267.05391217,2843.0,-8.200685621234973e-10,2930.0,ASK
1335,1712308074.323767,1931267.05391218,2843.0,-7.7962074533489795e-19,2930.0,ASK
1336,1712308074.3354554,1931385.00560517,2841.0,-9.18499599849724e-09,2930.0,ASK
1337,1712308080.0798876,1931385.00560517,2841.0,-0.0,2930.0,ASK
1338,1712308094.3240118,1931490.34268382,2848.0,8.201720266419602e-09,2930.0,BID
1339,1712308097.2972994,1931505.39099083,2841.0,-1.171686230155174e-09,2930.0,ASK
1340,1712308099.305523,1931525.54155683,2841.0,1.568956607305827e-09,2930.0,BID
1341,1712308110.088147,1931525.54155683,2841.0,0.0,2930.0,BID
1342,1712308139.0141537,1931528.70834078,2839.0,-2.4656339000329376e-10,2930.0,ASK
1343,1712308139.0177824,1931530.95321696,2838.0,-1.7478435212788928e-10,2930.0,ASK
1344,1712308140.13878,1931530.95321696,2838.0,-0.0,2930.0,ASK
1345,1712308152.1553996,1931530.95321759,2841.0,4.905435491612559e-17,2930.0,BID
1346,1712308152.15823,1931534.46445291,2848.0,2.7338178473817457e-10,2930.0,BID
1347,1712308170.128348,1931534.46445291,2848.0,0.0,2930.0,BID
1348,1712308174.115219,1931551.79720854,2839.0,-1.3495125069544031e-09,2930.0,ASK
1349,1712308200.1339457,1931551.79720854,2839.0,-0.0,2930.0,ASK
1350,1712308221.5672212,1931569.33588554,2839.0,-1.3689660028518183e-09,2930.0,ASK
1351,1712308230.08974,1931569.33588554,2839.0,-0.0,2930.0,ASK
1352,1712308239.9749413,1931619.33588554,2838.0,-3.9026908426320626e-09,2930.0,ASK
1353,1712308239.978689,1931719.33588457,2838.0,-7.805381609554074e-09,2930.0,ASK
1354,1712308239.9822752,1931719.33588554,2839.0,-7.571005285906221e-17,2930.0,ASK
1355,1712308260.1397808,1931719.33588554,2839.0,-0.0,2930.0,ASK
1356,1712308270.864539,1931914.8440318,2838.0,-1.5259650001219956e-08,2930.0,ASK
1357,1712308270.8674445,1931933.07132008,2838.0,-1.422662149600231e-09,2930.0,ASK
1358,1712308271.0243087,1931968.30740182,2838.0,-2.750219287809624e-09,2930.0,ASK
1359,1712308271.0344543,1932162.42366018,2838.0,-1.5151011447767978e-08,2930.0,ASK
1360,1712308287.0952442,1932232.77188318,2843.0,5.4907648694940725e-09,2930.0,BID
1361,1712308287.114604,1932232.77188389,2843.0,5.542678557913434e-17,2930.0,BID
1362,1712308290.1336968,1932232.77188389,2843.0,0.0,2930.0,BID
1363,1712308302.864471,1932235.22974905,2848.0,1.9181756185161847e-10,2930.0,BID
1364,1712308320.0859883,1932235.22974905,2848.0,0.0,2930.0,BID
1365,1712308327.195061,1932270.3421086,2848.0,2.740249396135334e-09,2930.0,BID
1366,1712308336.1345694,1932623.07579466,2845.0,-2.7528149136308093e-08,2930.0,ASK
1367,1712308348.1946154,1932693.69114348,2845.0,-5.510984435140124e-09,2930.0,ASK
1368,1712308350.0747533,1932693.69114348,2845.0,-0.0,2930.0,ASK
1369,1712308356.9345975,1932726.34563788,2848.0,2.548172534449776e-09,2930.0,BID
1370,1712308379.6413178,1932796.69386088,2845.0,-5.489578478831681e-09,2930.0,ASK
1371,1712308380.133094,1932796.69386088,2845.0,-0.0,2930.0,ASK
1372,1712308387.944593,1932799.78158017,2850.0,2.4094268354922097e-10,2930.0,BID
1373,1712308403.0644877,1934395.89214245,2845.0,-1.2454861534371633e-07,2930.0,ASK
1374,1712308403.0666244,1934413.49157926,2844.0,-1.373329352813992e-09,2930.0,ASK
1375,1712308403.0695162,1934982.83455572,2843.0,-4.442729786366839e-08,2930.0,ASK
1376,1712308407.7153664,1935003.99407684,2843.0,-1.6511318947004743e-09,2930.0,ASK
1377,1712308410.1311808,1935003.99407684,2843.0,-0.0,2930.0,ASK
1378,1712308424.6247694,1935003.99407686,2843.0,-1.5435555831569093e-18,2930.0,ASK
1379,1712308424.6288006,1935007.51147686,2843.0,-2.7433736803968124e-10,2930.0,ASK
1380,1712308424.6845882,1935053.53940561,2843.0,3.589918925786074e-09,2930.0,BID
1381,1712308424.7076662,1935222.89191326,2843.0,1.320854074586644e-08,2930.0,BID
1382,1712308424.8958347,1935364.69194319,2843.0,1.1059602831297428e-08,2930.0,BID
1383,1712308424.9710226,1935417.00348401,2843.0,4.0800052386975745e-09,2930.0,BID
1384,1712308440.0845704,1935417.00348401,2843.0,0.0,2930.0,BID
1385,1712308451.524595,1936054.00348401,2841.0,-4.967785894649926e-08,2930.0,ASK
1386,1712308451.536805,1936308.99163591,2840.0,-1.9885817022161626e-08,2930.0,ASK
1387,1712308451.5947149,1936353.35606243,2840.0,3.459858277709002e-09,2930.0,BID
1388,1712308470.074595,1936353.35606243,2840.0,0.0,2930.0,BID
1389,1712308489.294611,1936440.87515529,2837.0,-6.823955184999563e-09,2930.0,ASK
1390,1712308489.2984953,1936511.34731878,2838.0,-5.4947882768334314e-09,2930.0,ASK
1391,1712308489.394741,1936511.34731927,2837.0,3.8214272610418565e-17,2930.0,BID
1392,1712308489.3985744,1936525.17736827,2837.0,1.0783433819779764e-09,2930.0,BID
1393,1712308493.184906,1936709.93892486,2835.0,-1.4406051764025556e-08,2930.0,ASK
1394,1712308493.188844,1936829.78383132,2837.0,-9.344432673023038e-09,2930.0,ASK
1395,1712308493.1926928,1936871.02596856,2835.0,-3.2156925656195147e-09,2930.0,ASK
1396,1712308493.195537,1936891.02596856,2836.0,-1.5594209130848101e-09,2930.0,ASK
1397,1712308498.5644608,1939274.60017956,2838.0,1.8584977362615125e-07,2930.0,BID
1398,1712308498.5845,1940394.86268948,2838.0,8.734803930570138e-08,2930.0,BID
1399,1712308500.0959687,1940394.86268948,2838.0,0.0,2930.0,BID
1400,1712308504.4145925,1940656.86268948,2836.0,-2.042123653885585e-08,2930.0,ASK
1401,1712308504.495375,1942300.59902148,2836.0,1.2811881085222638e-07,2930.0,BID
1402,1712308504.4992938,1943548.31573831,2836.0,9.725159621325645e-08,2930.0,BID
1403,1712308521.9200752,1943778.43273378,2838.0,-1.7936158763746742e-08,2930.0,ASK
1404,1712308521.9233408,1943798.97708574,2838.0,-1.6013017973817906e-09,2930.0,ASK
1405,1712308521.9264472,1943905.3426851,2836.0,-8.290523145514119e-09,2930.0,ASK
1406,1712308530.0856242,1943905.3426851,2836.0,-0.0,2930.0,ASK
1407,1712308535.5641491,1944078.51525748,2836.0,-1.3487236105604381e-08,2930.0,ASK
1408,1712308548.1942525,1944199.72867426,2836.0,-9.440490193148611e-09,2930.0,ASK
1409,1712308548.1975162,1944220.4434911,2836.0,-1.6133364641248495e-09,2930.0,ASK
1410,1712308548.2007291,1944857.5848786,2836.0,-4.962261752974564e-08,2930.0,ASK
1411,1712308560.0955198,1944857.5848786,2836.0,-0.0,2930.0,ASK
1412,1712308590.0842392,1944857.5848786,2836.0,-0.0,2930.0,ASK
1413,1712308592.261236,1945039.37472345,2836.0,-1.415539968147468e-08,2930.0,ASK
1414,1712308592.265092,1946105.3015956,2836.0,-8.300035086641695e-08,2930.0,ASK
1415,1712308592.2741678,1946189.64232589,2836.0,-6.5673456494007436e-09,2930.0,ASK
1416,1712308592.2781756,1946511.90537243,2836.0,-2.5093603166374263e-08,2930.0,ASK
1417,1712308593.884228,1946638.78316667,2835.0,-9.879572149098284e-09,2930.0,ASK
1418,1712308593.9844775,1946988.78316626,2835.0,-2.725339188664852e-08,2930.0,ASK
1419,1712308593.9888036,1947074.18880778,2835.0,-6.6502669154285305e-09,2930.0,ASK
1420,1712308593.993011,1947102.95808467,2835.0,-2.240172509418349e-09,2930.0,ASK
1421,1712308594.044099,1947102.95808508,2835.0,-3.192655154677554e-17,2930.0,ASK
1422,1712308594.7843175,1947377.21618031,2835.0,2.1355609588984053e-08,2930.0,BID
1423,1712308595.7741954,1947550.0994036,2835.0,1.3461869258489529e-08,2930.0,BID
1424,1712308620.1239526,1947550.0994036,2835.0,0.0,2930.0,BID
1425,1712308634.6583722,1947726.5284786,2834.0,-1.372981102184428e-08,2930.0,ASK
1426,1712308637.5071,1947726.52847911,2834.0,-3.968063889150608e-17,2930.0,ASK
1427,1712308638.6987865,1947761.52847911,2833.0,-2.723719918410571e-09,2930.0,ASK
1428,1712308643.2307603,1947791.52847835,2833.0,-2.3346170137828873e-09,2930.0,ASK
1429,1712308643.234052,1947827.12501911,2833.0,-2.7701430598448438e-09,2930.0,ASK
1430,1712308645.9142013,1947827.12501987,2833.0,-5.914045906021727e-17,2930.0,ASK
1431,1712308650.1251304,1947827.12501987,2833.0,-0.0,2930.0,ASK
1432,1712308672.9041605,1947927.12501987,2833.0,-7.781581545623256e-09,2930.0,ASK
1433,1712308677.2043743,1947966.80327396,2832.0,-3.087595697894245e-09,2930.0,ASK
1434,1712308677.2085972,1948100.80327396,2832.0,-1.0427319271135164e-08,2930.0,ASK
1435,1712308677.2127056,1948316.65983043,2832.0,-1.6797053963290494e-08,2930.0,ASK
1436,1712308680.076689,1948316.65983043,2832.0,-0.0,2930.0,ASK
1437,1712308698.204283,1948477.88328808,2832.0,-1.2544381430499652e-08,2930.0,ASK
1438,1712308698.3035638,1948477.88328834,2832.0,2.021740231183681e-17,2930.0,BID
1439,1712308698.3056426,1949118.94536834,2832.0,4.9879387090218664e-08,2930.0,BID
1440,1712308703.2295723,1949154.28105738,2830.0,-2.749378830394468e-09,2930.0,ASK
1441,1712308703.2317803,1949224.57917115,2830.0,-5.469714927530789e-09,2930.0,ASK
1442,1712308703.3058903,1949324.57917015,2834.0,7.780742013537318e-09,2930.0,BID
1443,1712308703.3241827,1949324.57917064,2834.0,3.8134078733348103e-17,2930.0,BID
1444,1712308710.0894003,1949324.57917064,2834.0,0.0,2930.0,BID
1445,1712308733.6742668,1949677.81124411,2831.0,-2.7477973906296376e-08,2930.0,ASK
1446,1712308733.6786678,1949783.66868941,2831.0,-8.234665927027109e-09,2930.0,ASK
1447,1712308733.7942808,1949783.66869037,2831.0,7.4675484617422e-17,2930.0,BID
1448,1712308733.798535,1949822.64849837,2831.0,3.032244882460972e-09,2930.0,BID
1449,1712308740.1350367,1949822.64849837,2831.0,0.0,2930.0,BID
1450,1712308759.6045074,1949826.1808191,2836.0,2.7474960229519064e-10,2930.0,BID
1451,1712308767.035049,1949896.6529826,2838.0,5.481438514486222e-09,2930.0,BID
1452,1712308767.039578,1949923.12138951,2836.0,2.05875537018135e-09,2930.0,BID
1453,1712308767.043928,1950116.25823549,2842.0,1.502249531646369e-08,2930.0,BID
1454,1712308767.0475922,1950382.25823549,2841.0,2.0689908929114744e-08,2930.0,BID
1455,1712308767.0495946,1950724.548155,2838.0,2.6623861887279287e-08,2930.0,BID
1456,1712308767.0515883,1950882.78428124,2837.0,1.2307861057157067e-08,2930.0,BID
1457,1712308770.1344326,1950882.78428124,2837.0,0.0,2930.0,BID
1458,1712308789.6342907,1950953.38082199,2833.0,-5.489827477030598e-09,2930.0,ASK
1459,1712308789.734198,1950953.380822,2833.0,-7.785452688218742e-19,2930.0,ASK
1460,1712308800.12378,1950953.380822,2833.0,-0.0,2930.0,ASK
1461,1712308804.743086,1951056.380822,2831.0,-8.021776402922506e-09,2930.0,ASK
1462,1712308811.0747316,1951149.380822,2831.0,-7.242963159920321e-09,2930.0,ASK
1463,1712308818.2842467,1951848.6815213,2831.0,-5.4462464545545086e-08,2930.0,ASK
1464,1712308823.4147215,1951924.72136155,2831.0,-5.922083458250423e-09,2930.0,ASK
1465,1712308823.4168296,1951943.46250998,2831.0,-1.4595854586293451e-09,2930.0,ASK
1466,1712308824.3941684,1952020.62482005,2831.0,-6.009502894325452e-09,2930.0,ASK
1467,1712308824.3985238,1952040.30844761,2831.0,-1.532986981389769e-09,2930.0,ASK
1468,1712308824.5581052,1952086.85181015,2831.0,-3.6248587120154045e-09,2930.0,ASK
1469,1712308824.8577745,1952863.3391777,2831.0,6.047386448717759e-08,2930.0,BID
1470,1712308825.613987,1952935.3391777,2831.0,-5.607455349615732e-09,2930.0,ASK
1471,1712308829.9141386,1952987.3391777,2831.0,-4.049828863611363e-09,2930.0,ASK
1472,1712308830.0899634,1952987.3391777,2831.0,-0.0,2930.0,ASK
1473,1712308830.8742957,1953319.41011636,2831.0,-2.5850531760784185e-08,2930.0,ASK
1474,1712308835.28321,1953396.41011636,2831.0,-5.994173876257246e-09,2930.0,ASK
1475,1712308841.9243517,1954033.41011636,2834.0,4.9588165703582673e-08,2930.0,BID
