,time,acc_trade_volume,trade_price,dev,high,ask_bid
0,1712300395.523544,13061268.17244669,440.0,0.0,454.1,ASK
1,1712300400.7821138,13061268.17244669,440.0,-0.0,454.1,ASK
2,1712300403.472623,13061268.741775,440.0,-3.381781002881462e-11,454.1,ASK
3,1712300418.412299,13061288.05995681,440.0,1.1474901055890511e-09,454.1,BID
4,1712300430.662384,13061288.05995681,440.0,0.0,454.1,BID
5,1712300444.3123727,13061652.08672324,439.7,-2.162299224941793e-08,454.1,ASK
6,1712300444.392409,13062606.37282624,439.7,-5.66840763145072e-08,454.1,ASK
7,1712300444.4161537,13062606.37282675,439.7,-3.0315390248698104e-17,454.1,ASK
8,1712300445.272326,13062629.1259553,439.5,-1.351523480350845e-09,454.1,ASK
9,1712300446.8424225,13063560.41882675,439.4,-5.5318290846403495e-08,454.1,ASK
10,1712300447.0224192,13063660.41882675,439.8,5.9399456972461534e-09,454.1,BID
11,1712300448.0298324,13064759.02221675,439.4,-6.525644479415054e-08,454.1,ASK
12,1712300458.4224992,13065794.38153108,439.4,-6.149978104257749e-08,454.1,ASK
13,1712300458.4324312,13067033.57821675,439.4,-7.360761021086875e-08,454.1,ASK
14,1712300459.7124183,13067067.6923855,439.6,2.026363098824174e-09,454.1,BID
15,1712300460.542374,13069041.6273855,439.4,-1.1725066709896685e-07,454.1,ASK
16,1712300460.9224095,13069041.6273855,439.4,-0.0,454.1,ASK
17,1712300464.112518,13070380.1570555,439.4,-7.949184675067137e-08,454.1,ASK
18,1712300466.8424785,13070380.15705622,439.4,-4.269844064260938e-17,454.1,ASK
19,1712300467.6445184,13071127.9880555,439.3,-4.441176652446986e-08,454.1,ASK
20,1712300471.0423892,13071876.1260555,439.3,-4.4429998510508724e-08,454.1,ASK
21,1712300478.7724156,13073675.9390555,439.3,-1.0688628155395205e-07,454.1,ASK
22,1712300490.9024837,13073675.9390555,439.3,-0.0,454.1,ASK
23,1712300520.6326978,13073675.9390555,439.3,-0.0,454.1,ASK
24,1712300548.1226969,13077141.75395256,439.3,-2.0580098081372294e-07,454.1,ASK
25,1712300550.6327865,13077141.75395256,439.3,-0.0,454.1,ASK
26,1712300561.7526722,13077315.98395256,439.3,-1.0344886988764731e-08,454.1,ASK
27,1712300564.822987,13083193.35017556,439.3,-3.4896796974322384e-07,454.1,ASK
28,1712300564.9030228,13087453.35017556,439.3,-2.529370290536915e-07,454.1,ASK
29,1712300564.9628696,13089973.98768043,439.3,-1.4966257319322677e-07,454.1,ASK
30,1712300564.9639504,13091625.3553019,439.3,-9.80497699648226e-08,454.1,ASK
31,1712300564.965025,13091852.99017556,439.3,-1.3515795458367129e-08,454.1,ASK
32,1712300565.0228074,13092750.29541795,439.3,-5.3277399569081606e-08,454.1,ASK
33,1712300565.024208,13092761.67943798,439.3,-6.759249307985931e-10,454.1,ASK
34,1712300580.8528469,13092761.67943798,439.3,-0.0,454.1,ASK
35,1712300586.393016,13093444.58405798,439.3,-4.053087320448024e-08,454.1,ASK
36,1712300586.3944538,13093444.58405896,439.3,-5.825948624011691e-17,454.1,ASK
37,1712300588.81421,13093473.54350283,439.1,-1.7187635185874575e-09,454.1,ASK
38,1712300588.8239284,13093701.28205896,439.1,-1.351644471563406e-08,454.1,ASK
39,1712300588.8927126,13093701.32655994,439.1,-2.641164734227234e-12,454.1,ASK
40,1712300588.9328992,13093778.85332531,439.0,-4.601268471610371e-09,454.1,ASK
41,1712300588.9427896,13096078.85332531,439.0,-1.3650663012121616e-07,454.1,ASK
42,1712300610.9029715,13096078.85332531,439.0,-0.0,454.1,ASK
43,1712300628.213178,13096485.14359051,438.8,-2.4111530935726426e-08,454.1,ASK
44,1712300632.7764692,13098849.48925782,438.9,1.403134620317373e-07,454.1,BID
45,1712300636.60316,13100793.19899262,438.8,-1.1535057916669673e-07,454.1,ASK
46,1712300636.6046824,13101248.98750674,438.8,-2.7049033165827068e-08,454.1,ASK
47,1712300636.723096,13101248.9875075,438.8,4.510021980280306e-17,454.1,BID
48,1712300636.7245457,13103722.5496325,438.8,1.4679497592429257e-07,454.1,BID
49,1712300637.12507,13105478.3049745,438.9,1.0419631694417645e-07,454.1,BID
50,1712300637.1265662,13105478.30497529,438.9,4.686885587350121e-17,454.1,BID
51,1712300640.663108,13105478.30497529,438.9,0.0,454.1,BID
52,1712300650.0830998,13105771.95554218,439.2,1.7422597898791247e-08,454.1,BID
53,1712300657.0847473,13108009.35554218,438.7,-1.3274730218116973e-07,454.1,ASK
54,1712300657.2430642,13108975.45654218,438.7,-5.731979144758884e-08,454.1,ASK
55,1712300659.5531914,13111863.49654218,438.7,-1.713504597262189e-07,454.1,ASK
56,1712300660.9730897,13112613.09654218,438.7,-4.447455873559562e-08,454.1,ASK
57,1712300661.2638798,13124928.62599118,438.7,-7.306933535750037e-07,454.1,ASK
58,1712300661.3329923,13125122.62361807,438.7,-1.1510083846941554e-08,454.1,ASK
59,1712300661.398239,13129382.62361807,438.7,-2.527502937749887e-07,454.1,ASK
60,1712300661.7031517,13133681.15441507,438.7,-2.550363666061882e-07,454.1,ASK
61,1712300661.723446,13140474.52235507,438.7,-4.0305768604621844e-07,454.1,ASK
62,1712300661.7831502,13148418.02024632,438.7,-4.712961092991132e-07,454.1,ASK
63,1712300670.643185,13148418.02024632,438.7,-0.0,454.1,ASK
64,1712300700.9064193,13148418.02024632,438.7,-0.0,454.1,ASK
65,1712300700.9644864,13148453.23649628,438.3,-2.0897631202964767e-09,454.1,ASK
66,1712300700.9657755,13150733.63861732,438.3,-1.3532105937503204e-07,454.1,ASK
67,1712300709.5232184,13150733.63861782,438.3,-2.962230658891434e-17,454.1,ASK
68,1712300730.893705,13150733.63861782,438.3,-0.0,454.1,ASK
69,1712300733.9233675,13151108.12561782,438.0,-2.22210483003423e-08,454.1,ASK
70,1712300735.5733411,13151133.63861782,438.0,-1.5138725917022207e-09,454.1,ASK
71,1712300735.5751426,13152052.72761782,438.0,-5.453626176946272e-08,454.1,ASK
72,1712300737.8932908,13152643.31361782,438.0,-3.5043779974824767e-08,454.1,ASK
73,1712300740.0046597,13153260.43061782,438.0,-3.661805794037231e-08,454.1,ASK
74,1712300742.8423946,13153533.01965978,438.0,-1.6174698367367008e-08,454.1,ASK
75,1712300742.8439915,13153634.95061782,438.0,-6.048308063827751e-09,454.1,ASK
76,1712300744.7839642,13153657.77124766,438.2,1.3541146099401047e-09,454.1,BID
77,1712300744.9232228,13154570.74624766,438.0,-5.4173473503513766e-08,454.1,ASK
78,1712300748.9833565,13154616.38750735,438.2,2.708229220322306e-09,454.1,BID
79,1712300751.3959825,13154616.48154931,438.0,-5.580196221458978e-12,454.1,ASK
80,1712300751.5580633,13156001.65658053,437.9,-8.219254946913706e-08,454.1,ASK
81,1712300751.6406846,13156748.2045469,437.9,-4.4298142309792966e-08,454.1,ASK
82,1712300751.953384,13157594.34550127,437.9,-5.0207721538708464e-08,454.1,ASK
83,1712300753.728683,13158226.38270623,437.9,-3.750338265140776e-08,454.1,ASK
84,1712300753.843306,13158588.59410276,437.9,-2.1492647107107352e-08,454.1,ASK
85,1712300756.113429,13159067.93781141,437.9,-2.8442962512224613e-08,454.1,ASK
86,1712300756.2383327,13159516.60198974,437.9,-2.6622521949418537e-08,454.1,ASK
87,1712300758.1833255,13160094.44592405,437.9,-3.4287700171914144e-08,454.1,ASK
88,1712300758.1847432,13160380.69010499,437.9,-1.698495747605288e-08,454.1,ASK
89,1712300758.4061525,13162497.49010499,437.8,-1.256052013607438e-07,454.1,ASK
90,1712300758.4070332,13165174.1032956,437.8,-1.588230058443258e-07,454.1,ASK
91,1712300758.4279163,13167878.07488906,437.8,-1.604463796627757e-07,454.1,ASK
92,1712300758.4315343,13168736.02054622,437.8,-5.090818075592227e-08,454.1,ASK
93,1712300758.4355028,13171247.1957187,437.8,-1.4900636016218713e-07,454.1,ASK
94,1712300758.451343,13172428.14068162,437.8,-7.007408818194847e-08,454.1,ASK
95,1712300758.4626412,13173141.67182405,437.8,-4.2339013048877534e-08,454.1,ASK
96,1712300758.4635346,13173244.96167327,437.6,-6.128941000571018e-09,454.1,ASK
97,1712300758.4643753,13173330.63679321,437.6,-5.083730485381654e-09,454.1,ASK
98,1712300758.465227,13173643.01573336,437.6,-1.8535723582010813e-08,454.1,ASK
99,1712300758.466069,13173724.44625847,437.6,-4.8318676792701225e-09,454.1,ASK
100,1712300758.466918,13173861.55380412,437.6,-8.135591874241043e-09,454.1,ASK
101,1712300758.467758,13174922.45821161,437.6,-6.295120546449395e-08,454.1,ASK
102,1712300758.468603,13175751.84430114,437.6,-4.92135330598824e-08,454.1,ASK
103,1712300758.5058815,13176502.9387634,437.6,-4.456791911052039e-08,454.1,ASK
104,1712300759.28589,13176794.13998177,437.6,-1.727909470421799e-08,454.1,ASK
105,1712300760.5963955,13176794.13998177,437.6,-0.0,454.1,ASK
106,1712300760.833477,13176807.71756177,437.6,-8.05111870940242e-10,454.1,ASK
107,1712300760.8358223,13177487.18707131,437.6,-4.0290609084917095e-08,454.1,ASK
108,1712300760.8933458,13180355.60809988,437.5,-1.700892074336974e-07,454.1,ASK
109,1712300760.8951905,13180496.85453592,437.5,-8.375511865147934e-09,454.1,ASK
110,1712300760.9172344,13182892.51605498,437.5,-1.4205591333973085e-07,454.1,ASK
111,1712300760.9374828,13187092.83779242,437.5,-2.4906713072176933e-07,454.1,ASK
112,1712300760.9386926,13190133.26789962,437.5,-1.80288856496392e-07,454.1,ASK
113,1712300760.956692,13190575.99522452,437.5,-2.625247097677141e-08,454.1,ASK
114,1712300760.9577816,13192226.90685335,437.5,-9.789436337757786e-08,454.1,ASK
115,1712300761.0151682,13193512.26647576,437.5,-7.621816925249711e-08,454.1,ASK
116,1712300761.0605094,13193874.90719417,437.5,-2.1503563027590955e-08,454.1,ASK
117,1712300761.9343812,13194577.56019713,437.8,4.1665324296582095e-08,454.1,BID
118,1712300767.1535368,13194744.34109728,437.7,9.889632951070732e-09,454.1,BID
119,1712300768.5433104,13194938.33872417,437.5,-1.1503507425515668e-08,454.1,ASK
120,1712300768.6234422,13194939.32771727,437.5,-5.864447757172671e-11,454.1,ASK
121,1712300768.7241616,13195240.74616537,437.4,-1.787325655214984e-08,454.1,ASK
122,1712300768.763168,13195710.36161684,437.4,-2.7846860395871743e-08,454.1,ASK
123,1712300769.926708,13195824.62121464,437.6,6.775269124625555e-09,454.1,BID
124,1712300770.936799,13196168.78256826,437.4,-2.040778926226587e-08,454.1,ASK
125,1712300771.1734288,13196379.65576908,437.6,1.2504180955087691e-08,454.1,BID
126,1712300772.7039106,13196728.48609764,437.4,-2.068464619474457e-08,454.1,ASK
127,1712300772.7833188,13197078.86941889,437.4,-2.077673424361252e-08,454.1,ASK
128,1712300772.8033247,13197182.69892754,437.4,-6.156794507776723e-09,454.1,ASK
129,1712300772.8058422,13197429.98227975,437.4,-1.4663199359474118e-08,454.1,ASK
130,1712300774.4071991,13197544.24187755,437.6,6.775269124736004e-09,454.1,BID
131,1712300777.563442,13197589.94571667,437.6,2.710107649850222e-09,454.1,BID
132,1712300777.7841098,13197927.48426535,437.4,-2.0015075768685283e-08,454.1,ASK
133,1712300777.8837056,13197950.35186197,437.3,-1.355983430043133e-09,454.1,ASK
134,1712300777.8858645,13198492.01044875,437.3,-3.211881338457187e-08,454.1,ASK
135,1712300777.8880172,13199117.04019022,437.1,-3.706248569865836e-08,454.1,ASK
136,1712300777.890133,13199469.22004386,437.3,-2.0883263503930063e-08,454.1,ASK
137,1712300777.8918223,13202657.98930981,437.3,-1.8908494664217341e-07,454.1,ASK
138,1712300777.8935144,13204653.58426535,437.1,-1.183331041592816e-07,454.1,ASK
139,1712300777.9032362,13205682.99327304,437.1,-6.104102588125776e-08,454.1,ASK
140,1712300777.9454825,13206721.11646844,437.1,-6.155775242390762e-08,454.1,ASK
141,1712300777.946493,13208989.12620562,437.1,-1.344865257946582e-07,454.1,ASK
142,1712300777.983298,13210027.00976898,437.1,-6.154354292558156e-08,454.1,ASK
143,1712300778.0034444,13211404.22678801,437.1,-8.166505157298586e-08,454.1,ASK
144,1712300778.0234318,13211787.77125022,437.1,-2.2743095571763625e-08,454.1,ASK
145,1712300778.025147,13212436.36725098,437.1,-3.845989783762401e-08,454.1,ASK
146,1712300778.043521,13213809.79444029,437.1,-8.144032545110626e-08,454.1,ASK
147,1712300778.1282775,13214157.45744646,437.1,-2.0615427297616163e-08,454.1,ASK
148,1712300778.13299,13214409.17369359,437.0,-1.492605741839511e-08,454.1,ASK
149,1712300778.134036,13214674.95649757,437.1,-1.5760164225653845e-08,454.1,ASK
150,1712300778.1350508,13215167.13448848,437.0,-2.9184754802849856e-08,454.1,ASK
151,1712300778.1360428,13215190.01778367,437.0,-1.3569143105222111e-09,454.1,ASK
152,1712300778.1370492,13216547.79124722,437.0,-8.05121040425065e-08,454.1,ASK
153,1712300778.1380477,13216555.28020557,437.0,-4.440739269009897e-10,454.1,ASK
154,1712300778.3234026,13216635.26192403,437.4,4.7426883872931134e-09,454.1,BID
155,1712300779.1235652,13216935.26192403,437.0,-1.778914661476995e-08,454.1,ASK
156,1712300779.1259463,13218208.48891695,437.0,-7.549873883645759e-08,454.1,ASK
157,1712300779.1425607,13218488.67346885,437.0,-1.661414690982405e-08,454.1,ASK
158,1712300779.1655557,13220170.04812825,437.0,-9.970073443466688e-08,454.1,ASK
159,1712300779.273061,13220531.86439568,437.0,-2.145467542978333e-08,454.1,ASK
160,1712300779.30555,13221789.8183289,437.0,-7.459308984227817e-08,454.1,ASK
161,1712300779.3092997,13221914.5236048,437.0,-7.394668122107375e-09,454.1,ASK
162,1712300779.7036085,13223749.53387648,437.0,-1.088108892083914e-07,454.1,ASK
163,1712300779.8134706,13225171.12610211,436.9,-8.429637509382094e-08,454.1,ASK
164,1712300779.814584,13225353.97005109,437.0,-1.0842126053365717e-08,454.1,ASK
165,1712300779.815626,13225582.85537954,436.9,-1.3572248885958886e-08,454.1,ASK
166,1712300779.915213,13227894.14961637,436.9,-1.3705317349610957e-07,454.1,ASK
167,1712300780.034584,13230384.48514661,436.9,-1.4766981289137266e-07,454.1,ASK
168,1712300780.07347,13230970.07345534,436.9,-3.4723720932931555e-08,454.1,ASK
169,1712300780.093343,13231330.2731349,436.9,-2.135881636767689e-08,454.1,ASK
170,1712300780.133386,13233058.35694142,436.9,-1.0247045398933289e-07,454.1,ASK
171,1712300780.1733348,13234786.83639088,436.9,-1.0249391449021945e-07,454.1,ASK
172,1712300781.1333027,13235456.36886431,436.9,-3.9701371110655016e-08,454.1,ASK
173,1712300781.1734278,13236185.05058566,436.9,-4.320875325522709e-08,454.1,ASK
174,1712300781.175471,13236798.71503976,436.9,-3.63885564875643e-08,454.1,ASK
175,1712300782.583485,13237316.87681893,436.9,-3.0725519532801355e-08,454.1,ASK
176,1712300783.0635643,13237366.87681893,436.8,-2.964857769128325e-09,454.1,ASK
177,1712300783.0706646,13238575.92097034,436.9,-7.169287891045888e-08,454.1,ASK
178,1712300783.072571,13238678.55002062,436.8,-6.085610741271687e-09,454.1,ASK
179,1712300783.074444,13240084.91723673,436.8,-8.339357533863577e-08,454.1,ASK
180,1712300786.975001,13240222.21700789,437.0,8.14148586445866e-09,454.1,BID
181,1712300789.754657,13240556.16694112,436.8,-1.9802281080678572e-08,454.1,ASK
182,1712300789.756049,13241009.0579732,436.8,-2.6855149900683745e-08,454.1,ASK
183,1712300790.5925543,13241009.0579732,436.8,-0.0,454.1,ASK
184,1712300791.373512,13241559.84664892,436.8,-3.2605923935194287e-08,454.1,ASK
185,1712300791.6738355,13241834.50904306,436.9,1.6259631916868282e-08,454.1,BID
186,1712300794.723498,13242408.87169036,436.8,-3.400147028190626e-08,454.1,ASK
187,1712300795.1934276,13242922.11496918,436.8,-3.0383288631678494e-08,454.1,ASK
188,1712300796.4963677,13243119.68261976,436.8,-1.1695730269711433e-08,454.1,ASK
189,1712300796.497527,13243272.81496918,436.8,-9.06522221193339e-09,454.1,ASK
190,1712300802.5134723,13244119.68261976,436.8,-5.0133387658864814e-08,454.1,ASK
191,1712300810.7533646,13244165.47016554,436.8,2.7105590595549542e-09,454.1,BID
192,1712300820.9035356,13244165.47016554,436.8,0.0,454.1,BID
193,1712300821.9737277,13244188.36393843,436.7,-1.3551689209677444e-09,454.1,ASK
194,1712300821.976739,13244202.36393843,436.6,-8.28712898658123e-10,454.1,ASK
195,1712300821.9793472,13248493.64460439,436.5,-2.540171171173864e-07,454.1,ASK
196,1712300821.981676,13248631.07016554,436.6,-8.134738223516874e-09,454.1,ASK
197,1712300822.4335515,13249254.80117442,436.5,-3.6920995168093713e-08,454.1,ASK
198,1712300822.5734432,13251079.93306715,436.5,-1.0803645294694952e-07,454.1,ASK
199,1712300823.463683,13251410.2072179,436.5,-1.955017491568628e-08,454.1,ASK
200,1712300825.3740263,13251886.97697735,436.5,-2.8221803524745368e-08,454.1,ASK
201,1712300826.2536335,13252363.7467368,436.5,-2.8221803524745368e-08,454.1,ASK
202,1712300826.9365077,13253118.33846843,436.5,-4.4667135801626455e-08,454.1,ASK
203,1712300836.8536692,13253674.8495388,436.5,-3.2941993018619484e-08,454.1,ASK
204,1712300837.0336995,13254173.96692221,436.5,-2.9544643826951112e-08,454.1,ASK
205,1712300837.5636315,13254434.95076791,436.5,-1.544861994804587e-08,454.1,ASK
206,1712300838.1636057,13254680.38400129,436.5,-1.4528120447259914e-08,454.1,ASK
207,1712300838.1659174,13254706.03778259,436.5,-1.5185442473574896e-09,454.1,ASK
208,1712300839.653717,13255138.5741502,436.5,-2.5603461926833965e-08,454.1,ASK
209,1712300839.6570003,13255343.99641791,436.5,-1.2159720208823848e-08,454.1,ASK
210,1712300841.8338249,13255702.17752497,436.5,-2.1202093105505967e-08,454.1,ASK
211,1712300843.7637222,13257240.64258906,436.5,-9.106756019614777e-08,454.1,ASK
212,1712300844.8136532,13257993.12826953,436.5,4.454247067580184e-08,454.1,BID
213,1712300845.013513,13258628.87153555,436.5,-3.7632046056128e-08,454.1,ASK
214,1712300845.1936066,13259106.68761142,436.5,-2.8283738947054985e-08,454.1,ASK
215,1712300845.493606,13259459.2639004,436.5,-2.087032274559472e-08,454.1,ASK
216,1712300845.9180272,13259722.06981105,436.5,-1.5556474857127164e-08,454.1,ASK
217,1712300846.557457,13260262.5429594,436.5,-3.199264781540994e-08,454.1,ASK
218,1712300846.63742,13260558.12721972,436.5,-1.7496749226267548e-08,454.1,ASK
219,1712300846.7569592,13261135.38175542,436.5,-3.4169877110206125e-08,454.1,ASK
220,1712300847.0136817,13261421.62593636,436.5,-1.6943874636491694e-08,454.1,ASK
221,1712300849.043738,13262803.53600261,436.5,-8.180047833481905e-08,454.1,ASK
222,1712300849.185799,13263380.61339054,436.5,-3.4159391064443766e-08,454.1,ASK
223,1712300849.1934416,13263438.19764022,436.5,-3.408629319181181e-09,454.1,ASK
224,1712300849.2436097,13264071.17185215,436.5,-3.746813528170189e-08,454.1,ASK
225,1712300849.4358995,13264761.53880953,436.5,-4.086542874209304e-08,454.1,ASK
226,1712300850.078878,13265328.15534135,436.5,-3.354017346510168e-08,454.1,ASK
227,1712300850.0974462,13266971.16565062,436.5,-9.725598828000237e-08,454.1,ASK
228,1712300850.1741564,13267164.33465996,436.7,1.1434403547274126e-08,454.1,BID
229,1712300850.893725,13267164.33465996,436.7,0.0,454.1,BID
230,1712300851.3537169,13267301.69729732,436.8,8.12618454108636e-09,454.1,BID
231,1712300854.7537148,13267497.81154879,436.7,-1.1601849157942526e-08,454.1,ASK
232,1712300854.8935728,13268430.46616034,436.5,-5.517456298330417e-08,454.1,ASK
233,1712300854.9335413,13269709.02169868,436.5,-7.563758566583245e-08,454.1,ASK
234,1712300854.993525,13270721.49333849,436.5,-5.98964285038569e-08,454.1,ASK
235,1712300855.0536056,13271523.35949195,436.5,-4.7437297838175823e-08,454.1,ASK
236,1712300855.076605,13272123.23671992,436.5,-3.548791105191171e-08,454.1,ASK
237,1712300855.1353683,13272317.23433681,436.5,-1.1476631969858004e-08,454.1,ASK
238,1712300855.153704,13273418.41451703,436.5,-6.514430364368178e-08,454.1,ASK
239,1712300855.2535608,13274596.24113373,436.5,-6.967860131903086e-08,454.1,ASK
240,1712300855.277173,13275775.17133248,436.5,-6.97438877139128e-08,454.1,ASK
241,1712300855.333572,13277056.94822134,436.5,-7.582815632832931e-08,454.1,ASK
242,1712300855.7137876,13277848.29180881,436.5,-4.6814797318895633e-08,454.1,ASK
243,1712300855.8415194,13282007.84778463,436.5,-2.460736057359156e-07,454.1,ASK
244,1712300856.2151852,13285194.61895687,436.5,-1.885249958330124e-07,454.1,ASK
245,1712300856.2165468,13286159.64778463,436.5,-5.708977704990274e-08,454.1,ASK
246,1712300856.2235534,13287357.03416722,436.5,-7.08357301443051e-08,454.1,ASK
247,1712300856.2536457,13287958.24038417,436.5,-3.556653221059224e-08,454.1,ASK
248,1712300856.31359,13290858.83345173,436.5,-1.7159509309552649e-07,454.1,ASK
249,1712300856.4936252,13291660.97410579,436.5,-4.745353691586965e-08,454.1,ASK
250,1712300857.1834476,13292499.14457361,436.5,-4.958501110138823e-08,454.1,ASK
251,1712300857.3952024,13293768.96634856,436.5,-7.51209082460933e-08,454.1,ASK
252,1712300857.7037556,13295152.69447816,436.5,-8.185945139051935e-08,454.1,ASK
253,1712300857.784005,13296558.60130109,436.5,-8.317151235817757e-08,454.1,ASK
254,1712300858.063789,13296911.44951631,436.5,-2.0874014702791813e-08,454.1,ASK
255,1712300860.2535684,13297534.12869645,436.5,-3.6836843154511006e-08,454.1,ASK
256,1712300860.3534896,13298155.23218333,436.5,-3.6743627310311815e-08,454.1,ASK
257,1712300861.296788,13298586.33218333,436.5,-2.5503282573754573e-08,454.1,ASK
258,1712300861.4502318,13298739.48226404,436.5,-9.060147957690533e-09,454.1,ASK
259,1712300861.4516425,13299021.2682658,436.5,-1.6670071974560576e-08,454.1,ASK
260,1712300861.8435953,13299626.71507009,436.5,-3.5817399520219546e-08,454.1,ASK
261,1712300861.9435244,13301440.64377606,436.5,-1.073095253004718e-07,454.1,ASK
262,1712300880.5735216,13301440.64377606,436.5,-0.0,454.1,ASK
263,1712300889.9938335,13302420.02521935,436.5,-5.788762094491183e-08,454.1,ASK
264,1712300890.0936346,13305975.03977952,436.5,2.1012378447918625e-07,454.1,BID
265,1712300890.4937038,13307233.35146525,436.8,7.437415768199988e-08,454.1,BID
266,1712300890.7137642,13307913.22505893,436.8,-4.0184817826673984e-08,454.1,ASK
267,1712300890.7957697,13308601.44385347,436.8,-4.067807183648319e-08,454.1,ASK
268,1712300891.5238671,13308880.65017853,436.8,-1.6502854961378456e-08,454.1,ASK
269,1712300891.743745,13309789.74617288,436.5,-5.37333075729602e-08,454.1,ASK
270,1712300908.7949438,13312042.91580187,436.5,-1.3317653739624057e-07,454.1,ASK
271,1712300908.843852,13312065.83055897,436.4,-1.3544066841245858e-09,454.1,ASK
272,1712300908.858722,13312219.10995632,436.5,-9.05977922416314e-09,454.1,ASK
273,1712300908.861772,13312941.04466422,436.3,-4.267089498605505e-08,454.1,ASK
274,1712300908.8647673,13313201.68455881,436.3,-1.5405461809088885e-08,454.1,ASK
275,1712300908.866177,13313376.07012964,436.3,-1.0307287208283568e-08,454.1,ASK
276,1712300910.33374,13313490.51279386,436.8,6.764283325590061e-09,454.1,BID
277,1712300910.6152034,13313490.51279386,436.8,0.0,454.1,BID
278,1712300914.0838344,13313758.86677776,436.5,-1.5856482941113106e-08,454.1,ASK
279,1712300916.2937646,13314167.39290497,436.5,-2.41389655295063e-08,454.1,ASK
280,1712300916.4336956,13314614.03402627,436.5,-2.6391101848866774e-08,454.1,ASK
281,1712300917.4837282,13314926.68281118,436.5,-1.8473771294173732e-08,454.1,ASK
282,1712300919.4140692,13316874.35130934,436.8,1.1508371095159513e-07,454.1,BID
283,1712300925.9738162,13316920.13885512,436.8,2.7054915601261023e-09,454.1,BID
284,1712300927.1043384,13316986.82254624,436.8,3.940201652007196e-09,454.1,BID
285,1712300932.8438704,13317009.71631913,436.8,1.352745780118081e-09,454.1,BID
286,1712300940.863874,13317009.71631913,436.8,0.0,454.1,BID
287,1712300951.0138888,13317434.53940165,436.5,-2.509963983367124e-08,454.1,ASK
288,1712300951.017116,13318221.67178982,436.5,-4.6505805021887206e-08,454.1,ASK
289,1712300951.07654,13319436.14004299,436.5,-7.175390650438243e-08,454.1,ASK
290,1712300951.113751,13320344.74119451,436.5,-5.3682491827791295e-08,454.1,ASK
291,1712300951.1541388,13320874.76903568,436.2,-3.1315407430934874e-08,454.1,ASK
292,1712300951.1589332,13321268.27056619,436.2,-2.3249082020696213e-08,454.1,ASK
293,1712300951.1604085,13321575.86009904,436.2,-1.8173180339823105e-08,454.1,ASK
294,1712300951.1618743,13321690.46014488,436.2,-6.770865317460492e-09,454.1,ASK
295,1712300951.1633534,13322070.62852124,436.2,-2.2461324997206144e-08,454.1,ASK
296,1712300951.173778,13322116.47904852,436.2,-2.708967022483288e-09,454.1,ASK
297,1712300951.1754117,13322331.4649625,436.2,-1.2701920475172362e-08,454.1,ASK
298,1712300951.1768944,13323150.26314153,436.1,-4.837670135114792e-08,454.1,ASK
299,1712300951.2737887,13323761.30070411,436.2,-3.610167002851328e-08,454.1,ASK
300,1712300953.62399,13324134.79739329,436.3,-2.206714456729133e-08,454.1,ASK
301,1712300955.4626484,13324416.99248219,436.2,-1.6672811308131815e-08,454.1,ASK
302,1712300955.4731135,13324702.87394441,436.2,-1.6890611720739538e-08,454.1,ASK
303,1712300955.5664935,13324986.59344703,436.2,-1.6762877589708672e-08,454.1,ASK
304,1712300959.9540398,13325573.21285297,436.1,-3.465898256095338e-08,454.1,ASK
305,1712300960.580108,13326161.78242177,436.1,-3.4774203196102215e-08,454.1,ASK
306,1712300968.4440117,13326207.60143666,436.1,-2.707105189422705e-09,454.1,ASK
307,1712300968.4476702,13326410.65046566,436.1,-1.1996658623753069e-08,454.1,ASK
308,1712300969.0639465,13326548.07602681,436.6,8.119455440980423e-09,454.1,BID
309,1712300970.9083767,13326548.07602681,436.6,0.0,454.1,BID
310,1712300978.6038349,13327118.52171883,436.4,3.369511317169216e-08,454.1,BID
311,1712300979.2741537,13327471.61274752,436.1,-2.085639761694032e-08,454.1,ASK
312,1712300979.373948,13328026.95071295,436.1,-3.280272926153252e-08,454.1,ASK
313,1712300983.8339589,13328356.35197238,436.1,-1.9457089203512323e-08,454.1,ASK
314,1712300985.3738785,13329324.21470284,436.1,-5.7169761633336846e-08,454.1,ASK
315,1712300985.4940002,13329624.21470284,436.0,-1.7720414218083782e-08,454.1,ASK
316,1712300985.497492,13331509.08659838,436.0,-1.11335702456565e-07,454.1,ASK
317,1712300987.9441311,13332916.1819391,436.0,-8.311437427305779e-08,454.1,ASK
318,1712300987.9475968,13333348.88802521,436.0,-2.5559103601759195e-08,454.1,ASK
319,1712300988.0039997,13335190.38418966,436.0,-1.0877358271691337e-07,454.1,ASK
320,1712300988.0241845,13335484.62514714,436.0,-1.73802388215661e-08,454.1,ASK
321,1712300988.2736905,13337056.94918939,436.0,-9.28741110457083e-08,454.1,ASK
322,1712300988.3038192,13338633.72610855,436.0,-9.313713379009964e-08,454.1,ASK
323,1712300989.1939502,13339206.98912162,436.1,3.386152682505046e-08,454.1,BID
324,1712300990.303152,13339218.70013079,436.0,-6.917464447313935e-10,454.1,ASK
325,1712300990.304796,13339974.6867655,436.0,-4.465465436792543e-08,454.1,ASK
326,1712300990.353908,13339980.43872507,436.0,-3.397570204722675e-10,454.1,ASK
327,1712300990.3566284,13340753.08331928,436.0,-4.5638607509281696e-08,454.1,ASK
328,1712300990.373842,13341525.28365331,436.0,-4.561236592780455e-08,454.1,ASK
329,1712301000.7139664,13341525.28365331,436.0,-0.0,454.1,ASK
330,1712301000.7550623,13342274.01670672,436.0,-4.457380019834097e-08,454.1,ASK
331,1712301010.0987773,13342503.42712195,435.9,-1.3657329491889481e-08,454.1,ASK
332,1712301010.100391,13343205.18386312,435.9,-4.1777192320100354e-08,454.1,ASK
333,1712301010.474699,13345498.76184477,436.0,1.3654197077004808e-07,454.1,BID
334,1712301010.533895,13346325.37487747,435.9,-4.921017443147308e-08,454.1,ASK
335,1712301014.7939663,13346808.78830494,435.9,-2.8778712828432693e-08,454.1,ASK
336,1712301016.23421,13347091.10925592,435.9,-1.6807215339886696e-08,454.1,ASK
337,1712301016.2381554,13347202.25699041,435.9,-6.616880191332003e-09,454.1,ASK
338,1712301020.934322,13354172.86867373,436.0,4.149765407274215e-07,454.1,BID
339,1712301020.9389212,13354777.99250645,436.0,3.602441309627012e-08,454.1,BID
340,1712301021.0340943,13362409.07497205,436.1,4.542958849878271e-07,454.1,BID
341,1712301021.1341102,13362955.55595601,436.3,3.2533269474683544e-08,454.1,BID
342,1712301021.3027065,13365169.1920313,436.3,-1.3178284527760184e-07,454.1,ASK
343,1712301021.356888,13367404.03725502,436.3,-1.330454746489686e-07,454.1,ASK
344,1712301021.3944745,13369619.87963004,436.3,-1.3191419137335508e-07,454.1,ASK
345,1712301027.444143,13371417.49588534,436.0,-1.0701622885762356e-07,454.1,ASK
346,1712301027.4472525,13373847.78300392,436.0,-1.4468058002084038e-07,454.1,ASK
347,1712301030.6040666,13373847.78300392,436.0,-0.0,454.1,ASK
348,1712301047.6172674,13374549.7022671,436.2,-4.17518326646839e-08,454.1,ASK
349,1712301048.1242228,13375323.10302581,436.4,-4.600372258519469e-08,454.1,ASK
350,1712301060.9040377,13375323.10302581,436.4,-0.0,454.1,ASK
351,1712301070.4208307,13375740.03854928,436.7,-2.4799370287701866e-08,454.1,ASK
352,1712301084.3042026,13375968.81914868,437.1,1.3607894937728333e-08,454.1,BID
353,1712301085.2040763,13375982.54598464,437.1,8.16473696055414e-10,454.1,BID
354,1712301088.03817,13378272.44751887,437.1,1.3620359233783678e-07,454.1,BID
355,1712301090.9141932,13378272.44751887,437.1,0.0,454.1,BID
356,1712301103.0542738,13383086.19484333,437.1,2.863002640096904e-07,454.1,BID
357,1712301110.6472428,13383389.52332418,436.4,-1.804062787176472e-08,454.1,ASK
358,1712301116.8643105,13383701.14533421,436.4,-1.853389007134877e-08,454.1,ASK
359,1712301120.574167,13383701.14533421,436.4,-0.0,454.1,ASK
360,1712301121.644312,13383712.61511442,436.8,6.82075230037208e-10,454.1,BID
361,1712301121.8696892,13384002.17819881,436.4,-1.7219493640900252e-08,454.1,ASK
362,1712301121.8766596,13384312.31071835,436.4,-1.84426994873868e-08,454.1,ASK
363,1712301121.886379,13384704.37230843,436.4,-2.3314788455966418e-08,454.1,ASK
364,1712301121.8952775,13385016.42477315,436.4,-1.85568731704538e-08,454.1,ASK
365,1712301121.904938,13385197.2449783,436.4,-1.075286367835444e-08,454.1,ASK
366,1712301121.9076405,13385391.24260519,436.4,-1.1536487496818177e-08,454.1,ASK
367,1712301121.9242337,13385662.74386425,436.2,-1.6145408223242274e-08,454.1,ASK
368,1712301122.0243175,13389922.74386425,436.2,-2.533300923519404e-07,454.1,ASK
369,1712301122.084258,13390598.38840448,436.2,-4.0178660510211893e-08,454.1,ASK
370,1712301122.094411,13390776.51738802,435.9,-1.0592824378136648e-08,454.1,ASK
371,1712301122.0974288,13392446.95068088,435.9,-9.933592026948865e-08,454.1,ASK
372,1712301122.1004522,13393593.7396717,436.0,-6.819628191375005e-08,454.1,ASK
373,1712301122.1034627,13394925.05331847,436.0,-7.916943875255857e-08,454.1,ASK
374,1712301122.1641235,13395798.80596497,435.9,-5.195958653290786e-08,454.1,ASK
375,1712301122.1743002,13396578.93261919,435.9,-4.639191487322807e-08,454.1,ASK
376,1712301122.1877103,13397172.16912337,435.9,-3.527808882407326e-08,454.1,ASK
377,1712301122.1941705,13397503.09572898,435.9,-1.967926468566673e-08,454.1,ASK
378,1712301122.1963172,13397696.82755099,435.8,-1.1520680835994328e-08,454.1,ASK
379,1712301122.1980755,13398355.44927874,435.9,-3.91663622337623e-08,454.1,ASK
380,1712301143.398303,13400080.86161859,435.7,-1.0260536793409048e-07,454.1,ASK
381,1712301143.4002452,13401077.4809947,435.8,-5.9266121734661386e-08,454.1,ASK
382,1712301143.4019914,13401089.6019247,435.8,-7.20797257413171e-10,454.1,ASK
383,1712301150.634307,13401089.6019247,435.8,-0.0,454.1,ASK
384,1712301162.9144006,13402412.50932845,436.5,7.863408732214263e-08,454.1,BID
385,1712301162.9183795,13403611.29555984,435.9,7.125628062303501e-08,454.1,BID
386,1712301163.5343783,13403893.81061654,435.9,-1.6792795607146948e-08,454.1,ASK
387,1712301163.5384145,13404178.65564003,435.9,-1.6931289663178392e-08,454.1,ASK
388,1712301172.3242493,13407423.23167556,436.0,-1.928587553280151e-07,454.1,ASK
389,1712301175.5138762,13407902.19716741,436.1,-2.8469879451654343e-08,454.1,ASK
390,1712301175.913826,13408318.98037189,436.0,-2.4773742140000042e-08,454.1,ASK
391,1712301178.423889,13409482.98037189,436.1,-6.91885746376669e-08,454.1,ASK
392,1712301179.1337328,13410647.94118938,436.1,-6.924568597151944e-08,454.1,ASK
393,1712301179.153821,13411803.37289529,436.1,-6.867927218470899e-08,454.1,ASK
394,1712301180.873764,13411803.37289529,436.1,-0.0,454.1,ASK
395,1712301198.0033035,13412111.55040458,436.3,-1.8313095193339512e-08,454.1,ASK
396,1712301198.026153,13412403.03744156,436.3,-1.7321283010226197e-08,454.1,ASK
397,1712301199.9557848,13412683.72730127,436.3,-1.667967312900351e-08,454.1,ASK
398,1712301207.5330412,13414155.89753749,436.4,-8.748202858386678e-08,454.1,ASK
399,1712301207.6230977,13415328.20481561,436.4,-6.966301606312146e-08,454.1,ASK
400,1712301207.8033624,13416333.98472636,436.4,-5.97673181650895e-08,454.1,ASK
401,1712301209.5329716,13416347.71156232,437.1,8.1570149043859e-10,454.1,BID
402,1712301210.8956172,13416347.71156232,437.1,0.0,454.1,BID
403,1712301216.4928112,13416632.0291804,436.4,-1.6893257780657696e-08,454.1,ASK
404,1712301219.122879,13416973.95842565,436.4,-2.031635929485109e-08,454.1,ASK
405,1712301225.0767326,13417228.77681728,436.4,-1.5140506614197772e-08,454.1,ASK
406,1712301225.0799131,13417265.44546263,436.4,-2.1787354667724473e-09,454.1,ASK
407,1712301226.501039,13417655.08970533,436.4,-2.3151434227488826e-08,454.1,ASK
408,1712301234.182252,13417975.22527421,436.6,-1.902144765562584e-08,454.1,ASK
409,1712301235.129213,13418289.78346775,436.6,-1.8690057571372893e-08,454.1,ASK
410,1712301235.2041848,13418559.47351878,436.6,-1.6024133796946325e-08,454.1,ASK
411,1712301239.5124395,13418838.5176056,436.6,-1.657992115537463e-08,454.1,ASK
412,1712301240.6120403,13418838.5176056,436.6,-0.0,454.1,ASK
413,1712301240.6635833,13420118.55143543,436.6,-7.605066754830635e-08,454.1,ASK
414,1712301241.6522756,13420452.98984592,436.6,-1.9869993885254882e-08,454.1,ASK
415,1712301243.1519177,13420765.9440141,436.6,-1.8593550301165747e-08,454.1,ASK
416,1712301243.6520102,13421078.89912602,436.6,-1.8593606371542e-08,454.1,ASK
417,1712301245.7219098,13422704.80434826,436.6,-9.659992934580345e-08,454.1,ASK
418,1712301262.4516,13423413.7826141,436.9,4.2122535465824194e-08,454.1,BID
419,1712301262.81138,13423831.69975839,436.9,-2.4829717045315373e-08,454.1,ASK
420,1712301266.8814669,13424142.27299897,436.9,-1.8452092216901e-08,454.1,ASK
421,1712301267.1865203,13424417.93461756,436.9,-1.6377887539150622e-08,454.1,ASK
422,1712301268.7016318,13431416.38287856,437.1,4.1579890284818993e-07,454.1,BID
423,1712301268.706566,13431416.38287908,437.1,3.087563596626172e-17,454.1,BID
424,1712301268.7113848,13431452.7584453,437.2,2.1611820164487462e-09,454.1,BID
425,1712301268.7157638,13435079.60029399,437.2,2.154816046712762e-07,454.1,BID
426,1712301268.732551,13439095.0345589,437.2,-2.385690512441922e-07,454.1,ASK
427,1712301270.5816724,13439095.0345589,437.2,-0.0,454.1,ASK
428,1712301271.78137,13439122.06199261,436.9,-1.6049371573209403e-09,454.1,ASK
429,1712301271.7912922,13439765.27243599,436.9,-3.819498187013808e-08,454.1,ASK
430,1712301274.1112764,13440007.2710655,437.8,1.4370309689291856e-08,454.1,BID
431,1712301291.6409802,13440236.10401745,437.0,-1.3588508303902121e-08,454.1,ASK
432,1712301291.6453166,13440478.10264696,437.1,-1.4370309689291856e-08,454.1,ASK
433,1712301291.6495333,13443814.72134845,436.9,-1.981343619693017e-07,454.1,ASK
434,1712301300.7033553,13443814.72134845,436.9,-0.0,454.1,ASK
435,1712301330.255326,13443828.42623652,437.8,8.23669682946208e-10,454.1,BID
436,1712301330.64994,13443828.42623652,437.8,0.0,454.1,BID
437,1712301346.9596336,13445158.22271491,437.3,-7.992131297766206e-08,454.1,ASK
438,1712301348.199602,13446325.33821436,437.3,-7.014411951631779e-08,454.1,ASK
439,1712301352.9996068,13446430.59478251,437.3,-6.325962854329946e-09,454.1,ASK
440,1712301355.4105403,13447215.99866168,437.3,-4.72030948051011e-08,454.1,ASK
441,1712301356.559579,13447765.7813771,437.3,-3.3042166363615533e-08,454.1,ASK
442,1712301357.039552,13447818.40966118,437.3,-3.162981427444837e-09,454.1,ASK
443,1712301357.7593465,13448124.51530947,437.3,-1.8397074829714544e-08,454.1,ASK
444,1712301359.8292384,13448150.82945151,437.3,-1.581490713778391e-09,454.1,ASK
445,1712301360.599237,13448150.82945151,437.3,-0.0,454.1,ASK
446,1712301367.9193504,13448650.82945151,437.3,-3.004679143229037e-08,454.1,ASK
447,1712301381.679109,13449861.82420556,437.2,-7.277301360107187e-08,454.1,ASK
448,1712301381.6836803,13450082.00568212,437.3,-1.3231493806873452e-08,454.1,ASK
449,1712301381.687362,13450259.60246713,437.3,-1.0672427116527836e-08,454.1,ASK
450,1712301382.3789284,13451301.46353175,437.2,-6.260916422002933e-08,454.1,ASK
451,1712301382.4002686,13452650.97733113,437.2,-8.109711932996794e-08,454.1,ASK
452,1712301382.718843,13453899.49412394,437.2,-7.502784734652372e-08,454.1,ASK
453,1712301383.0189507,13454973.68380986,437.2,-6.455190690312671e-08,454.1,ASK
454,1712301383.4187524,13455670.17092843,437.2,-4.1854406373907424e-08,454.1,ASK
455,1712301384.1167896,13457093.71996623,437.2,-8.554616206489468e-08,454.1,ASK
456,1712301384.3091395,13459049.21553992,437.2,-1.1751273529875861e-07,454.1,ASK
457,1712301384.8087962,13459366.42586396,437.8,1.906230489329112e-08,454.1,BID
458,1712301385.1887963,13459381.42586396,438.0,9.014037429687111e-10,454.1,BID
459,1712301386.338985,13459814.37933996,437.6,-2.601772558643702e-08,454.1,ASK
460,1712301386.342503,13460343.85592109,437.6,-3.1818144803001184e-08,454.1,ASK
461,1712301386.3987253,13461516.32363142,437.6,-7.045778550682614e-08,454.1,ASK
462,1712301387.1789148,13461979.94651084,437.6,-2.78607599223098e-08,454.1,ASK
463,1712301387.1986885,13462495.12692915,437.6,-3.095903715796263e-08,454.1,ASK
464,1712301387.2009337,13463013.83825387,437.6,-3.1171221974840474e-08,454.1,ASK
465,1712301387.3188024,13463561.42586396,437.6,-3.290650142257024e-08,454.1,ASK
466,1712301387.3223474,13463771.70692024,437.6,-1.2636542080372674e-08,454.1,ASK
467,1712301388.381292,13464361.26563601,437.5,-3.542869553966156e-08,454.1,ASK
468,1712301388.3901007,13464945.82580312,437.5,-3.5128314841533536e-08,454.1,ASK
469,1712301390.4087155,13466945.82580312,437.5,-1.201871657291615e-07,454.1,ASK
470,1712301390.5803645,13466945.82580312,437.5,-0.0,454.1,ASK
471,1712301393.6196203,13468092.53382656,437.5,-6.887577039989636e-08,454.1,ASK
472,1712301393.6586015,13469353.25765057,437.5,-7.572400547058722e-08,454.1,ASK
473,1712301393.7986698,13471132.9457595,437.5,-1.0689503087837889e-07,454.1,ASK
474,1712301393.898589,13471722.73035984,437.5,-3.542477063737312e-08,454.1,ASK
475,1712301394.0085144,13472592.73177738,437.5,-5.225568903085368e-08,454.1,ASK
476,1712301394.030043,13473558.67826288,437.5,-5.8018525199073464e-08,454.1,ASK
477,1712301396.6585076,13473599.04648312,437.5,-2.4246732488651862e-09,454.1,ASK
478,1712301401.8585184,13473928.89020512,438.1,1.981170446179892e-08,454.1,BID
479,1712301414.9496856,13473928.8902052,438.1,4.8107434774475696e-18,454.1,BID
480,1712301414.9520905,13474226.7138961,438.2,1.7888456114967915e-08,454.1,BID
481,1712301420.878153,13474226.7138961,438.2,0.0,454.1,BID
482,1712301429.0379436,13479226.7138961,437.5,-3.0026210702708053e-07,454.1,ASK
483,1712301431.2477927,13479552.71709098,438.2,-1.9577281238430164e-08,454.1,ASK
484,1712301431.328051,13479848.54967404,438.2,-1.7765462943401195e-08,454.1,ASK
485,1712301432.4478753,13480519.71447404,438.2,-4.030507140204853e-08,454.1,ASK
486,1712301434.0379,13480937.86637404,438.2,-2.5111034110327672e-08,454.1,ASK
487,1712301434.0978832,13481405.21404215,438.2,-2.8065359108147938e-08,454.1,ASK
488,1712301434.657896,13486014.38508537,438.4,2.767918818171433e-07,454.1,BID
489,1712301434.741683,13486014.38508538,438.4,5.5928175715185845e-19,454.1,BID
490,1712301434.7578125,13489064.72317052,438.4,-1.831801881178793e-07,454.1,ASK
491,1712301434.8071382,13489475.06300807,438.2,-2.4641900843937804e-08,454.1,ASK
492,1712301434.8177712,13490210.43014607,438.6,4.4160577258883095e-08,454.1,BID
493,1712301434.9179392,13490210.43014609,438.6,1.2304198657340877e-18,454.1,BID
494,1712301450.87759,13490210.43014609,438.6,0.0,454.1,BID
495,1712301475.9004214,13494632.90160948,438.6,-2.654684876848968e-07,454.1,ASK
496,1712301475.9060829,13498176.79589282,438.6,-2.127299777288257e-07,454.1,ASK
497,1712301475.9184277,13498370.79351971,438.6,-1.1645130341969513e-08,454.1,ASK
498,1712301475.9205737,13499958.98496124,438.6,-9.533465249632293e-08,454.1,ASK
499,1712301475.9387186,13500958.98496124,438.2,-6.002717934587259e-08,454.1,ASK
500,1712301477.6071196,13501257.60680224,438.1,1.7925426806325242e-08,454.1,BID
501,1712301477.7072935,13502175.52577771,438.2,5.5100086965552594e-08,454.1,BID
502,1712301477.7123,13502175.52577781,438.1,5.925894724822132e-18,454.1,BID
503,1712301477.7159972,13504187.07735724,438.2,1.2074776742195986e-07,454.1,BID
504,1712301477.7872124,13504187.07735758,438.2,2.0461108200800946e-17,454.1,BID
505,1712301480.6070414,13504187.07735758,438.2,0.0,454.1,BID
506,1712301488.786946,13508210.68250776,438.1,2.414368499291439e-07,454.1,BID
507,1712301492.2670786,13508555.34310874,438.1,-2.0681395586568763e-08,454.1,ASK
508,1712301492.271801,13509448.23779511,438.1,-5.3578239501524064e-08,454.1,ASK
509,1712301494.1468906,13509754.85799133,438.1,-1.8398777100827e-08,454.1,ASK
510,1712301494.8971725,13510312.06648943,438.1,-3.3435354492712417e-08,454.1,ASK
511,1712301494.906506,13510603.62202321,438.1,-1.749482044779007e-08,454.1,ASK
512,1712301494.9366758,13511165.90943223,438.1,-3.3740115076321464e-08,454.1,ASK
513,1712301495.0568516,13511498.66104065,438.1,-1.9966795236413172e-08,454.1,ASK
514,1712301496.656908,13511550.29665869,438.1,-3.098400687452268e-09,454.1,ASK
515,1712301496.7965834,13512945.54695133,438.1,-8.37221404547353e-08,454.1,ASK
516,1712301497.68694,13514059.38076732,438.1,-6.683571519565254e-08,454.1,ASK
517,1712301498.8667226,13514327.42208913,438.2,1.6083847687151185e-08,454.1,BID
518,1712301498.871661,13516293.13117601,438.3,1.1795258035997845e-07,454.1,BID
519,1712301498.9866588,13517055.03393961,438.1,-4.571805540798488e-08,454.1,ASK
520,1712301500.356892,13517623.01515605,438.1,-3.4081772588957646e-08,454.1,ASK
521,1712301500.7770293,13518050.57917983,438.1,-2.5656024185234683e-08,454.1,ASK
522,1712301501.8966367,13518316.98633873,438.1,-1.5985789569964404e-08,454.1,ASK
523,1712301502.9467394,13519232.45937629,438.1,-5.49330558376374e-08,454.1,ASK
524,1712301502.9519362,13519323.71710282,438.1,-5.475929471861754e-09,454.1,ASK
525,1712301503.1866417,13519897.69984691,438.0,-3.4441894886390794e-08,454.1,ASK
526,1712301503.2265716,13520475.01285132,438.0,-3.464172750689055e-08,454.1,ASK
527,1712301503.5271156,13521606.82212565,438.0,-6.791433446254856e-08,454.1,ASK
528,1712301503.5310884,13521891.36400461,437.9,-1.7073965353234964e-08,454.1,ASK
529,1712301507.606646,13523079.02397013,437.9,-7.126566105758564e-08,454.1,ASK
530,1712301509.3865376,13523579.02397013,438.1,-3.000255255145335e-08,454.1,ASK
531,1712301509.806539,13524471.07393357,437.9,-5.3527551813194286e-08,454.1,ASK
532,1712301509.8113563,13525357.97806004,437.9,-5.321877532508853e-08,454.1,ASK
533,1712301509.866445,13526241.18780929,437.9,-5.299709383164261e-08,454.1,ASK
534,1712301510.0069184,13526678.72228701,437.9,-2.6254302321736225e-08,454.1,ASK
535,1712301510.6264043,13526678.72228701,437.9,-0.0,454.1,ASK
536,1712301514.366552,13527819.49344831,438.3,6.841164693992598e-08,454.1,BID
537,1712301540.905861,13527819.49344831,438.3,0.0,454.1,BID
538,1712301546.2163663,13528119.49344767,437.9,-1.7990355436383223e-08,454.1,ASK
539,1712301546.2202234,13528547.59328631,437.9,-2.5672227585899283e-08,454.1,ASK
540,1712301546.2559545,13528547.59328695,437.9,-3.8424396783705775e-17,454.1,ASK
541,1712301546.8759532,13529047.96320136,437.6,-3.000610876363504e-08,454.1,ASK
542,1712301547.7362337,13529423.14809015,437.6,-2.249903172685369e-08,454.1,ASK
543,1712301547.986043,13529704.46736359,437.6,-1.6870112436905978e-08,454.1,ASK
544,1712301555.7857983,13530547.59328695,437.6,-5.056045023724477e-08,454.1,ASK
545,1712301559.04575,13532547.59328695,437.5,-1.199357031646395e-07,454.1,ASK
546,1712301559.050699,13535308.71786751,437.5,-1.6557870904733205e-07,454.1,ASK
547,1712301563.8956127,13536308.71786751,437.5,5.996785158231976e-08,454.1,BID
548,1712301564.9055877,13539332.68355996,437.5,1.8134072583483005e-07,454.1,BID
549,1712301564.969628,13539764.67865888,437.5,2.5905817976356417e-08,454.1,BID
550,1712301570.9054224,13539764.67865888,437.5,0.0,454.1,BID
551,1712301600.6350267,13539764.67865888,437.5,0.0,454.1,BID
552,1712301628.3247497,13544132.17155652,437.7,-2.631027930066828e-07,454.1,ASK
553,1712301630.6447053,13544132.17155652,437.7,-0.0,454.1,ASK
554,1712301632.6751318,13544836.04002864,437.8,4.2396963486726834e-08,454.1,BID
555,1712301639.8090997,13545970.23994558,437.8,-6.831763940263191e-08,454.1,ASK
556,1712301639.8902147,13549203.95985461,437.8,1.9478057384299653e-07,454.1,BID
557,1712301639.894315,13560752.95952976,437.8,6.956449065844544e-07,454.1,BID
558,1712301648.414575,13576669.87903088,437.7,-9.587431198300828e-07,454.1,ASK
559,1712301660.8641949,13576669.87903088,437.7,-0.0,454.1,ASK
560,1712301666.9842842,13578257.61937697,437.7,-9.555431026489201e-08,454.1,ASK
561,1712301690.923973,13578257.61937697,437.7,-0.0,454.1,ASK
562,1712301701.3237712,13578277.61937697,437.7,-1.2036012587598932e-09,454.1,ASK
563,1712301704.093797,13578649.1844231,437.5,-2.2360807861647143e-08,454.1,ASK
564,1712301704.253636,13578927.78948406,437.5,-1.6766470103370594e-08,454.1,ASK
565,1712301720.646165,13578927.78948406,437.5,-0.0,454.1,ASK
566,1712301750.6131215,13578927.78948406,437.5,-0.0,454.1,ASK
567,1712301774.312853,13579077.06651054,437.5,-8.983342337687967e-09,454.1,ASK
568,1712301774.3156142,13579268.95370058,437.5,-1.1547579416571037e-08,454.1,ASK
569,1712301774.4008305,13579881.44881078,437.5,-3.685934389795608e-08,454.1,ASK
570,1712301774.4058745,13580375.27590645,437.5,-2.9718021323335705e-08,454.1,ASK
571,1712301774.4089165,13580420.99019216,437.5,-2.7510400491402955e-09,454.1,ASK
572,1712301774.5158818,13581562.62081189,437.5,-6.870219029716747e-08,454.1,ASK
573,1712301774.6210206,13581912.94379933,437.5,-2.1082087439271115e-08,454.1,ASK
574,1712301774.7577963,13582393.08786935,437.5,-2.8894590508044724e-08,454.1,ASK
575,1712301774.8154726,13582872.96754128,437.5,-2.8878679295068626e-08,454.1,ASK
576,1712301774.8229425,13583258.46925556,437.5,-2.3199108079796823e-08,454.1,ASK
577,1712301776.8905947,13583758.83916997,437.4,-3.011176161946583e-08,454.1,ASK
578,1712301777.105161,13584277.53790009,437.4,-3.121477143985177e-08,454.1,ASK
579,1712301780.9227872,13584277.53790009,437.4,-0.0,454.1,ASK
580,1712301793.822171,13584806.50098697,437.4,-3.18279874042172e-08,454.1,ASK
581,1712301794.332884,13585114.76608015,437.4,-1.8548472939436453e-08,454.1,ASK
582,1712301794.7927456,13585258.46925556,437.4,-8.646695715278691e-09,454.1,ASK
583,1712301794.8026805,13585432.35804219,437.4,-1.0462979833380997e-08,454.1,ASK
584,1712301805.3425956,13585707.97653609,437.4,-1.6584109874225904e-08,454.1,ASK
585,1712301810.8925564,13585707.97653609,437.4,-0.0,454.1,ASK
586,1712301840.6221836,13585707.97653609,437.4,-0.0,454.1,ASK
587,1712301843.0422158,13586017.80132934,437.4,-1.864161911035784e-08,454.1,ASK
588,1712301843.2622154,13586296.36878583,437.4,-1.6760919505258082e-08,454.1,ASK
589,1712301844.7722962,13589746.34295943,438.0,2.0757894747522585e-07,454.1,BID
590,1712301844.7776177,13592428.74638291,438.0,1.6139555003365826e-07,454.1,BID
591,1712301844.9123518,13593157.49301791,438.0,-4.384741793919602e-08,454.1,ASK
592,1712301844.9175394,13593157.49301823,438.0,-1.9276404640828264e-17,454.1,ASK
593,1712301870.7020226,13593157.49301823,438.0,-0.0,454.1,ASK
594,1712301875.7882202,13593457.49301822,438.0,-1.8046935749568785e-08,454.1,ASK
595,1712301900.921639,13593457.49301822,438.0,-0.0,454.1,ASK
596,1712301905.5316026,13593698.73020784,438.0,-1.4576210721277748e-08,454.1,ASK
597,1712301908.6816666,13593721.54042681,438.4,1.378255810468546e-09,454.1,BID
598,1712301920.4115348,13594180.3032372,438.0,-2.771970360726653e-08,454.1,ASK
599,1712301920.4170628,13595220.00997631,438.0,-6.2821924519345e-08,454.1,ASK
600,1712301920.476113,13596591.23350029,438.0,-8.285307527802427e-08,454.1,ASK
601,1712301921.6589692,13597518.44380492,438.0,-5.6024582297868486e-08,454.1,ASK
602,1712301930.891399,13597518.44380492,438.0,-0.0,454.1,ASK
603,1712301942.0119455,13597805.07531145,438.5,1.7317198338277886e-08,454.1,BID
604,1712301942.018273,13600253.87531145,438.6,1.479472923407779e-07,454.1,BID
605,1712301942.0237134,13601650.36044745,439.1,8.437038331652334e-08,454.1,BID
606,1712301942.027173,13604959.51256856,439.0,1.999265339195417e-07,454.1,BID
607,1712301942.029786,13608839.51256856,438.6,2.344150172666123e-07,454.1,BID
608,1712301960.6712873,13608839.51256856,438.6,0.0,454.1,BID
609,1712301970.500993,13609102.37549665,438.0,-1.58764254481464e-08,454.1,ASK
610,1712301971.0311162,13610057.55499252,438.0,-5.76910413572571e-08,454.1,ASK
611,1712301971.2708735,13610684.04635692,438.5,-3.783889768354293e-08,454.1,ASK
612,1712301971.2909453,13611434.37018856,438.5,-4.531814532209858e-08,454.1,ASK
613,1712301971.331147,13612192.95947636,438.5,-4.581736329646724e-08,454.1,ASK
614,1712301971.3358774,13612951.84192948,438.5,-4.58350699294214e-08,454.1,ASK
615,1712301971.3509555,13613057.55499252,438.5,-6.384869773852211e-09,454.1,ASK
616,1712301971.3910313,13613351.1920215,438.0,-1.7735123143058613e-08,454.1,ASK
617,1712301971.5111582,13614003.89313959,438.1,3.9421917409721686e-08,454.1,BID
618,1712301971.5711775,13614330.74791105,437.9,-1.9741412184558613e-08,454.1,ASK
619,1712301971.5765057,13614982.55916892,438.0,-3.936817152950668e-08,454.1,ASK
620,1712301971.6311867,13616436.55199699,437.9,-8.781842652617498e-08,454.1,ASK
621,1712301980.5809507,13617122.71809337,437.9,-4.144313902821224e-08,454.1,ASK
622,1712301985.020828,13618025.52353089,437.9,-5.4527746940522e-08,454.1,ASK
623,1712301990.648188,13618025.52353089,437.9,-0.0,454.1,ASK
624,1712302005.560889,13618679.30954764,437.9,-3.947784679707861e-08,454.1,ASK
625,1712302005.566734,13625927.10554316,437.9,-4.37646833362259e-07,454.1,ASK
626,1712302005.572368,13629346.59229453,437.8,-2.0648036304905173e-07,454.1,ASK
627,1712302020.9206362,13629346.59229453,437.8,-0.0,454.1,ASK
628,1712302036.5346255,13630330.03663451,437.8,-5.936597939247869e-08,454.1,ASK
629,1712302036.5406885,13630352.85756757,437.8,-1.3775940199269967e-09,454.1,ASK
630,1712302036.61048,13631107.37040633,437.8,-4.554644509730115e-08,454.1,ASK
631,1712302043.3105128,13631336.48871145,437.8,-1.3830810781308482e-08,454.1,ASK
632,1712302050.8907385,13631336.48871145,437.8,-0.0,454.1,ASK
633,1712302063.601344,13631428.12674123,437.9,-5.531472487298154e-09,454.1,ASK
634,1712302080.6001017,13631428.12674123,437.9,-0.0,454.1,ASK
635,1712302081.0229442,13631721.76377021,437.9,-1.7724532234668438e-08,454.1,ASK
636,1712302081.080101,13632575.18778712,437.9,-5.151442088262803e-08,454.1,ASK
637,1712302081.300253,13633065.38804582,437.8,-2.958949120613601e-08,454.1,ASK
638,1712302110.2735116,13633729.8275012,437.9,-4.010692583910061e-08,454.1,ASK
639,1712302110.6100385,13633729.8275012,437.9,-0.0,454.1,ASK
640,1712302140.8897429,13633729.8275012,437.9,-0.0,454.1,ASK
641,1712302170.8825352,13633729.8275012,437.9,-0.0,454.1,ASK
642,1712302200.9993494,13633729.8275012,437.9,-0.0,454.1,ASK
643,1712302230.9151227,13633729.8275012,437.9,-0.0,454.1,ASK
644,1712302240.347407,13634199.6686466,438.0,-2.8411966517561247e-08,454.1,ASK
645,1712302241.4290824,13634553.88894362,438.0,-2.142020833489079e-08,454.1,ASK
646,1712302241.52896,13634818.68650619,438.0,-1.601268759731259e-08,454.1,ASK
647,1712302241.588924,13634867.35863899,438.0,-2.943273531973528e-09,454.1,ASK
648,1712302246.9089782,13635373.0663188,438.0,-3.058086718693892e-08,454.1,ASK
649,1712302247.2347813,13635602.80197286,438.0,-1.3892443807748272e-08,454.1,ASK
650,1712302247.237437,13635646.54322908,438.0,-2.645096367855021e-09,454.1,ASK
651,1712302249.6990173,13636031.73679691,438.0,-2.3293206350897763e-08,454.1,ASK
652,1712302257.2273393,13636317.3706746,438.0,-1.727268939446791e-08,454.1,ASK
653,1712302260.6587691,13636317.3706746,438.0,-0.0,454.1,ASK
654,1712302261.402695,13636608.54636354,438.0,-1.7606603984969165e-08,454.1,ASK
655,1712302261.4188724,13636921.02636354,438.0,-1.8894817878770186e-08,454.1,ASK
656,1712302267.7187686,13639522.5256745,437.9,-1.573056057739649e-07,454.1,ASK
657,1712302267.7289803,13640066.20594792,438.0,-3.28748711935392e-08,454.1,ASK
658,1712302267.7318876,13640127.62636354,437.9,-3.7139259061861605e-09,454.1,ASK
659,1712302267.7987487,13640785.32684513,437.9,-3.976936385817496e-08,454.1,ASK
660,1712302267.818769,13641449.74986503,437.9,-4.01758575123924e-08,454.1,ASK
661,1712302272.1610923,13641474.38034621,437.9,-1.4893383773623907e-09,454.1,ASK
662,1712302272.1691897,13641779.85664314,437.9,-1.8471322954296148e-08,454.1,ASK
663,1712302273.24221,13642072.46749878,437.9,-1.7693384621869387e-08,454.1,ASK
664,1712302290.6248064,13642072.46749878,437.9,-0.0,454.1,ASK
665,1712302320.9284794,13642072.46749878,437.9,-0.0,454.1,ASK
666,1712302346.8102286,13642130.86749878,438.0,-3.530751502430721e-09,454.1,ASK
667,1712302346.8162346,13642143.86749878,438.0,-7.859549577278526e-10,454.1,ASK
668,1712302347.8685632,13642334.41899455,437.9,-1.1520376369452578e-08,454.1,ASK
669,1712302347.8744483,13642349.66054706,438.0,-9.214749045900543e-10,454.1,ASK
670,1712302347.8803034,13643106.07757973,437.9,-4.57315166873457e-08,454.1,ASK
671,1712302347.884966,13643731.16908608,437.8,-3.7791828342305486e-08,454.1,ASK
672,1712302350.868263,13643731.16908608,437.8,-0.0,454.1,ASK
673,1712302362.0883834,13645980.55484236,438.6,1.3598755852901744e-07,454.1,BID
674,1712302362.094211,13646010.55484236,438.6,1.813662571873333e-09,454.1,BID
675,1712302365.258348,13646228.4197661,438.0,-1.3171115263697465e-08,454.1,ASK
676,1712302380.6481082,13646228.4197661,438.0,-0.0,454.1,ASK
677,1712302393.8082914,13647228.4197661,438.5,6.045141666095191e-08,454.1,BID
678,1712302398.4285822,13648145.31702152,437.8,-5.5427738022719066e-08,454.1,ASK
679,1712302398.4337838,13648218.99221567,437.8,-4.453769859128317e-09,454.1,ASK
680,1712302398.4383676,13648470.35258943,437.4,-1.5195090686196737e-08,454.1,ASK
681,1712302398.442931,13648493.19406955,437.8,-1.3807998318358191e-09,454.1,ASK
682,1712302398.4457672,13649636.31249662,437.4,-6.910312832761194e-08,454.1,ASK
683,1712302398.4484296,13657325.19761399,437.4,-4.648039978883644e-07,454.1,ASK
684,1712302399.088087,13657338.88374537,438.4,8.273460305590384e-10,454.1,BID
685,1712302410.597997,13657338.88374537,438.4,0.0,454.1,BID
686,1712302440.8520763,13657338.88374537,438.4,0.0,454.1,BID
687,1712302458.718037,13657781.06752542,438.0,2.6722782941628337e-08,454.1,BID
688,1712302458.7239954,13658002.15941537,438.0,1.3361391466255229e-08,454.1,BID
689,1712302458.7377188,13658002.15941545,438.0,4.8403577051740794e-18,454.1,BID
690,1712302467.5079796,13658886.52697555,438.1,5.344556588325667e-08,454.1,BID
691,1712302468.031927,13659169.0636851,438.1,-1.7074726625013132e-08,454.1,ASK
692,1712302470.897758,13659169.0636851,438.1,-0.0,454.1,ASK
693,1712302476.1776714,13659864.4636851,438.1,-4.202352903595673e-08,454.1,ASK
694,1712302500.6375203,13659864.4636851,438.1,-0.0,454.1,ASK
695,1712302515.497696,13662150.17797081,437.6,-1.3959963211882098e-07,454.1,ASK
696,1712302515.503817,13662185.79754099,437.4,-2.1754595158966756e-09,454.1,ASK
697,1712302515.5097036,13663170.88188377,437.3,-6.016386768803326e-08,454.1,ASK
698,1712302515.5130403,13665295.65788377,437.5,-1.297703522218536e-07,454.1,ASK
699,1712302529.3718514,13667064.39300377,438.2,1.0802521277974909e-07,454.1,BID
700,1712302529.3900046,13667064.39300398,438.2,1.285496505515702e-17,454.1,BID
701,1712302530.6474128,13667064.39300398,438.2,0.0,454.1,BID
702,1712302538.887395,13668094.1863047,437.9,-6.288235768556019e-08,454.1,ASK
703,1712302539.3946211,13676230.99974008,437.9,-4.968589449034215e-07,454.1,ASK
704,1712302541.4773562,13682332.7314974,437.9,-3.7259057579497764e-07,454.1,ASK
705,1712302551.577306,13683924.2421284,437.9,-9.718255176935796e-08,454.1,ASK
706,1712302560.8573785,13683924.2421284,437.9,-0.0,454.1,ASK
707,1712302569.5472486,13684638.14298186,437.9,-4.357334583981947e-08,454.1,ASK
708,1712302569.5672705,13685355.03001051,437.9,-4.375560874594839e-08,454.1,ASK
709,1712302573.4773326,13685583.39265038,437.9,-1.393824399527716e-08,454.1,ASK
710,1712302573.4871776,13687461.91573586,437.9,-1.1465672813649197e-07,454.1,ASK
711,1712302579.2870932,13689079.24855242,437.9,-9.871483107553726e-08,454.1,ASK
712,1712302579.3724964,13690682.78557539,437.9,-9.787279694393037e-08,454.1,ASK
713,1712302580.6109247,13691475.95746532,437.9,-4.8411698771403526e-08,454.1,ASK
714,1712302580.6543882,13692273.89065197,437.9,-4.8702307232662186e-08,454.1,ASK
715,1712302584.1584473,13692673.69810659,437.9,-2.4402476065280626e-08,454.1,ASK
716,1712302585.2274475,13697193.69810659,438.4,2.758807784600003e-07,454.1,BID
717,1712302590.8471198,13697193.69810659,438.4,0.0,454.1,BID
718,1712302599.07727,13697673.52254233,438.1,-2.9275971126891892e-08,454.1,ASK
719,1712302599.217358,13698619.71811237,438.1,-5.773110355716688e-08,454.1,ASK
720,1712302599.223246,13699575.58500872,438.1,-5.832118911493554e-08,454.1,ASK
721,1712302599.23703,13700709.63767799,438.1,-6.919300212545268e-08,454.1,ASK
722,1712302605.7972038,13701652.32033659,438.1,-5.7516767049369064e-08,454.1,ASK
723,1712302605.8071475,13702396.38076519,438.1,-4.53980456223252e-08,454.1,ASK
724,1712302620.627071,13702396.38076519,438.1,-0.0,454.1,ASK
725,1712302650.607046,13702396.38076519,438.1,-0.0,454.1,ASK
726,1712302663.5669444,13706051.1760462,439.3,2.229623903845684e-07,454.1,BID
727,1712302663.5732937,13706948.66394297,439.3,5.475164309335154e-08,454.1,BID
728,1712302663.629563,13707807.01889736,439.3,5.23643207660935e-08,454.1,BID
729,1712302663.8668451,13708246.16914236,438.9,2.6790553460506023e-08,454.1,BID
730,1712302663.8767858,13708246.1691426,438.9,1.4658461556480415e-17,454.1,BID
731,1712302663.975804,13711090.50877829,439.2,-1.7352018799366332e-07,454.1,ASK
732,1712302664.008034,13711995.35474081,439.2,-5.520052512415535e-08,454.1,ASK
733,1712302664.0167053,13714854.43873322,439.2,-1.7441967394736525e-07,454.1,ASK
734,1712302664.0585604,13715151.86877592,439.2,-1.814485031129485e-08,454.1,ASK
735,1712302664.2000911,13716269.03807526,439.2,-6.81534034860277e-08,454.1,ASK
736,1712302664.2093604,13717398.51394609,439.2,-6.890417128156266e-08,454.1,ASK
737,1712302664.2307458,13718521.47437616,439.2,-6.850669395815916e-08,454.1,ASK
738,1712302664.2535918,13719618.61734062,439.2,-6.693168813603676e-08,454.1,ASK
739,1712302664.396956,13719639.75714232,438.7,1.2896428819705495e-09,454.1,BID
740,1712302680.8466227,13719639.75714232,438.7,0.0,454.1,BID
741,1712302708.1066997,13719654.75714232,440.0,9.146589786108316e-10,454.1,BID
742,1712302710.8965654,13719654.75714232,440.0,0.0,454.1,BID
743,1712302722.7766654,13720109.30259632,440.0,2.7716927557797023e-08,454.1,BID
744,1712302722.8027704,13720109.30259686,440.0,3.293789886520437e-17,454.1,BID
745,1712302740.5863235,13720109.30259686,440.0,0.0,454.1,BID
746,1712302750.497743,13722382.02986958,439.9,1.385829478739973e-07,454.1,BID
747,1712302757.294093,13726674.79795074,439.8,-2.6175796030042204e-07,454.1,ASK
748,1712302757.2970693,13726868.79557763,439.8,-1.18292957265914e-08,454.1,ASK
749,1712302757.5956528,13731128.79557763,439.3,-2.597598774957366e-07,454.1,ASK
750,1712302758.6688848,13735388.79557763,439.3,-2.597598774957366e-07,454.1,ASK
751,1712302759.376803,13737926.59890109,439.3,-1.547463569037446e-07,454.1,ASK
752,1712302760.0164323,13742086.59890109,439.1,2.5366222778926386e-07,454.1,BID
753,1712302770.626291,13742086.59890109,439.1,0.0,454.1,BID
754,1712302775.1638763,13742111.18200524,439.0,-1.4981093796532883e-09,454.1,ASK
755,1712302792.22636,13742124.8369893,439.4,8.321430676607831e-10,454.1,BID
756,1712302792.3100162,13742138.4919739,439.4,8.32143100465385e-10,454.1,BID
757,1712302792.3162982,13742533.7440789,439.4,2.4086904656478776e-08,454.1,BID
758,1712302800.6362011,13742533.7440789,439.4,0.0,454.1,BID
759,1712302830.6316357,13742533.7440789,439.4,0.0,454.1,BID
760,1712302843.8984482,13744036.26546272,439.4,-9.27337576454718e-08,454.1,ASK
761,1712302860.8459585,13744036.26546272,439.4,-0.0,454.1,ASK
762,1712302879.231193,13744506.26546272,439.4,-2.9006635561551165e-08,454.1,ASK
763,1712302879.2375994,13744606.26546272,439.4,-6.171624587564078e-09,454.1,ASK
764,1712302890.9062412,13744606.26546272,439.4,-0.0,454.1,ASK
765,1712302920.636096,13744606.26546272,439.4,-0.0,454.1,ASK
766,1712302935.8456469,13744618.36178272,439.8,7.465279199558463e-10,454.1,BID
767,1712302949.1406276,13744912.16110628,439.5,-1.8131911019965292e-08,454.1,ASK
768,1712302950.6155474,13744912.16110628,439.5,-0.0,454.1,ASK
769,1712302968.496066,13749912.16110618,439.4,-3.0857389927515545e-07,454.1,ASK
770,1712302968.503229,13751242.16110618,439.4,-8.208065720881197e-08,454.1,ASK
771,1712302968.5086854,13751697.22367728,439.5,-2.8084086396195442e-08,454.1,ASK
772,1712302976.645688,13751697.22367738,439.4,-6.207447708095384e-18,454.1,ASK
773,1712302980.8756106,13751697.22367738,439.4,-0.0,454.1,ASK
774,1712302989.1955488,13751719.93030772,440.0,1.4010768993597183e-09,454.1,BID
775,1712302995.3188229,13751742.63693806,440.0,1.4010768993597183e-09,454.1,BID
776,1712303000.6655345,13751765.3435684,440.0,1.4010768993597183e-09,454.1,BID
777,1712303001.2488203,13751958.52538658,440.0,1.1919980145756988e-08,454.1,BID
778,1712303004.1155715,13753696.19745963,440.0,1.0722032127957065e-07,454.1,BID
779,1712303004.395543,13753718.87319659,440.0,1.3991706719642635e-09,454.1,BID
780,1712303006.9254873,13753741.54893355,440.0,1.3991706719642635e-09,454.1,BID
781,1712303009.522433,13753764.22467051,440.0,1.3991706719642635e-09,454.1,BID
782,1712303010.8353837,13753764.22467051,440.0,0.0,454.1,BID
783,1712303018.8054984,13753809.6276217,439.9,2.80136046086613e-09,454.1,BID
784,1712303024.3254192,13753855.03057289,439.9,2.801360460981055e-09,454.1,BID
785,1712303027.515219,13753900.43352408,439.9,2.801360460981055e-09,454.1,BID
786,1712303031.2552888,13753945.83647527,439.9,2.801360460981055e-09,454.1,BID
787,1712303034.6252308,13753991.23942646,439.9,2.801360460981055e-09,454.1,BID
788,1712303037.8953187,13754036.64237765,439.9,2.801360460981055e-09,454.1,BID
789,1712303040.5911627,13754082.04532884,439.9,2.801360460981055e-09,454.1,BID
790,1712303040.638181,13754082.04532884,439.9,0.0,454.1,BID
791,1712303043.8057654,13754127.44828003,439.9,2.8013362960119102e-09,454.1,BID
792,1712303046.315285,13754172.85123122,439.9,2.8013362958969863e-09,454.1,BID
793,1712303049.4653986,13754218.25418241,439.9,2.8013362960119102e-09,454.1,BID
794,1712303052.2751634,13754263.6571336,439.9,2.8013362960119102e-09,454.1,BID
795,1712303055.0251884,13754309.06008479,439.9,2.8013362960119102e-09,454.1,BID
796,1712303057.7955835,13754321.06008479,439.9,7.40393183061702e-10,454.1,BID
797,1712303057.9551773,13754366.46303598,439.9,2.8013362960119102e-09,454.1,BID
798,1712303060.6652586,13754411.86598717,439.9,2.8013362960119102e-09,454.1,BID
799,1712303063.3352244,13754457.26893836,439.9,2.8013362960119102e-09,454.1,BID
800,1712303067.0651164,13754502.67188955,440.0,2.8013362958969863e-09,454.1,BID
801,1712303070.6251886,13754502.67188955,440.0,0.0,454.1,BID
802,1712303070.9322474,13754548.09546439,439.9,2.8025767672086033e-09,454.1,BID
803,1712303074.585266,13754593.44693831,439.9,2.798128232154189e-09,454.1,BID
804,1712303079.1952057,13754638.8498895,439.9,2.801304314221933e-09,454.1,BID
805,1712303086.0651946,13754684.27346434,439.9,2.8025767672086033e-09,454.1,BID
806,1712303100.6353185,13754684.27346434,439.9,0.0,454.1,BID
807,1712303130.6448803,13754684.27346434,439.9,0.0,454.1,BID
808,1712303140.3478265,13754697.27346434,439.0,-8.08441795008546e-10,454.1,ASK
809,1712303140.3511093,13759856.90341634,439.0,-3.208661923056619e-07,454.1,ASK
810,1712303140.434857,13760954.65274734,439.0,-6.82666492018489e-08,454.1,ASK
811,1712303140.474935,13760954.65274736,439.0,-1.1583386060832598e-18,454.1,ASK
812,1712303160.6547554,13760954.65274736,439.0,-0.0,454.1,ASK
813,1712303162.864822,13763637.0561808,439.5,1.667842989029779e-07,454.1,BID
814,1712303162.9847815,13765505.7446638,439.5,-1.161897925643008e-07,454.1,ASK
1015,1712303162.989953,13765505.74466442,439.5,-3.8566073679201325e-17,454.1,ASK
815,1712303162.989953,13765505.74466442,439.5,-3.856607367920133e-17,454.1,ASK
816,1712303163.1084049,13765932.60268489,439.1,2.6540830804160492e-08,454.1,BID
1016,1712303163.1084049,13765932.60268489,439.1,2.654083080416049e-08,454.1,BID
817,1712303190.6480732,13765932.60268489,439.1,0.0,454.1,BID
818,1712303197.5947466,13767487.20268489,439.0,9.66475082286034e-08,454.1,BID
819,1712303198.4590125,13767661.03008567,439.1,1.0806628809457834e-08,454.1,BID
820,1712303207.5947232,13768100.16448202,439.0,-2.7300427881584133e-08,454.1,ASK
821,1712303220.9051144,13768100.16448202,439.0,-0.0,454.1,ASK
822,1712303225.7051852,13768100.16448275,439.5,4.539024213726714e-17,454.1,BID
823,1712303225.708552,13768542.42122975,439.5,2.749291402224109e-08,454.1,BID
1023,1712303225.708552,13768542.42122975,439.5,2.7492914022241092e-08,454.1,BID
824,1712303250.908812,13768542.42122975,439.5,0.0,454.1,BID
825,1712303255.075151,13768708.73720374,440.0,1.0338916375702607e-08,454.1,BID
826,1712303262.1953602,13768808.73720374,440.2,6.216430164636528e-09,454.1,BID
827,1712303280.545375,13768808.73720374,440.2,0.0,454.1,BID
828,1712303310.6359856,13768808.73720374,440.2,0.0,454.1,BID
829,1712303340.8758554,13768808.73720374,440.2,0.0,454.1,BID
830,1712303347.2660265,13769935.75943012,439.1,-7.006003921373107e-08,454.1,ASK
831,1712303357.065959,13769981.11090404,440.0,2.8192221651600236e-09,454.1,BID
832,1712303360.0759892,13773259.64378504,440.0,2.038062221223253e-07,454.1,BID
833,1712303360.081375,13773259.64378532,440.0,1.7368378698553572e-17,454.1,BID
834,1712303360.2460897,13775315.49298466,440.1,1.2779949867170845e-07,454.1,BID
835,1712303360.538241,13777499.64099745,440.2,1.357750467053333e-07,454.1,BID
836,1712303360.8790617,13777843.31576465,440.3,-2.136414624592579e-08,454.1,ASK
837,1712303361.0276334,13777923.08776465,440.4,-4.958934542133947e-09,454.1,ASK
838,1712303363.0460992,13778267.17976465,440.4,-2.1390083042613832e-08,454.1,ASK
839,1712303363.516,13780099.42772105,440.4,-1.1389958482618325e-07,454.1,ASK
840,1712303363.796322,13780140.42772105,441.0,2.5487177985733798e-09,454.1,BID
841,1712303363.803404,13780144.75863673,441.0,2.692263872715119e-10,454.1,BID
842,1712303364.700986,13780416.59787378,440.4,-1.689857321518799e-08,454.1,ASK
843,1712303369.3160655,13780461.89798703,440.9,2.816029388209004e-09,454.1,BID
844,1712303370.296111,13780805.84898703,440.5,-2.138131793989345e-08,454.1,ASK
845,1712303370.8762522,13780805.84898703,440.5,-0.0,454.1,ASK
846,1712303371.9860885,13781191.26167715,440.5,-2.39508752968626e-08,454.1,ASK
847,1712303376.766447,13781236.57205323,440.9,2.815743214897088e-09,454.1,BID
848,1712303381.4162838,13781642.00899937,440.1,-2.5195251704700024e-08,454.1,ASK
849,1712303382.7662165,13781687.31937545,440.9,2.815743214897088e-09,454.1,BID
850,1712303387.6864674,13781732.65029113,440.8,2.817019616584136e-09,454.1,BID
851,1712303393.4464724,13784415.05372457,439.8,-1.666938110165254e-07,454.1,ASK
852,1712303393.452845,13800641.1324137,439.6,-1.0083445543000032e-06,454.1,ASK
853,1712303393.5868533,13801980.1457747,439.8,8.32109135279441e-08,454.1,BID
854,1712303393.595183,13801980.14577531,439.8,3.79663938680249e-17,454.1,BID
855,1712303400.667806,13801980.14577531,439.8,0.0,454.1,BID
856,1712303403.586434,13805303.53743332,439.8,2.0716642210987445e-07,454.1,BID
857,1712303426.1766288,13805849.58209041,439.9,-3.403815425986852e-08,454.1,ASK
858,1712303430.6265287,13805849.58209041,439.9,-0.0,454.1,ASK
859,1712303438.126984,13808604.07607997,439.8,-1.716854928257212e-07,454.1,ASK
860,1712303460.8982415,13808604.07607997,439.8,-0.0,454.1,ASK
861,1712303479.7898636,13810877.83688033,439.8,-1.4171106249422258e-07,454.1,ASK
862,1712303479.7972598,13811332.5890404,439.8,-2.8342212498751642e-08,454.1,ASK
863,1712303479.8044095,13814902.65714101,439.3,-2.225027996058188e-07,454.1,ASK
864,1712303479.8083534,13815613.50799144,439.5,-4.430344180161557e-08,454.1,ASK
865,1712303479.811597,13819993.50799144,439.5,-2.729814207486048e-07,454.1,ASK
866,1712303479.8148258,13820207.49296721,439.7,-1.3336512033009588e-08,454.1,ASK
867,1712303490.89766,13820207.49296721,439.7,-0.0,454.1,ASK
868,1712303520.6369867,13820207.49296721,439.7,-0.0,454.1,ASK
869,1712303550.6271515,13820207.49296721,439.7,-0.0,454.1,ASK
870,1712303555.5372744,13821349.04547863,439.4,-7.112411187112926e-08,454.1,ASK
871,1712303580.887532,13821349.04547863,439.4,-0.0,454.1,ASK
872,1712303610.8575346,13821349.04547863,439.4,-0.0,454.1,ASK
873,1712303637.1876822,13821714.30827413,439.5,-2.275688573335801e-08,454.1,ASK
1073,1712303637.1876822,13821714.30827413,439.5,-2.2756885733358012e-08,454.1,ASK
874,1712303640.5636778,13822193.3931263,439.5,-2.9848315710713776e-08,454.1,ASK
875,1712303640.6475232,13822193.3931263,439.5,-0.0,454.1,ASK
876,1712303640.7061875,13822518.10752071,439.5,-2.0230140106617223e-08,454.1,ASK
877,1712303656.0807607,13823028.56449676,439.5,-3.1802150818085786e-08,454.1,ASK
878,1712303661.518093,13823624.35833414,439.5,-3.711875116207174e-08,454.1,ASK
879,1712303661.5263295,13824937.67779609,439.5,-8.182155511820116e-08,454.1,ASK
880,1712303670.5575712,13824937.67779609,439.5,-0.0,454.1,ASK
881,1712303676.3379607,13827216.42095302,439.5,-1.419580726054149e-07,454.1,ASK
882,1712303687.8178651,13829573.33331695,439.5,-1.4682775259938748e-07,454.1,ASK
883,1712303700.6777864,13829573.33331695,439.5,-0.0,454.1,ASK
884,1712303730.602506,13829573.33331695,439.5,-0.0,454.1,ASK
885,1712303733.4210868,13830213.69317674,439.5,-4.004890335647215e-08,454.1,ASK
886,1712303737.6479015,13833143.98077547,439.5,-1.832638368159704e-07,454.1,ASK
887,1712303737.6579692,13837325.94630674,439.5,-2.615453339888009e-07,454.1,ASK
888,1712303738.1979482,13838342.37076489,439.5,-6.356845181848939e-08,454.1,ASK
889,1712303738.5199714,13843687.66683914,439.5,-3.343014753599753e-07,454.1,ASK
890,1712303739.5779576,13846628.89796421,439.4,-1.83948258586159e-07,454.1,ASK
891,1712303741.3879712,13847230.4251382,439.4,-3.762025881089482e-08,454.1,ASK
892,1712303741.628909,13848128.53031917,439.4,-5.616861682796863e-08,454.1,ASK
893,1712303741.6881716,13848738.37457292,439.4,-3.814041934005508e-08,454.1,ASK
894,1712303741.7280996,13849630.88751735,439.4,-5.5818871388296434e-08,454.1,ASK
895,1712303742.028164,13851072.31721495,439.4,-9.01488089419732e-08,454.1,ASK
896,1712303742.0479393,13852503.93499383,439.4,-8.953515932192041e-08,454.1,ASK
897,1712303742.0731225,13853572.76631244,439.4,-6.68460421573392e-08,454.1,ASK
898,1712303742.1078994,13854941.35590944,439.4,-8.55932983101677e-08,454.1,ASK
899,1712303742.1278763,13855313.95428713,439.4,-2.330276670332247e-08,454.1,ASK
900,1712303760.8680303,13855313.95428713,439.4,-0.0,454.1,ASK
901,1712303790.9110796,13855313.95428713,439.4,-0.0,454.1,ASK
902,1712303799.8484328,13855733.35041834,440.4,2.6211013352605115e-08,454.1,BID
903,1712303799.8559542,13856127.92991992,439.9,2.466004766126476e-08,454.1,BID
904,1712303799.8633246,13858721.05133144,440.0,1.6206239133907552e-07,454.1,BID
905,1712303819.478282,13859013.78995973,440.0,-1.829529536386093e-08,454.1,ASK
906,1712303819.4979675,13859059.78995973,440.0,-2.874863463192106e-09,454.1,ASK
907,1712303820.618236,13859059.78995973,440.0,-0.0,454.1,ASK
908,1712303824.0381465,13859360.94905063,440.0,-1.881961060735965e-08,454.1,ASK
909,1712303825.0581377,13859653.68767892,440.0,-1.82934108936146e-08,454.1,ASK
910,1712303826.768088,13860201.71235445,440.0,-3.4246387734481924e-08,454.1,ASK
911,1712303827.0480652,13863393.71235445,440.0,-1.9946997741088369e-07,454.1,ASK
912,1712303827.207999,13863780.51352135,440.0,-2.4171434844711373e-08,454.1,ASK
913,1712303827.2745636,13864869.34168395,440.0,-6.804151910965769e-08,454.1,ASK
914,1712303827.9909947,13866290.5733737,440.0,-8.881361311087783e-08,454.1,ASK
915,1712303828.0480852,13867711.37531689,440.0,-8.878675799295985e-08,454.1,ASK
916,1712303828.3893132,13868242.2332555,440.0,-3.3173628140015165e-08,454.1,ASK
917,1712303829.478118,13868817.28663327,440.0,-3.5935427404076384e-08,454.1,ASK
918,1712303829.4980404,13869222.91755902,440.0,-2.5348117668101546e-08,454.1,ASK
919,1712303830.138209,13869547.01293919,440.0,-2.0252912957874585e-08,454.1,ASK
920,1712303850.6180828,13869547.01293919,440.0,-0.0,454.1,ASK
921,1712303854.14824,13869561.348621,440.0,-8.955870305621795e-10,454.1,ASK
922,1712303854.153127,13870523.80871149,440.0,-6.012736512669325e-08,454.1,ASK
923,1712303868.0583186,13871126.91132443,439.4,-3.7677376314562594e-08,454.1,ASK
924,1712303880.8982422,13871126.91132443,439.4,-0.0,454.1,ASK
925,1712303910.908316,13871126.91132443,439.4,-0.0,454.1,ASK
926,1712303916.792061,13871704.41205332,439.4,-3.6076394646385935e-08,454.1,ASK
927,1712303916.7997422,13874758.17240625,439.4,-1.907680079633609e-07,454.1,ASK
928,1712303917.3195145,13875256.09436656,439.4,-3.110511943029455e-08,454.1,ASK
929,1712303917.3231928,13878012.90289761,439.4,-1.722174666719123e-07,454.1,ASK
930,1712303926.0882025,13878902.94081179,439.4,-5.560055154206385e-08,454.1,ASK
931,1712303926.316739,13879569.79216459,439.4,-4.165811638074596e-08,454.1,ASK
932,1712303940.6181889,13879569.79216459,439.4,-0.0,454.1,ASK
933,1712303959.6483495,13881151.53572344,439.5,-9.878841797166184e-08,454.1,ASK
934,1712303964.2398093,13883892.63218419,439.5,-1.711962608288401e-07,454.1,ASK
935,1712303970.5583065,13883892.63218419,439.5,-0.0,454.1,ASK
936,1712304000.8083715,13883892.63218419,439.5,-0.0,454.1,ASK
937,1712304030.61281,13883892.63218419,439.5,-0.0,454.1,ASK
938,1712304059.2883904,13883938.13844131,439.6,-2.8564239192897633e-09,454.1,ASK
939,1712304060.7554235,13884224.87375295,439.5,-1.7998351315492383e-08,454.1,ASK
940,1712304060.760653,13884247.61135388,439.6,-1.4272372916644283e-09,454.1,ASK
941,1712304060.7761843,13887523.96381449,439.4,-2.056563674772668e-07,454.1,ASK
942,1712304060.779739,13888690.28324349,439.4,-7.32097721384448e-08,454.1,ASK
943,1712304060.878446,13888690.28324349,439.4,-0.0,454.1,ASK
944,1712304061.8186138,13888713.48747119,440.0,1.456334691286281e-09,454.1,BID
945,1712304061.8265364,13888917.28324349,440.0,1.2790550799184277e-08,454.1,BID
946,1712304075.4087198,13889454.5999214,439.4,-3.3722859833896394e-08,454.1,ASK
947,1712304075.4686131,13891662.46136519,439.4,-1.3856893906826656e-07,454.1,ASK
948,1712304075.476264,13891678.4126624,439.4,-1.0011290959598038e-09,454.1,ASK
949,1712304075.5087285,13891678.41266241,439.4,-5.845130429619799e-19,454.1,ASK
950,1712304082.3096907,13891715.17405193,439.0,-2.307203995428631e-09,454.1,ASK
951,1712304082.3174496,13891728.099143,439.2,-8.111995261815622e-10,454.1,ASK
952,1712304082.322076,13891789.77738901,439.0,-3.871026027131692e-09,454.1,ASK
953,1712304082.3256512,13891807.51412323,439.1,-1.113185997319444e-09,454.1,ASK
954,1712304082.329209,13891892.22493523,439.0,-5.316586953201435e-09,454.1,ASK
955,1712304090.9284449,13891892.22493523,439.0,-0.0,454.1,ASK
956,1712304120.6484263,13891892.22493523,439.0,-0.0,454.1,ASK
957,1712304139.268829,13891936.27779866,439.4,-2.764584511755546e-09,454.1,ASK
958,1712304150.588569,13891936.27779866,439.4,-0.0,454.1,ASK
959,1712304172.298505,13891958.97927425,440.5,1.4246536248993695e-09,454.1,BID
960,1712304179.498529,13894700.72862952,440.5,1.7206120113137148e-07,454.1,BID
961,1712304179.578497,13895410.95466126,440.5,-4.45709393022942e-08,454.1,ASK
962,1712304179.5983975,13897520.84079524,440.5,-1.3240799774979022e-07,454.1,ASK
963,1712304179.6983635,13898366.87444495,440.1,5.309368111532141e-08,454.1,BID
964,1712304179.711118,13898749.5583269,440.1,2.4015706707586817e-08,454.1,BID
1165,1712304179.7172513,13899063.01289473,440.0,1.967115241119285e-08,454.1,BID
965,1712304179.7172513,13899063.01289473,440.0,1.9671152411192852e-08,454.1,BID
966,1712304179.7233217,13899402.73672568,440.1,2.1319706082577825e-08,454.1,BID
967,1712304180.8885765,13899402.73672568,440.1,0.0,454.1,BID
968,1712304205.5985923,13899425.43304887,440.6,-1.4240364257145086e-09,454.1,ASK
969,1712304209.538663,13903449.03819905,440.7,2.524532387299823e-07,454.1,BID
970,1712304209.5468774,13904979.21390747,440.7,9.600788322866216e-08,454.1,BID
971,1712304210.9205914,13904979.21390747,440.7,0.0,454.1,BID
972,1712304216.1984413,13905001.94118019,440.0,-1.425758449669142e-09,454.1,ASK
973,1712304216.205985,13905559.05080453,440.0,-3.494936520142224e-08,454.1,ASK
974,1712304216.3585868,13905889.41083215,440.0,-2.0724598443181825e-08,454.1,ASK
975,1712304217.1185467,13906239.46897692,440.0,-2.196032775026751e-08,454.1,ASK
976,1712304217.1384144,13906590.27349574,440.0,-2.20071503109468e-08,454.1,ASK
977,1712304240.5784528,13906590.27349574,440.0,-0.0,454.1,ASK
978,1712304243.8565102,13906636.07349574,440.0,-2.8730606650807183e-09,454.1,ASK
979,1712304252.7184176,13906842.07349574,440.0,-1.2922499934432317e-08,454.1,ASK
980,1712304270.6185997,13906842.07349574,440.0,-0.0,454.1,ASK
981,1712304300.918475,13906842.07349574,440.0,-0.0,454.1,ASK
982,1712304301.9885888,13907276.05708928,440.0,-2.7351430633747632e-08,454.1,ASK
983,1712304301.995566,13907305.45059885,440.0,-1.852499841161821e-09,454.1,ASK
984,1712304302.2885177,13907656.62923486,440.0,-2.2132721710733548e-08,454.1,ASK
985,1712304302.7885566,13907937.10220884,440.0,-1.7676560143381018e-08,454.1,ASK
986,1712304305.298565,13908469.26553163,440.0,-3.3539120892490034e-08,454.1,ASK
987,1712304305.3385975,13908866.05800036,440.0,-2.5007493015896623e-08,454.1,ASK
988,1712304306.3985765,13909161.18532796,440.0,-1.8600137768201763e-08,454.1,ASK
989,1712304306.5285618,13909459.72701526,440.0,-1.8815324756561405e-08,454.1,ASK
990,1712304317.3884752,13909686.72701526,440.5,1.4306473438804422e-08,454.1,BID
991,1712304320.7403784,13909913.72701526,440.5,1.4306473438804422e-08,454.1,BID
992,1712304321.8288095,13910376.62895727,440.0,-2.9173983868388823e-08,454.1,ASK
993,1712304330.038781,13910603.64371322,440.5,1.4307403419411647e-08,454.1,BID
994,1712304330.8912673,13910603.64371322,440.5,0.0,454.1,BID
995,1712304347.5385356,13910751.96420653,440.5,9.346792221574177e-09,454.1,BID
996,1712304347.5486012,13910830.64371322,440.5,4.958188748607229e-09,454.1,BID
997,1712304351.2586162,13911057.64371322,440.5,1.4304980970181405e-08,454.1,BID
998,1712304354.3088095,13911284.64371322,440.5,1.4304980970181405e-08,454.1,BID
999,1712304356.5585458,13915824.9388324,440.5,2.861182170876461e-07,454.1,BID
1000,1712304357.3588228,13916051.9388324,440.5,1.4304980970181405e-08,454.1,BID
1201,1712304360.580126,13916051.9388324,440.5,0.0,454.1,BID
1202,1712304367.9184136,13920639.6574444,440.5,2.890630107957638e-07,454.1,BID
1203,1712304367.9203005,13920639.65744511,440.5,4.471475450412366e-17,454.1,BID
1204,1712304367.9987504,13921094.82358011,440.6,2.8679111454488644e-08,454.1,BID
1205,1712304368.001325,13923391.47830059,440.5,-1.4470763889563785e-07,454.1,ASK
1206,1712304368.0184157,13923391.47830123,440.6,4.03723767701274e-17,454.1,BID
1207,1712304368.03885,13923846.64443559,440.6,-2.8679111414116268e-08,454.1,ASK
1208,1712304368.0414174,13928095.76776407,440.2,-2.677287964784546e-07,454.1,ASK
1209,1712304368.0584242,13928550.93389907,440.6,-2.8679111454488644e-08,454.1,ASK
1210,1712304368.059635,13928941.81057059,440.2,-2.4628360428239042e-08,454.1,ASK
1211,1712304368.0608068,13929710.93297204,440.1,4.8460870388172586e-08,454.1,BID
1212,1712304368.1986566,13930989.08278934,440.7,-8.053367385482201e-08,454.1,ASK
1213,1712304368.2384512,13932278.52099529,440.7,-8.124493273672386e-08,454.1,ASK
1214,1712304368.2986276,13932694.93512079,440.7,-2.6237424531689504e-08,454.1,ASK
1215,1712304368.57858,13933175.58894372,440.7,-3.028503989834117e-08,454.1,ASK
1216,1712304387.0704305,13933405.79152198,440.2,-1.4504605882020832e-08,454.1,ASK
1217,1712304390.6384351,13933405.79152198,440.2,-0.0,454.1,ASK
1218,1712304420.8885248,13933405.79152198,440.2,-0.0,454.1,ASK
1219,1712304441.64254,13933524.61024074,440.2,-7.482927018000418e-09,454.1,ASK
1220,1712304441.7019055,13933860.44030574,440.2,2.114979771737695e-08,454.1,BID
1221,1712304441.719756,13933860.44030579,440.2,3.167236796954253e-18,454.1,BID
1222,1712304450.8590257,13933860.44030579,440.2,0.0,454.1,BID
1223,1712304451.3885982,13934996.28764791,440.2,7.153212664087267e-08,454.1,BID
1224,1712304471.8409452,13941680.77962591,440.2,4.209684778655768e-07,454.1,BID
1225,1712304471.8687286,13941680.77962651,440.2,3.7771755350401155e-17,454.1,BID
1226,1712304474.0317442,13941726.2135202,440.2,2.861285066071276e-09,454.1,BID
1227,1712304480.6183867,13941726.2135202,440.2,0.0,454.1,BID
1228,1712304510.613891,13941726.2135202,440.2,0.0,454.1,BID
1229,1712304540.87851,13941726.2135202,440.2,0.0,454.1,BID
1230,1712304570.8885572,13941726.2135202,440.2,0.0,454.1,BID
1231,1712304578.769083,13943942.48258194,441.2,1.3954329169297374e-07,454.1,BID
1232,1712304578.7720337,13944238.15166626,441.0,1.861625828295047e-08,454.1,BID
1233,1712304578.7748775,13946531.72964791,441.0,1.4441090517367384e-07,454.1,BID
1234,1712304578.7771232,13951111.72964791,441.3,2.883712483232745e-07,454.1,BID
1235,1712304578.7794704,13951431.67785599,441.5,2.0144948507204973e-08,454.1,BID
1236,1712304600.6783786,13951431.67785599,441.5,0.0,454.1,BID
1237,1712304630.6183252,13951431.67785599,441.5,0.0,454.1,BID
1238,1712304660.890375,13951431.67785599,441.5,0.0,454.1,BID
1239,1712304690.8783476,13951431.67785599,441.5,0.0,454.1,BID
1240,1712304720.6088302,13951431.67785599,441.5,0.0,454.1,BID
1241,1712304750.628137,13951431.67785599,441.5,0.0,454.1,BID
1242,1712304765.6783776,13951657.67785599,441.7,1.4303267922161322e-08,454.1,BID
1243,1712304768.9498808,13951883.67785599,441.7,1.4303267922161322e-08,454.1,BID
1244,1712304769.0284812,13952431.67785599,441.7,3.4682260271435416e-08,454.1,BID
1245,1712304770.4084628,13953386.70348013,441.6,-6.04424220114726e-08,454.1,ASK
1246,1712304770.4537334,13954335.48849122,441.6,-6.004746112458367e-08,454.1,ASK
1247,1712304770.4881868,13954561.98905747,441.5,-1.4334948157481857e-08,454.1,ASK
1248,1712304770.498294,13954765.78482976,441.5,-1.2897989081706233e-08,454.1,ASK
1249,1712304770.5005424,13955290.51411536,441.3,-3.320948477228451e-08,454.1,ASK
1250,1712304770.5083516,13955424.19690771,441.3,-8.460622989265498e-09,454.1,ASK
1251,1712304770.5940695,13955424.19690867,441.2,6.071055307912715e-17,454.1,BID
1252,1712304770.5983682,13955500.31511976,441.2,4.817429942406985e-09,454.1,BID
1253,1712304770.6007056,13956808.64378176,441.2,8.280254594175829e-08,454.1,BID
1254,1712304770.903046,13957569.52197051,441.6,-4.8155064556711806e-08,454.1,ASK
1255,1712304771.4386425,13958137.81754096,441.6,-3.596674249169237e-08,454.1,ASK
1256,1712304771.458135,13958711.14244706,441.6,-3.628504309022295e-08,454.1,ASK
1257,1712304771.6933415,13959140.38695566,441.3,-2.716636818858545e-08,454.1,ASK
1258,1712304772.458582,13959896.29318739,441.3,-4.78403953825475e-08,454.1,ASK
1259,1712304772.4612803,13960254.11991231,441.3,-2.2646422638258025e-08,454.1,ASK
1260,1712304773.928431,13960480.11991231,441.8,1.4303267922161322e-08,454.1,BID
1261,1712304780.9049346,13960480.11991231,441.8,0.0,454.1,BID
1262,1712304788.6284025,13960706.11991231,441.8,1.4299652705596324e-08,454.1,BID
1263,1712304789.20835,13962467.12625667,441.8,1.1142380148989985e-07,454.1,BID
1264,1712304789.2186384,13962727.76217046,441.8,1.6491163937134238e-08,454.1,BID
1265,1712304810.868278,13962727.76217046,441.8,0.0,454.1,BID
1266,1712304828.3586435,13963406.46310971,441.8,-4.294061052890475e-08,454.1,ASK
1267,1712304840.5982838,13963406.46310971,441.8,-0.0,454.1,ASK
1268,1712304852.0081468,13963753.07758115,441.1,-2.1929474092045452e-08,454.1,ASK
1269,1712304852.1083214,13966152.94807892,441.1,1.518341045781225e-07,454.1,BID
1270,1712304852.110733,13966152.94807893,441.1,7.070707989698818e-19,454.1,BID
1271,1712304870.6381338,13966152.94807893,441.1,0.0,454.1,BID
1272,1712304895.8246112,13968090.33142734,441.9,1.2256424725840038e-07,454.1,BID
1273,1712304895.827118,13968143.35678015,441.7,3.354530975133092e-09,454.1,BID
1274,1712304895.8295066,13968188.6261328,441.8,2.863864880320802e-09,454.1,BID
1275,1712304900.6681983,13968188.6261328,441.8,0.0,454.1,BID
1276,1712304930.6381948,13968188.6261328,441.8,0.0,454.1,BID
1277,1712304960.8808994,13968188.6261328,441.8,0.0,454.1,BID
1278,1712304990.8880844,13968188.6261328,441.8,0.0,454.1,BID
1279,1712305018.070409,13969320.87250961,441.6,7.203518242581174e-08,454.1,BID
1280,1712305020.6181457,13969320.87250961,441.6,0.0,454.1,BID
1281,1712305040.9793928,13969774.38724883,441.0,-2.8852357975446292e-08,454.1,ASK
1282,1712305040.9809475,13970873.62987921,441.0,-6.993321083247404e-08,454.1,ASK
1283,1712305040.9823935,13971949.15465766,440.5,-6.842429415327147e-08,454.1,ASK
1284,1712305040.9882927,13974000.44750669,440.5,-1.3050212148421626e-07,454.1,ASK
1285,1712305050.608277,13974000.44750669,440.5,-0.0,454.1,ASK
1286,1712305053.688102,13974290.22706894,440.5,-1.843319790015844e-08,454.1,ASK
1287,1712305053.6913052,13974340.12141974,440.5,-3.1738347427545437e-09,454.1,ASK
1288,1712305057.4880188,13974560.19831372,440.5,-1.3999334212821204e-08,454.1,ASK
1289,1712305080.917904,13974560.19831372,440.5,-0.0,454.1,ASK
1290,1712305084.6738105,13974571.52590773,441.4,7.20549460242966e-10,454.1,BID
1291,1712305110.857934,13974571.52590773,441.4,0.0,454.1,BID
1292,1712305140.6067927,13974571.52590773,441.4,0.0,454.1,BID
1293,1712305159.7279468,13974576.79364372,441.4,3.3508114022362115e-10,454.1,BID
1294,1712305159.7297904,13975024.62966849,441.4,2.8486888125045684e-08,454.1,BID
1295,1712305169.373123,13975251.62966849,441.4,1.4439489560327212e-08,454.1,BID
1296,1712305170.6078384,13975251.62966849,441.4,0.0,454.1,BID
1297,1712305178.7079437,13975772.69899336,441.4,3.3144631738125714e-08,454.1,BID
1298,1712305187.3312678,13982569.25540477,441.4,4.323212835434437e-07,454.1,BID
1299,1712305189.1581385,13983702.01480667,441.4,7.20535472570629e-08,454.1,BID
1300,1712305190.0037804,13984155.11856743,441.4,2.8821418902872563e-08,454.1,BID
1301,1712305190.8177974,13984382.11856743,441.4,1.4439213834761069e-08,454.1,BID
1302,1712305200.737821,13984382.11856743,441.4,0.0,454.1,BID
1303,1712305212.2080424,14003261.22554228,441.4,1.2051774131812547e-06,454.1,BID
1304,1712305212.2114084,14007607.9609523,441.4,2.774806744942563e-07,454.1,BID
1305,1712305212.213974,14009112.45856743,441.4,9.60419656689041e-08,454.1,BID
1306,1712305213.128004,14015264.58608911,441.4,3.927307124228366e-07,454.1,BID
1307,1712305213.1313756,14017920.24717579,441.4,1.6952829193642338e-07,454.1,BID
1308,1712305213.1877887,14017920.2471758,441.4,5.945243770309356e-19,454.1,BID
1309,1712305214.79786,14018624.87336869,441.4,4.49809185115729e-08,454.1,BID
1310,1712305215.4181583,14018834.68237677,441.8,1.339348720029104e-08,454.1,BID
1311,1712305215.4216003,14018851.87336869,441.8,1.0974139401374518e-09,454.1,BID
1312,1712305230.5577078,14018851.87336869,441.8,0.0,454.1,BID
1313,1712305251.1385567,14019047.57601634,441.9,1.2480863188077188e-08,454.1,BID
1314,1712305255.6378376,14019062.57601634,442.0,9.566193920655938e-10,454.1,BID
1315,1712305255.6417928,14019362.57601634,442.0,1.9132387841311875e-08,454.1,BID
1316,1712305255.6626024,14019407.83512474,442.0,-2.886382717534155e-09,454.1,ASK
1317,1712305255.88181,14020813.1830696,441.8,-8.962553977680304e-08,454.1,ASK
1318,1712305256.0559258,14023992.3830696,442.0,2.0275229141706696e-07,454.1,BID
1319,1712305257.340439,14024378.7522976,442.3,2.4640553066802787e-08,454.1,BID
1320,1712305257.752851,14024818.55774064,442.3,2.8048427703150946e-08,454.1,BID
1321,1712305257.8078878,14025938.29974108,442.4,-7.141112744875697e-08,454.1,ASK
1322,1712305257.81135,14026130.55826537,441.9,-1.2261215508340713e-08,454.1,ASK
1323,1712305258.0484118,14026761.50892177,442.0,-4.023864222331371e-08,454.1,ASK
1324,1712305258.6603117,14026773.21993094,442.6,7.468652314480596e-10,454.1,BID
1325,1712305258.661933,14026987.50892177,442.6,1.3666200275673552e-08,454.1,BID
1326,1712305260.867756,14026987.50892177,442.6,0.0,454.1,BID
1327,1712305262.43437,14027793.18865977,442.6,5.1370141665570695e-08,454.1,BID
1328,1712305267.808087,14027793.18866061,442.6,5.35617785141493e-17,454.1,BID
1329,1712305268.787963,14028019.18866061,443.0,1.4409760440591433e-08,454.1,BID
1330,1712305272.7882078,14028717.71535836,443.1,4.453806361028508e-08,454.1,BID
1331,1712305272.791967,14028791.71535836,443.0,4.71824014426445e-09,454.1,BID
1332,1712305272.7955177,14036473.70079289,443.1,4.898034062818333e-07,454.1,BID
1333,1712305272.798314,14036523.70079289,443.0,3.1880000974759797e-09,454.1,BID
1334,1712305272.8011816,14037572.73420061,443.1,6.6886372121326e-08,454.1,BID
1335,1712305275.647893,14037572.73420108,443.1,2.992808910324972e-17,454.1,BID
1336,1712305275.717912,14047625.45290867,443.2,6.409613643939932e-07,454.1,BID
1337,1712305278.6477735,14047636.83174826,443.3,7.25514834419699e-10,454.1,BID
1338,1712305281.1779196,14047861.83174826,443.5,1.4346000438641913e-08,454.1,BID
1339,1712305282.9680507,14052081.14507226,443.5,2.690234257639178e-07,454.1,BID
1340,1712305283.0680027,14052109.8856872,443.5,1.8325016645717021e-09,454.1,BID
1341,1712305283.0700169,14053190.81476326,443.5,6.892003999680087e-08,454.1,BID
1342,1712305283.1098714,14053190.81476359,443.5,2.1139681985628767e-17,454.1,BID
1343,1712305290.8881748,14053190.81476359,443.5,0.0,454.1,BID
1344,1712305292.1304314,14053515.86941708,442.5,-2.0710149986524106e-08,454.1,ASK
1345,1712305293.4679754,14053527.1402598,443.8,7.18097220562536e-10,454.1,BID
1346,1712305297.8859415,14055006.26852753,443.0,-9.42394392607417e-08,454.1,ASK
1347,1712305298.7108428,14056699.42295477,443.5,-1.078756503314103e-07,454.1,ASK
1348,1712305298.7178972,14058409.88358116,443.5,-1.0897827715507933e-07,454.1,ASK
1349,1712305298.7335734,14060110.47732578,443.5,-1.083496302517219e-07,454.1,ASK
1350,1712305298.738019,14061770.6428229,443.5,-1.0577383242685684e-07,454.1,ASK
1351,1712305298.817971,14061821.59897882,443.1,3.246560602899444e-09,454.1,BID
1352,1712305298.8580966,14062802.3031211,443.1,-6.248343058915743e-08,454.1,ASK
1353,1712305306.8955216,14062981.73119535,444.0,1.1431869347550773e-08,454.1,BID
1354,1712305306.8972583,14063022.73119535,444.0,2.6122257913582192e-09,454.1,BID
1355,1712305313.4236991,14063143.3031211,444.0,7.681977906289855e-09,454.1,BID
1356,1712305313.4254775,14063163.3031211,444.0,1.274256483589375e-09,454.1,BID
1357,1712305313.427213,14064170.74255029,444.0,6.418681122344747e-08,454.1,BID
1358,1712305320.6179893,14064170.74255029,444.0,0.0,454.1,BID
1359,1712305329.8182223,14064670.74254948,444.0,3.1846533067667855e-08,454.1,BID
1360,1712305329.8219123,14066892.34096329,444.0,1.4150041492562165e-07,454.1,BID
1361,1712305330.5267892,14066892.3409641,444.0,5.16073476777714e-17,454.1,BID
1362,1712305334.5581508,14067121.34096328,444.7,1.4585712116373172e-08,454.1,BID
1363,1712305345.3583386,14067334.45994909,443.5,-1.3574201679799326e-08,454.1,ASK
1364,1712305345.3611195,14067574.730791,443.5,-1.53035866490003e-08,454.1,ASK
1365,1712305345.498257,14067871.05859809,443.5,-1.8874026645193743e-08,454.1,ASK
1366,1712305349.7983823,14068956.62595142,443.5,-6.914311334183318e-08,454.1,ASK
1367,1712305350.6282537,14068956.62595142,443.5,-0.0,454.1,ASK
1368,1712305380.7183516,14068956.62595142,443.5,-0.0,454.1,ASK
1369,1712305396.3886433,14071204.87682598,444.8,1.4317862049192906e-07,454.1,BID
1370,1712305405.3786542,14074981.4168749,444.8,2.405068760587395e-07,454.1,BID
1371,1712305405.3825183,14075026.38090368,444.8,2.863509444272037e-09,454.1,BID
1372,1712305405.3884442,14075058.03311728,444.8,2.015753815544834e-09,454.1,BID
1373,1712305405.5185144,14076814.19446931,444.8,-1.11840169880598e-07,454.1,ASK
1374,1712305405.6208625,14077257.77517863,444.3,2.8249193520107785e-08,454.1,BID
1375,1712305405.6225982,14077703.38892856,444.5,-2.8378666593327192e-08,454.1,ASK
1376,1712305405.628788,14078672.74296729,444.5,-6.173277884783272e-08,454.1,ASK
1377,1712305405.6317277,14079113.13803849,444.5,-2.804631790839284e-08,454.1,ASK
1378,1712305405.7622466,14079407.85291349,444.2,-1.8768754732118507e-08,454.1,ASK
1379,1712305407.1150188,14079431.35285416,444.8,1.496580797540126e-09,454.1,BID
1380,1712305410.598476,14079431.35285416,444.8,0.0,454.1,BID
1381,1712305428.6188889,14079750.98755735,445.0,2.034972361848308e-08,454.1,BID
1382,1712305428.6227612,14079771.46925087,445.0,1.3039785675183334e-09,454.1,BID
1383,1712305428.625949,14080030.28742003,444.9,1.6477804685455286e-08,454.1,BID
1384,1712305428.6288967,14080555.00652116,445.0,3.340653745909974e-08,454.1,BID
1385,1712305430.0987532,14084949.51135069,445.0,2.797786280049265e-07,454.1,BID
1386,1712305430.1018922,14086105.56831891,445.0,7.360101877488347e-08,454.1,BID
1387,1712305436.0689957,14086905.56831891,444.0,-5.093245111483836e-08,454.1,ASK
1388,1712305436.073014,14086920.56831891,444.0,-9.54983458403219e-10,454.1,ASK
1389,1712305436.0768526,14091420.56831891,443.9,-2.8649503752096574e-07,454.1,ASK
1390,1712305436.0808337,14092845.90641869,443.7,-9.074495386142386e-08,454.1,ASK
1391,1712305440.892152,14092845.90641869,443.7,-0.0,454.1,ASK
1392,1712305445.5388284,14093070.90641869,444.6,1.4319316787069111e-08,454.1,BID
1393,1712305464.5708897,14093295.90641869,445.1,1.4319316787069111e-08,454.1,BID
1394,1712305470.8786232,14093295.90641869,445.1,0.0,454.1,BID
1395,1712305471.6388962,14093318.45755377,444.9,1.4351677033017491e-09,454.1,BID
1396,1712305477.5009868,14106242.71019481,444.9,-8.225071560249272e-07,454.1,ASK
1397,1712305477.5788095,14106436.7078217,444.9,-1.2346124824527568e-08,454.1,ASK
1398,1712305477.6190526,14111300.02644565,444.9,-3.09504501446024e-07,454.1,ASK
1399,1712305493.9289503,14111525.02644565,444.9,1.4319134362784437e-08,454.1,BID
1400,1712305498.749004,14111750.02644565,444.9,1.4319134362784437e-08,454.1,BID
1401,1712305500.6323743,14111750.02644565,444.9,0.0,454.1,BID
1402,1712305507.698878,14112050.02644565,444.8,1.9168600546209715e-08,454.1,BID
1403,1712305513.7990332,14112724.14981561,444.8,4.307333865876728e-08,454.1,BID
1404,1712305528.222252,14115384.00211398,444.8,1.6995215406455097e-07,454.1,BID
1405,1712305528.2264483,14119444.00211398,444.8,2.594150607253715e-07,454.1,BID
1406,1712305528.2305243,14119464.25317643,444.9,1.2939484225274432e-09,454.1,BID
1407,1712305530.6289556,14119464.25317643,444.9,0.0,454.1,BID
1408,1712305560.89979,14119464.25317643,444.9,0.0,454.1,BID
1409,1712305565.1691267,14120138.56200987,444.8,4.3075744835883683e-08,454.1,BID
1410,1712305565.3701663,14120359.82494291,444.1,-1.4134570352081056e-08,454.1,ASK
1411,1712305565.374415,14124316.35174632,444.1,-2.5274819276934816e-07,454.1,ASK
1412,1712305565.4891574,14124510.34937321,444.1,1.2392826343444462e-08,454.1,BID
1413,1712305565.5090902,14125757.80228859,444.1,7.968895083820261e-08,454.1,BID
1414,1712305565.7292063,14125982.80228859,444.6,1.4373299158258756e-08,454.1,BID
1415,1712305568.6294367,14126055.33490281,444.9,4.633479835171915e-09,454.1,BID
1416,1712305568.6337192,14126182.80228859,444.9,8.142786083280313e-09,454.1,BID
1417,1712305590.8791234,14126182.80228859,444.9,0.0,454.1,BID
1418,1712305620.669702,14126182.80228859,444.9,0.0,454.1,BID
1419,1712305620.9393425,14126632.44257635,444.8,2.871814428398532e-08,454.1,BID
1420,1712305622.8792975,14126732.44257635,444.1,-6.38691528888815e-09,454.1,ASK
1421,1712305622.889345,14127732.44257635,444.2,-6.38691528888815e-08,454.1,ASK
1422,1712305622.8925695,14135762.22451676,444.1,-5.128553704164203e-07,454.1,ASK
1423,1712305639.1702645,14135874.81177188,444.7,7.190852610616504e-09,454.1,BID
1424,1712305650.6292677,14135874.81177188,444.7,0.0,454.1,BID
1425,1712305672.6794477,14136550.18322618,444.2,-4.312354637929e-08,454.1,ASK
1426,1712305680.899387,14136550.18322618,444.2,-0.0,454.1,ASK
1427,1712305691.0195663,14138126.04995288,444.2,-1.0061968080036826e-07,454.1,ASK
1428,1712305691.229551,14138326.04995288,444.1,-1.2770074917573858e-08,454.1,ASK
1429,1712305691.2337549,14146974.61225219,444.1,-5.522139424575417e-07,454.1,ASK
1430,1712305691.5773888,14151477.08861418,444.2,-2.8748480228608684e-07,454.1,ASK
1431,1712305691.579424,14151477.08861419,444.1,-5.946529525133714e-19,454.1,ASK
1432,1712305693.1494596,14151777.08861419,444.0,-1.9155112376360787e-08,454.1,ASK
1433,1712305693.152889,14152075.58119705,444.0,-1.9058863227277864e-08,454.1,ASK
1434,1712305693.1593196,14152575.58119705,444.0,-3.1925187293934647e-08,454.1,ASK
1435,1712305693.2093954,14153124.00108546,444.0,-3.5016815306461774e-08,454.1,ASK
1436,1712305697.1094902,14153224.00108546,444.0,-6.385037458786929e-09,454.1,ASK
1437,1712305698.919608,14153743.42962438,443.9,-3.3165706781694486e-08,454.1,ASK
1438,1712305699.939488,14165963.39912438,443.9,-7.802496300273159e-07,454.1,ASK
1439,1712305700.029561,14182893.96360337,443.9,-1.0810228839675655e-06,454.1,ASK
1440,1712305700.101365,14183087.96123026,443.9,-1.2386821146052089e-08,454.1,ASK
1441,1712305700.139575,14184394.93735645,443.9,-8.345091523465137e-08,454.1,ASK
1442,1712305700.529584,14185394.93735645,443.8,6.385037458786929e-08,454.1,BID
1443,1712305710.8895457,14185394.93735645,443.8,0.0,454.1,BID
1444,1712305714.9797456,14185417.48527076,443.5,-1.4377020607913999e-09,454.1,ASK
1445,1712305714.98412,14185749.08396386,443.8,-2.1143424526291573e-08,454.1,ASK
1446,1712305714.988371,14186518.59102345,443.5,-4.9065375634535224e-08,454.1,ASK
1447,1712305718.6096692,14186850.08254938,443.5,-2.113659132385282e-08,454.1,ASK
1448,1712305718.613754,14187490.79082237,443.5,-4.0852896272470966e-08,454.1,ASK
1449,1712305718.6171172,14189689.93115997,443.2,-1.4022177625601145e-07,454.1,ASK
1450,1712305734.9095929,14190140.38161042,444.0,2.87216605495914e-08,454.1,BID
1451,1712305737.2396057,14192538.6698653,443.2,-1.52919862968125e-07,454.1,ASK
1452,1712305740.390313,14193502.7261716,444.0,6.14702415160977e-08,454.1,BID
1453,1712305740.5794284,14193502.7261716,444.0,0.0,454.1,BID
1454,1712305752.238321,14194613.49590944,443.2,-7.080876385254587e-08,454.1,ASK
1455,1712305752.320248,14194807.49353633,443.2,1.2366858478896562e-08,454.1,BID
1456,1712305752.3238502,14199267.47768033,443.2,2.843127187212428e-07,454.1,BID
1457,1712305752.339502,14199760.10545462,443.2,3.1403775731953164e-08,454.1,BID
1458,1712305770.6246347,14199760.10545462,443.2,0.0,454.1,BID
1459,1712305780.2096698,14202824.58489139,443.4,-1.9531828997799802e-07,454.1,ASK
1460,1712305800.6798642,14202824.58489139,443.4,-0.0,454.1,ASK
1461,1712305812.509878,14203157.76768345,443.4,-2.132672360454408e-08,454.1,ASK
1462,1712305812.514058,14204085.88228939,443.4,-5.940776098254405e-08,454.1,ASK
1463,1712305812.7700014,14204085.88228959,443.4,-1.2876429622132785e-17,454.1,ASK
1464,1712305830.599651,14204085.88228959,443.4,-0.0,454.1,ASK
1465,1712305832.539846,14204585.88228959,443.3,-3.2003393772214304e-08,454.1,ASK
1466,1712305834.0897715,14204811.51405854,443.2,-1.4441964698413362e-08,454.1,ASK
1467,1712305834.0934627,14204923.31405854,443.2,-7.155958847514807e-09,454.1,ASK
1468,1712305834.309806,14205023.31405841,443.1,-6.400678746097325e-09,454.1,ASK
1469,1712305834.3138375,14205248.99674854,443.1,-1.4445223999641017e-08,454.1,ASK
1470,1712305836.1396997,14205248.99674867,443.1,-8.226313331286561e-18,454.1,ASK
1471,1712305836.259693,14208349.21796763,443.0,-1.9843520090272528e-07,454.1,ASK
1472,1712305836.263189,14208942.81616176,443.0,-3.799431349842037e-08,454.1,ASK
1473,1712305837.479783,14219315.26435978,443.0,-6.639070881262868e-07,454.1,ASK
