,time,acc_trade_volume,trade_price,dev,high,ask_bid
0,1712300395.5311544,10915404.64135733,95.34,0.0,98.76,BID
1,1712300400.4433253,10915404.64135733,95.34,0.0,98.76,BID
2,1712300430.3824885,10915404.64135733,95.34,0.0,98.76,BID
3,1712300446.4453793,10916442.84733739,95.25,-3.581933716158037e-07,98.76,ASK
4,1712300457.242448,10917490.40652448,95.46,3.614203389289373e-07,98.76,BID
5,1712300460.522462,10917490.40652448,95.46,0.0,98.76,BID
6,1712300490.5041122,10917490.40652448,95.46,0.0,98.76,BID
7,1712300507.9426508,10920363.84995616,95.39,9.91304027767441e-07,98.76,BID
8,1712300520.0427706,10920863.84995616,95.39,1.724940913814177e-07,98.76,BID
9,1712300520.3625908,10920863.84995616,95.39,0.0,98.76,BID
10,1712300550.3540232,10920863.84995616,95.39,0.0,98.76,BID
11,1712300580.4827435,10920863.84995616,95.39,0.0,98.76,BID
12,1712300588.583013,10949188.64701716,95.25,-9.770635580997397e-06,98.76,ASK
13,1712300588.5842545,10972355.84482516,95.25,-7.991522295018042e-06,98.76,ASK
14,1712300588.6028557,10976948.7359734,95.25,-1.5843172883460465e-06,98.76,ASK
15,1712300610.5130284,10976948.7359734,95.25,-0.0,98.76,ASK
16,1712300640.3829694,10976948.7359734,95.25,-0.0,98.76,ASK
17,1712300660.7932012,10991571.0797554,95.06,-5.034698154723778e-06,98.76,ASK
18,1712300660.7943256,10991571.07975627,95.06,-2.995045706763366e-16,98.76,ASK
19,1712300660.8730774,11001571.07975627,95.01,-3.44315400443626e-06,98.76,ASK
20,1712300660.8740757,11001632.09165627,95.02,-2.1007336780420865e-08,98.76,ASK
21,1712300660.8833258,11003935.349551,95.0,-7.930471643489701e-07,98.76,ASK
22,1712300660.8843634,11003998.341651,95.05,-2.1689150136416275e-08,98.76,ASK
23,1712300660.885423,11005050.97322842,95.0,-3.62437263098669e-07,98.76,ASK
24,1712300660.8864443,11015576.18110127,95.01,-3.6239911634930335e-06,98.76,ASK
25,1712300660.8874922,11016576.18110127,95.0,-3.44315400443626e-07,98.76,ASK
26,1712300660.9131784,11016576.18110279,95.0,-5.233313269205368e-16,98.76,ASK
27,1712300660.9145117,11016629.99077715,94.89,-1.8527499574955643e-08,98.76,ASK
28,1712300660.923313,11017129.99077715,94.91,-1.7215770022181296e-07,98.76,ASK
29,1712300660.924638,11017183.7032574,94.95,-1.8494034146355962e-08,98.76,ASK
30,1712300660.925941,11029158.81390016,94.9,-4.123215016318336e-06,98.76,ASK
31,1712300662.446432,11037884.54030216,94.88,3.0044019802660094e-06,98.76,BID
32,1712300665.9351149,11039183.54030215,94.88,4.472657051730634e-07,98.76,BID
33,1712300666.013134,11040237.83655939,94.85,-3.630104379980469e-07,98.76,ASK
34,1712300666.0145254,11040313.49008526,94.87,-2.6048674054360946e-08,98.76,ASK
35,1712300666.015946,11040734.99783315,94.85,-1.4513160900498353e-07,98.76,ASK
36,1712300667.9653857,11053430.2855021,94.88,4.37118305748184e-06,98.76,BID
37,1712300667.9671595,11060146.52773006,94.88,2.312505632196568e-06,98.76,BID
38,1712300670.3740408,11060146.52773006,94.88,0.0,98.76,BID
39,1712300670.6930585,11061405.84539874,94.88,4.3242624881426083e-07,98.76,BID
40,1712300672.8131802,11061521.78131779,94.88,3.98102367843535e-08,98.76,BID
41,1712300673.2432594,11064344.25329233,94.88,9.691843437828948e-07,98.76,BID
42,1712300673.2448103,11064447.62379151,94.88,3.549550547129848e-08,98.76,BID
43,1712300700.513215,11064447.62379151,94.88,0.0,98.76,BID
44,1712300715.927207,11064658.15010729,95.0,7.247851000218457e-08,98.76,BID
45,1712300730.5046103,11064658.15010729,95.0,0.0,98.76,BID
46,1712300733.8448377,11064658.15010842,94.85,-3.88599847538789e-16,98.76,ASK
47,1712300733.913567,11064763.62421452,94.81,-3.631162873603233e-08,98.76,ASK
48,1712300733.9153345,11075580.20959271,94.8,-3.723831819604008e-06,98.76,ASK
49,1712300733.9168427,11076733.4796349,94.8,-3.970369141045488e-07,98.76,ASK
50,1712300733.9182837,11081809.4796349,94.8,1.7475173222804375e-06,98.76,BID
51,1712300738.0433986,11083721.30872505,94.68,-6.581864563193264e-07,98.76,ASK
52,1712300738.0448549,11083870.89588585,94.71,-5.149845443028797e-08,98.76,ASK
53,1712300738.0465422,11086645.21814115,94.7,-9.55117454437649e-07,98.76,ASK
54,1712300760.3462398,11086645.21814115,94.7,-0.0,98.76,ASK
55,1712300768.0434468,11087697.29599491,94.9,3.619397643808609e-07,98.76,BID
56,1712300778.743299,11098285.46690391,94.68,-3.642582219873508e-06,98.76,ASK
57,1712300778.7633429,11098285.46690476,94.68,-2.9220213777624194e-16,98.76,ASK
58,1712300790.3440225,11098285.46690476,94.68,-0.0,98.76,ASK
59,1712300804.5135477,11098340.38448676,94.64,-1.8885790267138092e-08,98.76,ASK
60,1712300804.5151758,11098777.76089576,94.64,-1.5041083069258417e-07,98.76,ASK
61,1712300810.0943143,11103467.14069153,94.6,-1.612646443654011e-06,98.76,ASK
62,1712300810.0950549,11110338.44271393,94.6,-2.362994948648063e-06,98.76,ASK
63,1712300815.4366305,11112338.44271393,94.5,-6.877866642872239e-07,98.76,ASK
64,1712300815.4382446,11116543.14405454,94.5,-1.4459687546911407e-06,98.76,ASK
65,1712300817.983486,11116669.94033518,94.64,4.3604395453087454e-08,98.76,BID
66,1712300820.4832735,11116669.94033518,94.64,0.0,98.76,BID
67,1712300850.5050378,11116669.94033518,94.64,0.0,98.76,BID
68,1712300880.313913,11116669.94033518,94.64,0.0,98.76,BID
69,1712300910.3550632,11116669.94033518,94.64,0.0,98.76,BID
70,1712300940.483833,11116669.94033518,94.64,0.0,98.76,BID
71,1712300951.5480924,11117667.77454282,94.67,3.429434899897059e-07,98.76,BID
72,1712300951.9239876,11123886.95984459,94.67,2.137458403363273e-06,98.76,BID
73,1712300952.1238706,11124803.87256627,94.67,3.1513175874482986e-07,98.76,BID
74,1712300970.515148,11124803.87256627,94.67,0.0,98.76,BID
75,1712301000.394018,11124803.87256627,94.67,0.0,98.76,BID
76,1712301030.3453176,11124803.87256627,94.67,0.0,98.76,BID
77,1712301046.08418,11127232.94867996,94.67,8.361125215575061e-07,98.76,BID
78,1712301051.744104,11137804.89074496,94.67,-3.638969189936496e-06,98.76,ASK
79,1712301060.519544,11137804.89074496,94.67,-0.0,98.76,ASK
80,1712301077.8441298,11138322.13837905,94.68,1.779664610747905e-07,98.76,BID
81,1712301090.5065155,11138322.13837905,94.68,0.0,98.76,BID
82,1712301092.605017,11138375.02553201,94.7,1.819627628519066e-08,98.76,BID
83,1712301120.3242772,11138375.02553201,94.7,0.0,98.76,BID
84,1712301127.6943133,11140345.53813151,94.6,-6.779705068549319e-07,98.76,ASK
85,1712301127.774281,11150002.93250851,94.6,-3.3227032206377826e-06,98.76,ASK
86,1712301127.794713,11150002.93250875,94.6,-8.267066317374671e-17,98.76,ASK
87,1712301150.3845344,11150002.93250875,94.6,-0.0,98.76,ASK
88,1712301180.4750855,11150002.93250875,94.6,-0.0,98.76,ASK
89,1712301186.803682,11154953.52627292,94.66,-1.702646705076441e-06,98.76,ASK
90,1712301186.8050883,11191750.57165781,94.66,-1.265552599661178e-05,98.76,ASK
91,1712301192.8135908,11209872.01803746,94.69,-6.232468758158713e-06,98.76,ASK
92,1712301192.913802,11219920.82497689,94.69,-3.456063825958575e-06,98.76,ASK
93,1712301192.9162445,11232445.29913642,94.69,-4.307514548027533e-06,98.76,ASK
94,1712301199.693249,11233655.11625722,94.6,4.160897121842058e-07,98.76,BID
95,1712301210.5045407,11233655.11625722,94.6,0.0,98.76,BID
96,1712301228.4224627,11243457.73382209,94.65,-3.362234433142644e-06,98.76,ASK
97,1712301228.502278,11243655.11625722,94.65,6.770089881602744e-08,98.76,BID
98,1712301228.5825467,11253250.29457488,94.69,-3.2910841128181005e-06,98.76,ASK
99,1712301228.5844266,11283084.1153776,94.69,-1.0232807605857384e-05,98.76,ASK
100,1712301240.3438623,11283084.1153776,94.69,-0.0,98.76,ASK
101,1712301250.2747304,11300584.370689,94.54,-5.992854546999622e-06,98.76,ASK
102,1712301252.9117134,11301037.61246814,94.7,1.5520985315264298e-07,98.76,BID
103,1712301253.01802,11301745.93351897,94.7,-2.42560177247135e-07,98.76,ASK
104,1712301253.140344,11301745.93351898,94.7,-3.1892567432271164e-18,98.76,ASK
105,1712301270.3323996,11301745.93351898,94.7,-0.0,98.76,ASK
106,1712301270.4712734,11304604.71531143,94.82,9.78381030810425e-07,98.76,BID
107,1712301300.4019313,11304604.71531143,94.82,0.0,98.76,BID
108,1712301330.359411,11304604.71531143,94.82,0.0,98.76,BID
109,1712301360.3715997,11304604.71531143,94.82,0.0,98.76,BID
110,1712301390.3390856,11304604.71531143,94.82,0.0,98.76,BID
111,1712301411.168335,11306713.9749613,94.92,7.22915407501816e-07,98.76,BID
112,1712301411.1699612,11306713.97496311,94.94,6.205172040390475e-16,98.76,BID
113,1712301411.178289,11318351.38094124,94.94,3.988536966260331e-06,98.76,BID
114,1712301411.179889,11320266.75756324,94.94,6.56465064080212e-07,98.76,BID
115,1712301420.4896326,11320266.75756324,94.94,0.0,98.76,BID
116,1712301450.489046,11320266.75756324,94.94,0.0,98.76,BID
117,1712301452.2876396,11321947.44466083,95.0,-5.757355580554676e-07,98.76,ASK
118,1712301452.367697,11323506.62871356,94.94,5.341135194038593e-07,98.76,BID
119,1712301452.3875663,11340866.62871356,95.2,-5.946835256951391e-06,98.76,ASK
120,1712301452.407636,11351763.56135886,95.2,-3.732849265420336e-06,98.76,ASK
121,1712301452.4096248,11358226.62871356,95.18,2.213985991531056e-06,98.76,BID
122,1712301480.3585925,11358226.62871356,95.18,0.0,98.76,BID
123,1712301503.2965286,11360218.3653931,94.93,-6.814452075520991e-07,98.76,ASK
124,1712301503.396718,11363493.6675843,94.93,-1.120599426824013e-06,98.76,ASK
125,1712301510.356639,11363493.6675843,94.93,-0.0,98.76,ASK
126,1712301540.506107,11363493.6675843,94.93,-0.0,98.76,ASK
127,1712301570.5057282,11363493.6675843,94.93,-0.0,98.76,ASK
128,1712301600.3652542,11363493.6675843,94.93,-0.0,98.76,ASK
129,1712301630.3592904,11363493.6675843,94.93,-0.0,98.76,ASK
130,1712301660.484295,11363493.6675843,94.93,-0.0,98.76,ASK
131,1712301690.5385869,11363493.6675843,94.93,-0.0,98.76,ASK
132,1712301720.3634994,11363493.6675843,94.93,-0.0,98.76,ASK
133,1712301750.339896,11363493.6675843,94.93,-0.0,98.76,ASK
134,1712301753.3433282,11367526.70541262,94.91,-1.3846672630341113e-06,98.76,ASK
135,1712301753.3473785,11367632.05728788,94.92,-3.617057388985455e-08,98.76,ASK
136,1712301780.5228608,11367632.05728788,94.92,-0.0,98.76,ASK
137,1712301810.5040786,11367632.05728788,94.92,-0.0,98.76,ASK
138,1712301817.0458136,11388313.4082119,94.91,-7.099593306260686e-06,98.76,ASK
139,1712301823.8135655,11393752.89785967,94.91,-1.8672940870574724e-06,98.76,ASK
140,1712301840.3648028,11393752.89785967,94.91,-0.0,98.76,ASK
141,1712301868.9318838,11404289.19540471,95.04,3.6138751611086216e-06,98.76,BID
142,1712301870.4119492,11404289.19540471,95.04,0.0,98.76,BID
143,1712301880.7019422,11423152.85068142,95.04,6.467878193512387e-06,98.76,BID
144,1712301880.703662,11432503.17272859,95.04,3.205992856849839e-06,98.76,BID
145,1712301894.6116834,11434986.07879373,95.14,8.513267317329208e-07,98.76,BID
146,1712301894.7317166,11440239.69836012,95.14,1.8013354745948189e-06,98.76,BID
147,1712301894.8516471,11441312.13276204,95.14,3.6771108146273066e-07,98.76,BID
148,1712301895.39192,11443324.33939604,95.15,6.899356046317136e-07,98.76,BID
149,1712301895.431945,11443324.33939656,95.15,1.7818465895294627e-16,98.76,BID
150,1712301895.4515584,11449172.38199056,95.17,2.0051483455147872e-06,98.76,BID
151,1712301895.5116034,11449172.38199137,95.17,2.778147908406152e-16,98.76,BID
152,1712301900.5138433,11449172.38199137,95.17,0.0,98.76,BID
153,1712301902.5617473,11449277.42400817,95.2,3.5993284230636915e-08,98.76,BID
154,1712301917.4716058,11464055.81803843,95.2,5.063906358669577e-06,98.76,BID
155,1712301917.4817538,11471033.79365102,95.3,2.391045671328247e-06,98.76,BID
156,1712301917.4830365,11472710.2077018,95.2,5.744334434531082e-07,98.76,BID
157,1712301917.4840074,11496255.9453178,95.3,8.068089820117272e-06,98.76,BID
158,1712301917.484991,11501037.9453178,95.2,1.638581307114601e-06,98.76,BID
159,1712301930.503389,11501037.9453178,95.2,0.0,98.76,BID
160,1712301960.3611984,11501037.9453178,95.2,0.0,98.76,BID
161,1712301990.3421495,11501037.9453178,95.2,0.0,98.76,BID
162,1712302020.5222805,11501037.9453178,95.2,0.0,98.76,BID
163,1712302045.8305445,11504593.48512811,95.04,-1.2162682082797455e-06,98.76,ASK
164,1712302045.8329408,11506566.81314146,95.04,-6.750300250286455e-07,98.76,ASK
165,1712302050.4956434,11506566.81314146,95.04,-0.0,98.76,ASK
166,1712302080.3400936,11506566.81314146,95.04,-0.0,98.76,ASK
167,1712302110.3312185,11506566.81314146,95.04,-0.0,98.76,ASK
168,1712302140.505409,11506566.81314146,95.04,-0.0,98.76,ASK
169,1712302170.4617262,11506566.81314146,95.04,-0.0,98.76,ASK
170,1712302200.5994012,11506566.81314146,95.04,-0.0,98.76,ASK
171,1712302230.5114691,11506566.81314146,95.04,-0.0,98.76,ASK
172,1712302240.8389935,11511880.69493764,95.05,-1.8201323569280896e-06,98.76,ASK
173,1712302260.3691578,11511880.69493764,95.05,-0.0,98.76,ASK
174,1712302290.3407345,11511880.69493764,95.05,-0.0,98.76,ASK
175,1712302320.5307944,11511880.69493764,95.05,-0.0,98.76,ASK
176,1712302349.5284624,11513130.69493764,95.06,-4.28081013038502e-07,98.76,ASK
177,1712302350.4884326,11513130.69493764,95.06,-0.0,98.76,ASK
178,1712302380.3581338,11513130.69493764,95.06,-0.0,98.76,ASK
179,1712302410.3281906,11513130.69493764,95.06,-0.0,98.76,ASK
180,1712302440.480375,11513130.69493764,95.06,-0.0,98.76,ASK
181,1712302470.5076065,11513130.69493764,95.06,-0.0,98.76,ASK
182,1712302480.2477422,11514614.13560762,95.06,-5.080055553663427e-07,98.76,ASK
183,1712302500.3494697,11514614.13560762,95.06,-0.0,98.76,ASK
184,1712302503.507574,11515250.25684983,95.06,-2.180567639534954e-07,98.76,ASK
185,1712302506.9178357,11515405.18674778,95.06,-5.3108605632389695e-08,98.76,ASK
186,1712302506.927509,11522555.29662183,95.06,-2.4509947437603425e-06,98.76,ASK
187,1712302506.9975224,11522555.2966227,95.06,-2.981787368537402e-16,98.76,ASK
188,1712302507.0075376,11530728.13541307,95.05,-2.80157721624685e-06,98.76,ASK
189,1712302507.0173988,11542120.34713517,95.05,-3.905149926718496e-06,98.76,ASK
190,1712302507.0378892,11577778.30257466,95.05,-1.2223233334166807e-05,98.76,ASK
191,1712302507.1276915,11579306.65151066,95.05,-5.239045657691142e-07,98.76,ASK
192,1712302507.1296542,11594968.69376166,95.05,-5.368810257458946e-06,98.76,ASK
193,1712302507.2276018,11595025.44446895,95.05,-1.9453643052384923e-08,98.76,ASK
194,1712302507.2301836,11620113.35446748,95.05,-8.599914773547878e-06,98.76,ASK
195,1712302507.3477595,11637604.90895513,95.04,-5.99595095245046e-06,98.76,ASK
196,1712302507.350402,11637815.34666556,95.04,-7.213619528022597e-08,98.76,ASK
197,1712302507.3529854,11638466.98453094,95.05,-2.2337572583067453e-07,98.76,ASK
198,1712302507.3552651,11641410.23382348,95.04,-1.0089199568488837e-06,98.76,ASK
199,1712302507.4275851,11641466.98453094,95.04,-1.945364311048828e-08,98.76,ASK
200,1712302507.4304032,11641852.12292285,95.02,-1.3202205152372477e-07,98.76,ASK
201,1712302508.8075368,11644342.72892388,94.99,-8.537578197861308e-07,98.76,ASK
202,1712302508.8274784,11646818.95148982,94.99,-8.488273048119968e-07,98.76,ASK
203,1712302510.07763,11649940.71038447,94.99,-1.0701114775655609e-06,98.76,ASK
204,1712302514.4874997,11652268.60473318,94.99,-7.97981697236259e-07,98.76,ASK
205,1712302514.5098782,11654612.7735683,94.99,-8.035604479617349e-07,98.76,ASK
206,1712302514.587444,11659212.58191853,94.99,-1.576773824082943e-06,98.76,ASK
207,1712302517.537475,11661556.8336519,94.92,8.035888647522776e-07,98.76,BID
208,1712302526.5820365,11663369.60200337,94.92,6.214010384975951e-07,98.76,BID
209,1712302526.6817985,11665055.43522802,94.92,5.778887940549741e-07,98.76,BID
210,1712302526.9174042,11666304.33700243,94.92,4.2811253791527387e-07,98.76,BID
211,1712302527.1975074,11668719.88939662,94.92,8.280301038348252e-07,98.76,BID
212,1712302527.2974606,11671232.89990894,94.92,8.614378890962273e-07,98.76,BID
213,1712302527.377459,11689391.38330531,94.92,6.2245683133758194e-06,98.76,BID
214,1712302527.3795185,11691144.40433308,94.92,6.009201817107343e-07,98.76,BID
215,1712302527.4374557,11700502.66275308,94.92,3.2079286335751165e-06,98.76,BID
216,1712302530.3792956,11700502.66275308,94.92,0.0,98.76,BID
217,1712302560.4772203,11700502.66275308,94.92,0.0,98.76,BID
218,1712302590.4771364,11700502.66275308,94.92,0.0,98.76,BID
219,1712302593.452669,11700591.08008287,94.97,-3.0126285044629765e-08,98.76,ASK
220,1712302620.3697407,11700591.08008287,94.97,-0.0,98.76,ASK
221,1712302650.3469808,11700591.08008287,94.97,-0.0,98.76,ASK
222,1712302659.917219,11702007.760725,95.2,4.827017829448355e-07,98.76,BID
223,1712302680.4690962,11702007.760725,95.2,0.0,98.76,BID
224,1712302681.4670887,11702070.60111041,95.48,2.1410451539711503e-08,98.76,BID
225,1712302681.4767818,11702070.60111042,95.2,3.1731245315954698e-18,98.76,BID
226,1712302710.4992054,11702070.60111042,95.2,0.0,98.76,BID
227,1712302740.3177483,11702070.60111042,95.2,0.0,98.76,BID
228,1712302760.2764103,11703897.96644357,95.22,-6.22603389122648e-07,98.76,ASK
229,1712302760.45909,11706059.36497255,95.22,-7.364121585185284e-07,98.76,ASK
230,1712302766.306559,11708311.04228657,95.14,-7.671711296510662e-07,98.76,ASK
231,1712302766.3862402,11717234.36497255,95.14,-3.040273800612582e-06,98.76,ASK
232,1712302769.0766397,11719319.50631755,95.14,7.104305004834875e-07,98.76,BID
233,1712302769.0962474,11719319.50631803,95.14,1.6373289111610314e-16,98.76,BID
234,1712302770.3493452,11719319.50631803,95.14,0.0,98.76,BID
235,1712302800.366444,11719319.50631803,95.14,0.0,98.76,BID
236,1712302830.3661578,11719319.50631803,95.14,0.0,98.76,BID
237,1712302860.478166,11719319.50631803,95.14,0.0,98.76,BID
238,1712302890.4957688,11719319.50631803,95.14,0.0,98.76,BID
239,1712302920.3679302,11719319.50631803,95.14,0.0,98.76,BID
240,1712302950.3457143,11719319.50631803,95.14,0.0,98.76,BID
241,1712302980.4780197,11719319.50631803,95.14,0.0,98.76,BID
242,1712303010.475273,11719319.50631803,95.14,0.0,98.76,BID
243,1712303040.368372,11719319.50631803,95.14,0.0,98.76,BID
244,1712303070.3452818,11719319.50631803,95.14,0.0,98.76,BID
245,1712303075.4198618,11719421.55754774,95.01,-3.4811533552193213e-08,98.76,ASK
246,1712303100.3673837,11719421.55754774,95.01,-0.0,98.76,ASK
247,1712303130.3509247,11719421.55754774,95.01,-0.0,98.76,ASK
248,1712303160.3780692,11719421.55754774,95.01,-0.0,98.76,ASK
249,1712303176.934811,11724684.71544247,95.0,-1.7983934838391437e-06,98.76,ASK
250,1712303176.9450378,11729845.26814918,95.01,-1.7633338285466524e-06,98.76,ASK
251,1712303176.9479814,11743774.74551575,95.0,-4.75962945257911e-06,98.76,ASK
252,1712303176.950259,11754359.81111188,94.97,-3.616861468882622e-06,98.76,ASK
253,1712303190.3670108,11754359.81111188,94.97,-0.0,98.76,ASK
254,1712303198.504804,11755198.41755785,95.01,2.862228417973008e-07,98.76,BID
255,1712303198.6247709,11757381.80419536,95.01,7.452066832221649e-07,98.76,BID
256,1712303198.7294977,11757381.80419537,95.01,3.814410851012504e-18,98.76,BID
257,1712303220.496344,11757381.80419537,95.01,0.0,98.76,BID
258,1712303250.508017,11757381.80419537,95.01,0.0,98.76,BID
259,1712303280.3077366,11757381.80419537,95.01,0.0,98.76,BID
260,1712303310.355589,11757381.80419537,95.01,0.0,98.76,BID
261,1712303340.4880314,11757381.80419537,95.01,0.0,98.76,BID
262,1712303370.4900763,11757381.80419537,95.01,0.0,98.76,BID
263,1712303400.406355,11757381.80419537,95.01,0.0,98.76,BID
264,1712303420.056513,11762743.16810275,95.09,-1.8326922748867609e-06,98.76,ASK
265,1712303420.176499,11770373.89324737,95.09,2.608435328383006e-06,98.76,BID
266,1712303430.3691063,11770373.89324737,95.09,0.0,98.76,BID
267,1712303460.4991713,11770373.89324737,95.09,0.0,98.76,BID
268,1712303490.499273,11770373.89324737,95.09,0.0,98.76,BID
269,1712303520.3695548,11770373.89324737,95.09,0.0,98.76,BID
270,1712303550.3500636,11770373.89324737,95.09,0.0,98.76,BID
271,1712303580.4940617,11770373.89324737,95.09,0.0,98.76,BID
272,1712303584.8321466,11772280.81163546,95.11,-6.515728845206277e-07,98.76,ASK
273,1712303584.8502483,11773974.8395201,95.11,-5.788305583219546e-07,98.76,ASK
274,1712303584.8574302,11774206.58840565,95.11,-7.918602641047519e-08,98.76,ASK
275,1712303610.4801853,11774206.58840565,95.11,-0.0,98.76,ASK
276,1712303640.349815,11774206.58840565,95.11,-0.0,98.76,ASK
277,1712303655.997573,11776174.61157775,95.11,-6.723679653455793e-07,98.76,ASK
278,1712303670.3402412,11776174.61157775,95.11,-0.0,98.76,ASK
279,1712303700.3876438,11776174.61157775,95.11,-0.0,98.76,ASK
280,1712303730.3588154,11776174.61157775,95.11,-0.0,98.76,ASK
281,1712303736.6881526,11778000.38362692,95.11,-6.237284993467768e-07,98.76,ASK
282,1712303736.6913242,11780626.29178475,95.11,-8.970746131484531e-07,98.76,ASK
283,1712303736.788034,11780626.29178523,95.11,-1.6417191564662866e-16,98.76,ASK
284,1712303760.488102,11780626.29178523,95.11,-0.0,98.76,ASK
285,1712303770.2281191,11786413.25873519,95.11,1.976683890053571e-06,98.76,BID
286,1712303770.3280144,11797453.10733119,95.11,3.7709375320525774e-06,98.76,BID
287,1712303790.5252612,11797453.10733119,95.11,0.0,98.76,BID
288,1712303820.3406136,11797453.10733119,95.11,0.0,98.76,BID
289,1712303850.3609374,11797453.10733119,95.11,0.0,98.76,BID
290,1712303880.5083027,11797453.10733119,95.11,0.0,98.76,BID
291,1712303910.501691,11797453.10733119,95.11,0.0,98.76,BID
292,1712303940.351199,11797453.10733119,95.11,0.0,98.76,BID
293,1712303970.3183107,11797453.10733119,95.11,0.0,98.76,BID
294,1712303984.7712235,11797553.10733119,95.11,3.413884908733503e-08,98.76,BID
295,1712304000.4915273,11797553.10733119,95.11,0.0,98.76,BID
296,1712304021.4483564,11798705.62811846,95.01,-3.940073306661288e-07,98.76,ASK
297,1712304023.0387433,11798705.62811847,95.01,-3.820646974875716e-18,98.76,ASK
298,1712304023.042257,11806362.06736464,95.0,-2.6174739953624256e-06,98.76,ASK
299,1712304025.0884752,11816615.32277323,95.01,-3.5052363816789368e-06,98.76,ASK
300,1712304030.344938,11816615.32277323,95.01,-0.0,98.76,ASK
301,1712304030.7484882,11840961.92017359,95.0,-8.318116695622311e-06,98.76,ASK
302,1712304030.75173,11841228.72838333,95.01,-9.115613929472433e-08,98.76,ASK
303,1712304032.7387958,11848612.75006636,95.0,-2.52278185047492e-06,98.76,ASK
304,1712304034.7284462,11857473.576086,95.0,-3.027338220571049e-06,98.76,ASK
305,1712304037.7382526,11863676.15429974,95.0,-2.1191367543972524e-06,98.76,ASK
306,1712304039.7486236,11870912.49554912,95.0,-2.4723262134691886e-06,98.76,ASK
307,1712304041.468454,11880755.90690837,95.0,-3.36304260602963e-06,98.76,ASK
308,1712304041.7484024,11887992.24815775,95.0,-2.4723262134691886e-06,98.76,ASK
309,1712304060.4984362,11887992.24815775,95.0,-0.0,98.76,ASK
310,1712304065.8884664,11889964.37502673,95.0,-6.722280367152778e-07,98.76,ASK
311,1712304065.8910866,11922214.86313975,95.0,-1.099304646588859e-05,98.76,ASK
312,1712304065.9085357,11924855.21394075,95.0,-9.000018523727573e-07,98.76,ASK
313,1712304065.911798,11929761.79215375,95.0,-1.6724783232734226e-06,98.76,ASK
314,1712304066.0485349,11932390.56318595,95.0,-8.960547202850739e-07,98.76,ASK
315,1712304066.9084802,11936295.1911593,95.0,-1.330949057038114e-06,98.76,ASK
316,1712304086.1521692,11936708.39692104,95.11,1.4084717486637853e-07,98.76,BID
317,1712304090.4983754,11936708.39692104,95.11,0.0,98.76,BID
318,1712304099.768633,11946708.39692104,95.11,3.403276156159305e-06,98.76,BID
319,1712304106.2485807,11946760.97814278,95.11,1.7894841820548617e-08,98.76,BID
320,1712304120.3617098,11946760.97814278,95.11,0.0,98.76,BID
321,1712304129.2584574,11948537.8385955,95.11,6.045179785185067e-07,98.76,BID
322,1712304130.1288834,11951025.32536443,95.11,8.462850703002656e-07,98.76,BID
323,1712304137.2385428,11955569.93817622,95.11,1.546154142789404e-06,98.76,BID
324,1712304143.5785103,11957672.76648028,95.11,7.154177547230313e-07,98.76,BID
325,1712304150.321329,11957672.76648028,95.11,0.0,98.76,BID
326,1712304166.8686595,11957672.76648117,95.11,3.0280330215988075e-16,98.76,BID
327,1712304166.878498,11963866.61253417,95.11,2.106507411335868e-06,98.76,BID
328,1712304167.498561,11969109.90112477,95.36,1.7832258311499171e-06,98.76,BID
329,1712304180.4969945,11969109.90112477,95.36,0.0,98.76,BID
330,1712304210.5012913,11969109.90112477,95.36,0.0,98.76,BID
331,1712304240.3247085,11969109.90112477,95.36,0.0,98.76,BID
332,1712304258.6886425,11969909.90112477,95.24,2.719767246876698e-07,98.76,BID
333,1712304258.6921735,11975840.90112477,95.25,2.016367442653212e-06,98.76,BID
334,1712304258.695578,11978323.43169985,95.36,8.439881684340165e-07,98.76,BID
335,1712304258.7884872,11990083.05548718,95.36,-3.997929951546688e-06,98.76,ASK
336,1712304270.3503995,11990083.05548718,95.36,-0.0,98.76,ASK
337,1712304300.5113645,11990083.05548718,95.36,-0.0,98.76,ASK
338,1712304330.5043344,11990083.05548718,95.36,-0.0,98.76,ASK
339,1712304347.428559,11993341.56623704,95.35,1.111910885396375e-06,98.76,BID
340,1712304360.32129,11993341.56623704,95.35,0.0,98.76,BID
341,1712304390.368451,11993341.56623704,95.35,0.0,98.76,BID
342,1712304420.4902568,11993341.56623704,95.35,0.0,98.76,BID
343,1712304450.5064557,11993341.56623704,95.35,0.0,98.76,BID
344,1712304475.6385586,11993446.30021274,95.48,3.5734883594256585e-08,98.76,BID
345,1712304480.3584807,11993446.30021274,95.48,0.0,98.76,BID
346,1712304510.33507,11993446.30021274,95.48,0.0,98.76,BID
347,1712304540.4884193,11993446.30021274,95.48,0.0,98.76,BID
348,1712304556.368345,11994579.61609041,95.48,3.866822825398131e-07,98.76,BID
349,1712304570.4913838,11994579.61609041,95.48,0.0,98.76,BID
350,1712304595.6985738,12008608.72585141,95.48,4.786492462029752e-06,98.76,BID
351,1712304600.4013393,12008608.72585141,95.48,0.0,98.76,BID
352,1712304622.9787097,12008608.72585163,95.48,7.572567485931594e-17,98.76,BID
353,1712304622.982558,12008856.97890841,95.48,8.481265720815147e-08,98.76,BID
354,1712304630.3489783,12008856.97890841,95.48,0.0,98.76,BID
355,1712304658.2987587,12008856.97890913,95.48,2.4562919155239554e-16,98.76,BID
356,1712304660.4886277,12008856.97890913,95.48,0.0,98.76,BID
357,1712304690.4885983,12008856.97890913,95.48,0.0,98.76,BID
358,1712304718.338477,12062933.57754513,95.6,1.847446691207501e-05,98.76,BID
359,1712304718.3983192,12062933.5775458,95.6,2.2844787504483923e-16,98.76,BID
360,1712304720.348361,12062933.5775458,95.6,0.0,98.76,BID
361,1712304750.3683608,12062933.5775458,95.6,0.0,98.76,BID
362,1712304780.4991417,12062933.5775458,95.6,0.0,98.76,BID
363,1712304792.3886096,12074177.51137067,95.7,3.834550597976729e-06,98.76,BID
364,1712304792.3924515,12115300.56539667,95.7,1.40243115854376e-05,98.76,BID
365,1712304810.480596,12115300.56539667,95.7,0.0,98.76,BID
366,1712304840.3290758,12115300.56539667,95.7,0.0,98.76,BID
367,1712304870.3650248,12115300.56539667,95.7,0.0,98.76,BID
368,1712304874.8793662,12121542.90705867,95.7,2.1252112729452555e-06,98.76,BID
369,1712304874.8822434,12121542.90705918,95.7,1.7375418122510942e-16,98.76,BID
370,1712304900.3901477,12121542.90705918,95.7,0.0,98.76,BID
371,1712304930.3514657,12121542.90705918,95.7,0.0,98.76,BID
372,1712304960.4780834,12121542.90705918,95.7,0.0,98.76,BID
373,1712304990.4982538,12121542.90705918,95.7,0.0,98.76,BID
374,1712304994.6026788,12122065.37309888,95.7,-1.780025361047778e-07,98.76,ASK
375,1712304994.6065524,12122120.37309888,95.7,-1.8738326976000493e-08,98.76,ASK
376,1712304994.612996,12122563.58008916,95.59,-1.5099922730730537e-07,98.76,ASK
377,1712304999.282109,12122628.38044921,95.7,2.2077278814189853e-08,98.76,BID
378,1712305020.351171,12122628.38044921,95.7,0.0,98.76,BID
379,1712305050.3305,12122628.38044921,95.7,0.0,98.76,BID
380,1712305080.519637,12122628.38044921,95.7,0.0,98.76,BID
381,1712305110.4880192,12122628.38044921,95.7,0.0,98.76,BID
382,1712305140.3501463,12122628.38044921,95.7,0.0,98.76,BID
383,1712305170.330112,12122628.38044921,95.7,0.0,98.76,BID
384,1712305200.4583056,12122628.38044921,95.7,0.0,98.76,BID
385,1712305230.3178096,12122628.38044921,95.7,0.0,98.76,BID
386,1712305259.874711,12128593.88305321,96.0,2.033396091399876e-06,98.76,BID
387,1712305259.8876069,12128593.88305339,96.0,6.158526362329058e-17,98.76,BID
388,1712305260.4881246,12128593.88305339,96.0,0.0,98.76,BID
389,1712305287.859436,12129552.65582339,96.0,3.26742680362257e-07,98.76,BID
390,1712305290.5015037,12129552.65582339,96.0,0.0,98.76,BID
391,1712305297.398533,12134810.27937607,96.1,1.7917030831613117e-06,98.76,BID
392,1712305297.4015784,12134810.27937692,96.0,2.9008340168073763e-16,98.76,BID
393,1712305297.404543,12134864.43955039,96.06,1.845680825543262e-08,98.76,BID
394,1712305297.4074802,12134864.43955186,96.1,5.00822328065869e-16,98.76,BID
395,1712305304.2278817,12135904.43955185,96.31,3.544132035702527e-07,98.76,BID
396,1712305316.7183466,12145654.1111164,96.3,3.322511858635217e-06,98.76,BID
397,1712305316.7982905,12146282.38836168,96.31,-2.141055300305386e-07,98.76,ASK
398,1712305320.353933,12146282.38836168,96.31,-0.0,98.76,ASK
399,1712305350.358487,12146282.38836168,96.31,-0.0,98.76,ASK
400,1712305380.459563,12146282.38836168,96.31,-0.0,98.76,ASK
401,1712305403.8587458,12147322.38836168,96.27,3.5421885517894945e-07,98.76,BID
402,1712305407.3784547,12152581.80082468,96.27,1.7913298668824754e-06,98.76,BID
403,1712305407.3984635,12152581.80082515,96.27,1.6050515402730663e-16,98.76,BID
404,1712305407.5586553,12167522.70257715,96.28,5.08879722493671e-06,98.76,BID
405,1712305407.562311,12183731.21417787,96.28,5.5205388686169965e-06,98.76,BID
406,1712305408.8279884,12184523.00670787,96.31,2.696806187653061e-07,98.76,BID
407,1712305408.8298826,12187523.00670787,96.31,1.0217851591700465e-06,98.76,BID
408,1712305410.3222842,12187523.00670787,96.31,0.0,98.76,BID
409,1712305422.3788502,12188773.10302084,96.31,4.252015774610601e-07,98.76,BID
410,1712305430.869614,12192511.64447484,96.31,1.2716090009640568e-06,98.76,BID
411,1712305440.4985943,12192511.64447484,96.31,0.0,98.76,BID
412,1712305452.0890915,12192511.64447554,96.31,2.381762191528019e-16,98.76,BID
413,1712305452.093168,12196992.16881404,96.35,1.5237343813646833e-06,98.76,BID
414,1712305452.0964332,12200352.77429148,96.35,1.1428729589024616e-06,98.76,BID
415,1712305452.0996268,12200406.58396584,96.32,1.8299566005614464e-08,98.76,BID
416,1712305452.1486993,12200406.58396775,96.35,6.499170235392945e-16,98.76,BID
417,1712305452.5688462,12206585.74089075,96.4,2.1014044652133844e-06,98.76,BID
418,1712305452.5720878,12206585.74089118,96.4,1.45692900013682e-16,98.76,BID
419,1712305470.4989994,12206585.74089118,96.4,0.0,98.76,BID
420,1712305478.01907,12216676.33852541,96.39,-3.430023031569632e-06,98.76,ASK
421,1712305478.1189806,12217760.74089118,96.39,-3.686129627699874e-07,98.76,ASK
422,1712305500.3237755,12217760.74089118,96.39,-0.0,98.76,ASK
423,1712305530.358976,12217760.74089118,96.39,-0.0,98.76,ASK
424,1712305560.5012164,12217760.74089118,96.39,-0.0,98.76,ASK
425,1712305590.4913273,12217760.74089118,96.39,-0.0,98.76,ASK
426,1712305620.389213,12217760.74089118,96.39,-0.0,98.76,ASK
427,1712305650.359424,12217760.74089118,96.39,-0.0,98.76,ASK
428,1712305680.5033507,12217760.74089118,96.39,-0.0,98.76,ASK
429,1712305710.493857,12217760.74089118,96.39,-0.0,98.76,ASK
430,1712305740.3232958,12217760.74089118,96.39,-0.0,98.76,ASK
431,1712305747.229614,12218788.19187156,96.39,-3.500085863048985e-07,98.76,ASK
432,1712305748.6497812,12218788.19187157,96.39,-3.807141019392122e-18,98.76,ASK
433,1712305748.91509,12219827.26086574,96.24,-3.539663464899744e-07,98.76,ASK
434,1712305749.0696373,12219827.26086575,96.24,-3.1726175161601014e-18,98.76,ASK
435,1712305749.0728831,12221971.3558427,96.15,-7.304014168229944e-07,98.76,ASK
436,1712305770.351801,12221971.3558427,96.15,-0.0,98.76,ASK
437,1712305786.9197595,12222682.17953636,96.15,-2.421137983651222e-07,98.76,ASK
438,1712305800.4128942,12222682.17953636,96.15,-0.0,98.76,ASK
439,1712305812.262256,12223838.97315832,96.15,-3.9416261538812753e-07,98.76,ASK
440,1712305812.2643206,12226096.40701452,96.15,-7.691916828839879e-07,98.76,ASK
441,1712305812.590802,12229224.95192823,96.15,-1.0660116222428247e-06,98.76,ASK
442,1712305812.659814,12229797.71990818,96.15,-1.951633555904576e-07,98.76,ASK
443,1712305830.3425725,12229797.71990818,96.15,-0.0,98.76,ASK
444,1712305830.9297054,12231882.2354423,96.14,-7.101064396968652e-07,98.76,ASK
445,1712305832.2597842,12234011.52428154,96.14,-7.253588145403735e-07,98.76,ASK
446,1712305834.849774,12236599.6920134,96.14,-8.816794805919812e-07,98.76,ASK
447,1712305839.7142196,12240199.21772386,96.14,-1.2262064470205018e-06,98.76,ASK
448,1712305860.5239005,12240199.21772386,96.14,-0.0,98.76,ASK
449,1712305861.012537,12315104.04678909,95.9,-2.550822340230952e-05,98.76,ASK
450,1712305890.5038395,12315104.04678909,95.9,-0.0,98.76,ASK
451,1712305920.3135424,12315104.04678909,95.9,-0.0,98.76,ASK
452,1712305950.362815,12315104.04678909,95.9,-0.0,98.76,ASK
453,1712305980.392376,12315104.04678909,95.9,-0.0,98.76,ASK
454,1712305996.7602942,12325624.11040742,95.82,-3.5737788157968703e-06,98.76,ASK
455,1712306010.322606,12325624.11040742,95.82,-0.0,98.76,ASK
456,1712306015.3701184,12326665.77707408,96.0,3.53744239870107e-07,98.76,BID
457,1712306040.5090306,12326665.77707408,96.0,0.0,98.76,BID
458,1712306070.509656,12326665.77707408,96.0,0.0,98.76,BID
459,1712306094.500361,12328513.22497665,96.07,6.27361786978692e-07,98.76,BID
460,1712306100.3604455,12328513.22497665,96.07,0.0,98.76,BID
461,1712306111.9110675,12329311.91709662,96.09,2.715209641039317e-07,98.76,BID
462,1712306112.0503905,12334272.78450137,96.09,1.686481520036071e-06,98.76,BID
463,1712306112.0542145,12335105.72797342,96.09,2.831649504484441e-07,98.76,BID
464,1712306130.3232708,12335105.72797342,96.09,0.0,98.76,BID
465,1712306150.3008034,12335580.40483823,96.0,-1.613349711530532e-07,98.76,ASK
466,1712306150.3030474,12338667.10796322,96.0,-1.0491203522782638e-06,98.76,ASK
467,1712306150.4020145,12338667.10796323,96.0,-3.7984973403705414e-18,98.76,ASK
468,1712306160.473737,12338667.10796323,96.0,-0.0,98.76,ASK
469,1712306163.6949258,12340274.75374151,95.82,-5.463492499723103e-07,98.76,ASK
470,1712306164.7300403,12342171.52488031,95.82,-6.446068549761982e-07,98.76,ASK
471,1712306190.5039566,12342171.52488031,95.82,-0.0,98.76,ASK
472,1712306212.8801262,12345564.97375325,95.82,-1.153112657719984e-06,98.76,ASK
473,1712306220.3426514,12345564.97375325,95.82,-0.0,98.76,ASK
474,1712306221.6806087,12348174.03240488,95.82,8.86474583260144e-07,98.76,BID
475,1712306225.151724,12353390.63078627,95.8,1.7724330855077452e-06,98.76,BID
476,1712306250.3549511,12353390.63078627,95.8,0.0,98.76,BID
477,1712306280.492279,12353390.63078627,95.8,0.0,98.76,BID
478,1712306292.9501774,12358658.3168363,95.66,-1.7893352222013643e-06,98.76,ASK
479,1712306293.0699806,12362888.28627866,95.66,-1.4368421428623392e-06,98.76,ASK
480,1712306298.3102417,12365335.60884873,95.66,-8.313100729856965e-07,98.76,ASK
481,1712306310.509949,12365335.60884873,95.66,-0.0,98.76,ASK
482,1712306311.5601122,12367867.51917305,95.66,-8.597092768734774e-07,98.76,ASK
483,1712306321.2426744,12369783.24154868,95.66,-6.504828715388851e-07,98.76,ASK
484,1712306321.7300456,12371212.71813705,95.66,-4.853782822759883e-07,98.76,ASK
485,1712306340.3225586,12371212.71813705,95.66,-0.0,98.76,ASK
486,1712306359.9101045,12375479.02209134,95.66,-1.4483455516396193e-06,98.76,ASK
487,1712306364.31015,12385932.71224396,95.63,3.548869417880837e-06,98.76,BID
488,1712306364.750135,12388024.98130976,95.59,-7.102936468553344e-07,98.76,ASK
489,1712306370.3168983,12388024.98130976,95.59,-0.0,98.76,ASK
490,1712306400.4187582,12388024.98130976,95.59,-0.0,98.76,ASK
491,1712306418.1934628,12398478.67146238,95.5,-3.550938769238222e-06,98.76,ASK
492,1712306418.1981485,12408940.01679138,95.51,-3.5535391010061e-06,98.76,ASK
493,1712306430.3326626,12408940.01679138,95.51,-0.0,98.76,ASK
494,1712306460.5094209,12408940.01679138,95.51,-0.0,98.76,ASK
495,1712306464.1328351,12419410.12463349,95.5,3.554104069591964e-06,98.76,BID
496,1712306464.5499954,12423366.92294077,95.48,-1.3431449970268676e-06,98.76,ASK
497,1712306464.8499937,12428605.39385206,95.4,-1.77821194060447e-06,98.76,ASK
498,1712306486.0601838,12429655.26261847,95.3,-3.563805561030057e-07,98.76,ASK
499,1712306490.522956,12429655.26261847,95.3,-0.0,98.76,ASK
500,1712306500.180181,12440125.37046058,95.25,-3.551719924639628e-06,98.76,ASK
501,1712306500.1840107,12440262.98769933,95.3,-4.668317616355873e-08,98.76,ASK
502,1712306500.2801642,12449071.94773277,95.25,2.9882174413039286e-06,98.76,BID
503,1712306500.284713,12460557.97899399,95.25,3.896346312826752e-06,98.76,BID
504,1712306500.3000193,12465965.89311495,95.25,1.8344984238754647e-06,98.76,BID
505,1712306513.470343,12478837.79892488,95.25,4.366469287865316e-06,98.76,BID
506,1712306513.475073,12511297.29273309,95.25,1.1011064321482795e-05,98.76,BID
507,1712306520.3642645,12511297.29273309,95.25,0.0,98.76,BID
508,1712306527.0900495,12513713.39797228,95.3,-8.174463606390427e-07,98.76,ASK
509,1712306542.3509457,12516011.98698704,95.24,-7.776868301273429e-07,98.76,ASK
510,1712306542.7101996,12516850.02331344,95.24,-2.835347293602886e-07,98.76,ASK
511,1712306550.3100777,12516850.02331344,95.24,-0.0,98.76,ASK
512,1712306580.414512,12516850.02331344,95.24,-0.0,98.76,ASK
513,1712306586.5900707,12517971.83314917,95.24,-3.794765476221289e-07,98.76,ASK
514,1712306586.730025,12524820.94701048,95.24,-2.316861556726286e-06,98.76,ASK
515,1712306586.8378346,12530070.42311276,95.2,-1.7757493335056945e-06,98.76,ASK
516,1712306586.842593,12539962.45408295,95.24,-3.346194374464232e-06,98.76,ASK
517,1712306586.8462975,12545214.55492328,95.2,-1.776637208172273e-06,98.76,ASK
518,1712306607.220049,12554847.55492328,95.22,3.2585715214957247e-06,98.76,BID
519,1712306610.330128,12554847.55492328,95.22,0.0,98.76,BID
520,1712306640.490419,12554847.55492328,95.22,0.0,98.76,BID
521,1712306670.4999926,12554847.55492328,95.22,0.0,98.76,BID
522,1712306700.4003696,12554847.55492328,95.22,0.0,98.76,BID
523,1712306730.332546,12554847.55492328,95.22,0.0,98.76,BID
524,1712306760.5040517,12554847.55492328,95.22,0.0,98.76,BID
525,1712306790.5043075,12554847.55492328,95.22,0.0,98.76,BID
526,1712306809.8800054,12556178.5176537,95.2,4.504748080106788e-07,98.76,BID
527,1712306809.985044,12556452.53775064,95.2,9.274425777610314e-08,98.76,BID
528,1712306820.3528533,12556452.53775064,95.2,0.0,98.76,BID
529,1712306850.3702054,12556452.53775064,95.2,0.0,98.76,BID
530,1712306880.5097926,12556452.53775064,95.2,0.0,98.76,BID
531,1712306897.2116544,12558672.53775064,95.19,-7.513376117530437e-07,98.76,ASK
532,1712306910.4799209,12558672.53775064,95.19,-0.0,98.76,ASK
533,1712306938.8798013,12561286.05433088,95.4,8.84456250901942e-07,98.76,BID
534,1712306938.972628,12563812.91439984,95.4,8.551302869262696e-07,98.76,BID
535,1712306939.0299418,12563812.91439985,95.4,3.1517461146140614e-18,98.76,BID
536,1712306940.3642557,12563812.91439985,95.4,0.0,98.76,BID
537,1712306944.6399412,12563917.07021695,95.4,-3.5242163224886647e-08,98.76,ASK
538,1712306970.3597865,12563917.07021695,95.4,-0.0,98.76,ASK
539,1712307000.353055,12563917.07021695,95.4,-0.0,98.76,ASK
540,1712307011.4496322,12564559.62626151,95.19,-2.1760018565753706e-07,98.76,ASK
541,1712307011.5902991,12569097.07021693,95.19,-1.5365953763397978e-06,98.76,ASK
542,1712307030.3307352,12569097.07021693,95.19,-0.0,98.76,ASK
543,1712307060.5006118,12569097.07021693,95.19,-0.0,98.76,ASK
544,1712307080.8148775,12569097.07021695,95.19,-6.937428910643211e-18,98.76,ASK
545,1712307080.8171074,12569204.22432977,95.19,-3.6281445354781714e-08,98.76,ASK
546,1712307080.8192537,12585654.22432977,95.1,5.569826116623771e-06,98.76,BID
547,1712307090.4925609,12585654.22432977,95.1,0.0,98.76,BID
548,1712307094.070005,12591062.13845377,95.1,-1.8300967156749249e-06,98.76,ASK
549,1712307094.0972123,12596169.47143807,95.1,-1.7283768022394788e-06,98.76,ASK
550,1712307120.3497722,12596169.47143807,95.1,-0.0,98.76,ASK
551,1712307134.7397504,12598975.42337027,95.01,-9.492432924637464e-07,98.76,ASK
552,1712307135.426368,12601781.37530247,95.01,-9.492432924637464e-07,98.76,ASK
553,1712307136.1624362,12604592.93913857,95.01,-9.511417790614428e-07,98.76,ASK
554,1712307136.4796982,12606694.67931092,95.01,-7.110110256023101e-07,98.76,ASK
555,1712307136.4847608,12607404.50297467,95.01,-2.4013075345850264e-07,98.76,ASK
556,1712307136.6202912,12611244.57786903,95.0,-1.2990833143645325e-06,98.76,ASK
557,1712307136.6252692,12612835.46681077,95.01,-5.381919197091818e-07,98.76,ASK
558,1712307137.1898935,12615647.03064687,95.0,-9.511417790608128e-07,98.76,ASK
559,1712307150.3537889,12615647.03064687,95.0,-0.0,98.76,ASK
560,1712307167.071023,12616699.21919905,95.04,-3.5572885302249465e-07,98.76,ASK
561,1712307167.190037,12620386.4631355,95.0,-1.2466007671431928e-06,98.76,ASK
562,1712307167.1952438,12625298.74511456,95.0,-1.660767388613983e-06,98.76,ASK
563,1712307167.1996243,12626185.6316633,95.04,2.998427744636558e-07,98.76,BID
564,1712307167.3896651,12632816.36575837,95.04,2.241749760011058e-06,98.76,BID
565,1712307179.759904,12633868.55431055,95.04,-3.5572885302249465e-07,98.76,ASK
566,1712307180.5040336,12633868.55431055,95.04,-0.0,98.76,ASK
567,1712307182.3099318,12644394.87010002,95.0,-3.5567043483872333e-06,98.76,ASK
568,1712307182.3139553,12652196.74553294,95.0,-2.636151606396178e-06,98.76,ASK
569,1712307188.889732,12652574.83254811,95.0,-1.277506544380354e-07,98.76,ASK
570,1712307191.2201338,12655400.26203951,95.01,-9.546756490224765e-07,98.76,ASK
571,1712307191.2997558,12656136.38302511,95.01,-2.487256474900104e-07,98.76,ASK
572,1712307191.459666,12664209.22207296,95.01,-2.727706665806916e-06,98.76,ASK
573,1712307192.60963,12669656.87699386,95.0,-1.840691304839767e-06,98.76,ASK
574,1712307192.709651,12673566.88864886,95.0,-1.3211417682813774e-06,98.76,ASK
575,1712307194.3996575,12676395.14356976,95.0,-9.556303246741172e-07,98.76,ASK
576,1712307195.3798556,12679223.39849066,95.0,-9.556303246741172e-07,98.76,ASK
577,1712307203.5790322,12681302.54304434,95.0,-7.025157351252635e-07,98.76,ASK
578,1712307210.0397403,12694856.59229386,95.1,4.579735860884533e-06,98.76,BID
579,1712307210.0438309,12700398.52103325,95.1,1.8725451943555617e-06,98.76,BID
580,1712307210.2200856,12703704.5386036,95.1,-1.1170600714899507e-06,98.76,ASK
581,1712307210.4018736,12706824.79764305,95.1,-1.054294694902765e-06,98.76,ASK
582,1712307210.4797878,12711127.82860157,95.1,-1.4539378475350202e-06,98.76,ASK
583,1712307210.5041797,12716669.75734095,95.1,-1.8725451943524152e-06,98.76,ASK
584,1712307210.5082386,12720850.05900405,95.1,-1.4124692247585224e-06,98.76,ASK
585,1712307210.5122392,12720850.05900405,95.1,-0.0,98.76,ASK
586,1712307210.9062552,12724117.09029812,95.1,1.1013070397399586e-06,98.76,BID
587,1712307240.329633,12724117.09029812,95.1,0.0,98.76,BID
588,1712307270.3633368,12724117.09029812,95.1,0.0,98.76,BID
589,1712307300.3597195,12724117.09029812,95.1,0.0,98.76,BID
590,1712307321.4897325,12731165.06036425,95.01,-2.395384409910145e-06,98.76,ASK
591,1712307330.33464,12731165.06036425,95.01,-0.0,98.76,ASK
592,1712307360.5042467,12731165.06036425,95.01,-0.0,98.76,ASK
593,1712307381.8781118,12751050.52912125,95.02,-6.7569106008436e-06,98.76,ASK
594,1712307381.8833358,12751050.52912218,95.02,-3.1582245946599237e-16,98.76,ASK
595,1712307381.9824069,12752103.60577059,95.01,-3.578263533083889e-07,98.76,ASK
596,1712307383.9841895,12774077.47689859,95.01,-7.466531696120671e-06,98.76,ASK
597,1712307384.0399137,12809344.17192859,95.01,-1.1983318493361876e-05,98.76,ASK
598,1712307384.0452948,12812272.56046204,95.01,-9.950411411899214e-07,98.76,ASK
599,1712307390.50562,12812272.56046204,95.01,-0.0,98.76,ASK
600,1712307394.4198248,12819538.23045404,95.0,-2.462364214507229e-06,98.76,ASK
601,1712307394.4399009,12819591.72885404,95.0,-1.813081874568514e-08,98.76,ASK
602,1712307394.4451485,12844681.34728241,95.0,-8.502970633359934e-06,98.76,ASK
603,1712307394.6577735,12849945.05925141,94.99,-1.783892745226988e-06,98.76,ASK
604,1712307394.720045,12850652.97256964,94.98,-2.399146154038889e-07,98.76,ASK
605,1712307394.7253273,12850652.97257032,94.99,-2.304090922333805e-16,98.76,ASK
606,1712307395.860031,12860619.84472832,95.01,-3.377812281517217e-06,98.76,ASK
607,1712307395.8918128,12860619.84472838,95.01,-2.0200249182104602e-17,98.76,ASK
608,1712307420.3360748,12860619.84472838,95.01,-0.0,98.76,ASK
609,1712307426.6700952,12862580.67326054,95.02,6.634997227788426e-07,98.76,BID
610,1712307426.769905,12868892.37431061,95.02,2.135735903625042e-06,98.76,BID
611,1712307450.3355525,12868892.37431061,95.02,0.0,98.76,BID
612,1712307480.4988067,12868892.37431061,95.02,0.0,98.76,BID
613,1712307510.4948266,12868892.37431061,95.02,0.0,98.76,BID
614,1712307540.3526292,12868892.37431061,95.02,0.0,98.76,BID
615,1712307570.3674128,12868892.37431061,95.02,0.0,98.76,BID
616,1712307600.4266508,12868892.37431061,95.02,0.0,98.76,BID
617,1712307627.5817752,12876259.24444321,95.2,2.4925798386426253e-06,98.76,BID
618,1712307630.3467524,12876259.24444321,95.2,0.0,98.76,BID
619,1712307660.4904397,12876259.24444321,95.2,0.0,98.76,BID
620,1712307669.8805315,12876866.27448139,94.99,-2.0533983232247085e-07,98.76,ASK
621,1712307670.0004966,12884531.77402544,94.99,-2.593005769142869e-06,98.76,ASK
622,1712307690.500377,12884531.77402544,94.99,-0.0,98.76,ASK
623,1712307720.3237174,12884531.77402544,94.99,-0.0,98.76,ASK
624,1712307720.5853372,12903550.26998723,94.98,-6.431670143840304e-06,98.76,ASK
625,1712307720.58866,12905242.51272985,94.99,-5.722822217755581e-07,98.76,ASK
626,1712307750.3245878,12905242.51272985,94.99,-0.0,98.76,ASK
627,1712307780.470529,12905242.51272985,94.99,-0.0,98.76,ASK
628,1712307789.9428074,12908000.42557221,95.01,-9.320502278600704e-07,98.76,ASK
629,1712307791.0409136,12910467.73213426,95.01,-8.338384041860453e-07,98.76,ASK
630,1712307801.4509647,12911913.46614115,95.01,-4.885929279013782e-07,98.76,ASK
631,1712307801.4905958,12913505.80614115,95.01,-5.381391453110176e-07,98.76,ASK
632,1712307801.6106875,12916224.78077906,95.01,-9.188908698944616e-07,98.76,ASK
633,1712307801.7150035,12934765.90446327,95.0,-6.266064064538947e-06,98.76,ASK
634,1712307801.719314,12964048.78057606,95.0,-9.896292201154348e-06,98.76,ASK
635,1712307801.8108633,12964048.78057652,95.0,-1.5548405513292612e-16,98.76,ASK
636,1712307801.8158188,12965379.43594168,94.98,-4.4970153416396426e-07,98.76,ASK
637,1712307804.4267344,12966715.84594167,94.97,-4.516463413468434e-07,98.76,ASK
638,1712307809.6808865,12966774.80140128,94.97,-1.9924287932066174e-08,98.76,ASK
639,1712307810.5006075,12966774.80140128,94.97,-0.0,98.76,ASK
640,1712307811.9908211,12967827.7654952,94.97,-3.551527785331683e-07,98.76,ASK
641,1712307812.000543,12971368.35994011,94.97,-1.1942021214491984e-06,98.76,ASK
642,1712307812.1636286,12981903.54746611,94.92,-3.5533985857944542e-06,98.76,ASK
643,1712307814.68515,12982115.17745452,94.97,-7.138038119116124e-08,98.76,ASK
644,1712307814.687817,12983168.80720733,94.91,-3.5537729768388666e-07,98.76,ASK
645,1712307814.690323,12983168.80720766,94.92,-1.1182831542910027e-16,98.76,ASK
646,1712307814.693005,12983274.17018311,94.91,-3.553772982486825e-08,98.76,ASK
647,1712307822.1110227,12983274.1701848,94.91,-5.704500584810283e-16,98.76,ASK
648,1712307822.116257,12989406.10007411,94.9,-2.0682300094886858e-06,98.76,ASK
649,1712307830.4806628,12993274.1701848,94.9,-1.3046559282554e-06,98.76,ASK
650,1712307830.4906924,12994639.86091211,94.9,-4.606319049452253e-07,98.76,ASK
651,1712307840.3441527,12994639.86091211,94.9,-0.0,98.76,ASK
652,1712307870.3510563,12994639.86091211,94.9,-0.0,98.76,ASK
653,1712307900.4956026,12994639.86091211,94.9,-0.0,98.76,ASK
654,1712307903.0309758,12998600.2410482,94.9,-1.3352136045098668e-06,98.76,ASK
655,1712307930.4878602,12998600.2410482,94.9,-0.0,98.76,ASK
656,1712307937.280961,12999877.48020633,94.9,4.305574152760315e-07,98.76,BID
657,1712307941.7858868,13005063.06394732,94.9,1.7480606650741852e-06,98.76,BID
658,1712307942.1207285,13008686.44023978,94.9,1.2214404178922989e-06,98.76,BID
659,1712307946.7409725,13010812.80416369,94.9,7.167974370252018e-07,98.76,BID
660,1712307946.7807577,13011903.26355185,94.9,3.675939409162536e-07,98.76,BID
661,1712307960.3471005,13011903.26355185,94.9,0.0,98.76,BID
662,1712307976.0409782,13012103.26355185,94.9,-6.739133486718957e-08,98.76,ASK
663,1712307976.0440392,13012578.93282698,94.89,-1.602799370313309e-07,98.76,ASK
664,1712307983.19137,13012683.99914042,94.89,-3.5402795562101645e-08,98.76,ASK
665,1712307983.1971822,13012789.40654001,94.87,-3.551772681597578e-08,98.76,ASK
666,1712307983.2027838,13012894.8250515,94.86,-3.5521471044916224e-08,98.76,ASK
667,1712307983.2052982,13014337.94575178,94.84,-4.86269151832088e-07,98.76,ASK
668,1712307983.6511447,13014337.94575179,94.84,-3.1381535747642426e-18,98.76,ASK
669,1712307983.6556597,13015077.91938047,94.8,-2.493390530160772e-07,98.76,ASK
670,1712307990.325924,13015077.91938047,94.8,-0.0,98.76,ASK
671,1712308020.5109894,13015077.91938047,94.8,-0.0,98.76,ASK
672,1712308030.6915095,13016684.08315934,94.81,-5.411527010888744e-07,98.76,ASK
673,1712308036.3709538,13016684.08315935,94.8,-3.137835216234169e-18,98.76,ASK
674,1712308036.3737702,13019536.02950981,94.8,-9.608848681651949e-07,98.76,ASK
675,1712308047.2808444,13020712.2235853,94.8,-3.9628623763581466e-07,98.76,ASK
676,1712308049.7609165,13023079.62001137,94.8,-7.976291006988555e-07,98.76,ASK
677,1712308049.9908652,13027459.03304726,94.8,-1.4755227485089809e-06,98.76,ASK
678,1712308050.5211012,13027459.03304726,94.8,-0.0,98.76,ASK
679,1712308050.5950863,13028079.62001137,94.8,2.090070515352869e-07,98.76,BID
680,1712308050.601447,13028650.4204759,94.8,1.9223949100735962e-07,98.76,BID
681,1712308073.738441,13029150.4204759,94.74,-1.6839465185597221e-07,98.76,ASK
682,1712308073.8711843,13029650.4204759,94.72,-1.6839465185597221e-07,98.76,ASK
683,1712308073.876866,13034927.61292508,94.7,-1.777301970513401e-06,98.76,ASK
684,1712308073.8851357,13035455.70755963,94.68,-1.7785662426400465e-07,98.76,ASK
685,1712308080.3147092,13035455.70755963,94.68,-0.0,98.76,ASK
686,1712308083.0267258,13038220.5341981,94.6,-9.30926566362699e-07,98.76,ASK
687,1712308083.0293891,13038275.4517801,94.64,-1.8490937309617283e-08,98.76,ASK
688,1712308083.0319574,13040519.49888973,94.6,-7.555783214243009e-07,98.76,ASK
689,1712308107.6508446,13040719.49888973,94.6,6.734068266052535e-08,98.76,BID
690,1712308108.2411633,13043719.49888973,94.51,-1.01011023990788e-06,98.76,ASK
691,1712308108.2470756,13043778.24748973,94.51,-1.9780854146924294e-08,98.76,ASK
692,1712308108.460873,13046020.55611594,94.5,-7.549929681229375e-07,98.76,ASK
693,1712308109.7210038,13046654.80558739,94.6,2.135539619226775e-07,98.76,BID
694,1712308110.4321034,13046654.80558739,94.6,0.0,98.76,BID
695,1712308117.6015842,13088239.68289132,94.6,1.3996779608735668e-05,98.76,BID
696,1712308117.6074564,13088916.97260113,94.6,2.279644768503754e-07,98.76,BID
697,1712308126.331501,13092807.91054188,94.6,1.3096251416089309e-06,98.76,BID
698,1712308126.432331,13097725.93263458,94.6,1.6553246229227065e-06,98.76,BID
699,1712308140.4989607,13097725.93263458,94.6,0.0,98.76,BID
700,1712308141.9014068,13099923.05259887,94.6,7.383135144054815e-07,98.76,BID
701,1712308141.9845111,13102277.12564597,94.6,7.910555512773403e-07,98.76,BID
702,1712308142.4010918,13115895.27764899,94.6,4.576202405184623e-06,98.76,BID
703,1712308142.4812114,13117460.73327094,94.6,5.260509488211883e-07,98.76,BID
704,1712308142.486835,13126423.71643299,94.6,3.011893617776987e-06,98.76,BID
705,1712308142.6613274,13144273.71643299,94.53,-5.998259742910907e-06,98.76,ASK
706,1712308142.6674457,13151625.75225674,94.52,-2.470555770870293e-06,98.76,ASK
707,1712308143.5612197,13151925.75225674,94.51,-1.008110881161497e-07,98.76,ASK
708,1712308143.5754006,13168333.30757036,94.5,-5.513545014973394e-06,98.76,ASK
709,1712308143.579991,13182140.81470048,94.52,-4.639832726529625e-06,98.76,ASK
710,1712308143.584581,13183699.01575868,94.5,-5.236131472694684e-07,98.76,ASK
711,1712308143.5891714,13193202.7388785,94.5,-3.193602229545388e-06,98.76,ASK
712,1712308144.1912365,13218401.83314066,94.5,-8.467827040366035e-06,98.76,ASK
713,1712308145.8711667,13219035.4128661,94.7,2.1290620509999138e-07,98.76,BID
714,1712308152.6810186,13229915.74731153,94.5,-3.656194515038064e-06,98.76,ASK
715,1712308152.6858203,13244262.03365261,94.5,-4.820882454899959e-06,98.76,ASK
716,1712308153.251046,13262747.52177402,94.5,-6.211807239591953e-06,98.76,ASK
717,1712308155.431078,13263317.74352692,94.7,1.9161558459136925e-07,98.76,BID
718,1712308160.651157,13264579.65442905,94.5,-4.2404870383101867e-07,98.76,ASK
719,1712308166.6865096,13265635.62063813,94.7,3.5484367517082506e-07,98.76,BID
720,1712308170.4809113,13265635.62063813,94.7,0.0,98.76,BID
721,1712308175.4728382,13267757.19123102,94.5,-7.09143918257111e-07,98.76,ASK
722,1712308184.7912295,13270717.02209782,94.6,9.893359501191923e-07,98.76,BID
723,1712308194.6212733,13282682.69867933,94.5,-3.99957786181977e-06,98.76,ASK
724,1712308194.6272058,13282736.77620528,94.42,-1.807564111750321e-08,98.76,ASK
725,1712308194.633278,13283795.74486262,94.44,-3.5396473984589e-07,98.76,ASK
726,1712308194.6364317,13293795.74486262,94.49,-3.342542174339165e-06,98.76,ASK
727,1712308194.6392725,13293995.74486262,94.5,-6.68508434867833e-08,98.76,ASK
728,1712308194.6421196,13309106.1509531,94.4,-5.05071696288186e-06,98.76,ASK
729,1712308200.4210975,13309106.1509531,94.4,-0.0,98.76,ASK
730,1712308205.0610602,13309211.747574,94.7,3.5329101932729495e-08,98.76,BID
731,1712308225.4127953,13311870.12062158,94.5,-8.894028196380757e-07,98.76,ASK
732,1712308225.5409453,13313344.78341696,94.5,-4.933729107055237e-07,98.76,ASK
733,1712308230.4218855,13313344.78341696,94.5,-0.0,98.76,ASK
734,1712308260.5012436,13313344.78341696,94.5,-0.0,98.76,ASK
735,1712308271.9781945,13315473.19418168,94.5,-7.119997222505156e-07,98.76,ASK
736,1712308272.1985264,13317623.10238313,94.5,-7.191910826934231e-07,98.76,ASK
737,1712308272.2822974,13328151.54116713,94.5,-3.521991907856979e-06,98.76,ASK
738,1712308272.2912903,13334936.43603872,94.5,-2.269694996917113e-06,98.76,ASK
739,1712308272.587855,13346367.22511355,94.5,-3.823847718348323e-06,98.76,ASK
740,1712308273.4447465,13353799.48132844,94.5,-2.486251455034444e-06,98.76,ASK
741,1712308273.5213726,13355151.45496897,94.5,-4.5226460629815574e-07,98.76,ASK
742,1712308274.121404,13355402.27217164,94.41,-8.390381292800674e-08,98.76,ASK
743,1712308286.4714727,13357824.53409449,94.6,8.102993298445282e-07,98.76,BID
744,1712308286.5737784,13366067.23442855,94.6,2.757362650914591e-06,98.76,BID
745,1712308286.57663,13366084.09176145,94.6,5.6391447279587286e-09,98.76,BID
746,1712308286.7725818,13367749.26670245,94.6,5.570372576307499e-07,98.76,BID
747,1712308286.777508,13367749.2667029,94.6,1.5016597691742895e-16,98.76,BID
748,1712308287.1419475,13386831.94200417,94.7,6.383570192141438e-06,98.76,BID
749,1712308287.1482906,13396214.6804759,94.7,3.138730219069669e-06,98.76,BID
750,1712308287.701465,13397657.0396519,94.7,4.825005350096768e-07,98.76,BID
751,1712308287.7223244,13397657.03965287,94.7,3.2400957675129896e-16,98.76,BID
752,1712308290.4969666,13397657.03965287,94.7,0.0,98.76,BID
753,1712308293.5852606,13397762.53601324,94.79,3.5196933245423365e-08,98.76,BID
754,1712308320.3461912,13397762.53601324,94.79,0.0,98.76,BID
755,1712308350.349039,13397762.53601324,94.79,0.0,98.76,BID
756,1712308380.4972382,13397762.53601324,94.79,0.0,98.76,BID
757,1712308389.7062516,13397825.89398578,94.7,2.1138159479915588e-08,98.76,BID
758,1712308410.4757757,13397825.89398578,94.7,0.0,98.76,BID
759,1712308440.3465705,13397825.89398578,94.7,0.0,98.76,BID
760,1712308470.385466,13397825.89398578,94.7,0.0,98.76,BID
761,1712308500.36145,13397825.89398578,94.7,0.0,98.76,BID
762,1712308510.3116224,13397889.191802,94.79,2.1129540997799783e-08,98.76,BID
763,1712308530.3626044,13397889.191802,94.79,0.0,98.76,BID
764,1712308544.3913112,13402889.191802,94.6,-1.6690543165435206e-06,98.76,ASK
765,1712308544.3976383,13404797.65107778,94.41,-6.370644384377081e-07,98.76,ASK
766,1712308544.4033012,13415972.65107778,94.44,-3.730336397474768e-06,98.76,ASK
767,1712308560.3512957,13415972.65107778,94.44,-0.0,98.76,ASK
768,1712308588.5511954,13417295.77723096,94.41,-4.414221268411637e-07,98.76,ASK
769,1712308588.638638,13418960.95217196,94.41,-5.555366449780267e-07,98.76,ASK
770,1712308588.673171,13420402.00097775,94.41,-4.80763551688278e-07,98.76,ASK
771,1712308588.6761725,13425846.52169979,94.41,-1.8164042113292053e-06,98.76,ASK
772,1712308588.714037,13447522.11401305,94.41,-7.231423879329996e-06,98.76,ASK
773,1712308588.719029,13455754.29464879,94.41,-2.746424954294705e-06,98.76,ASK
774,1712308589.6911185,13456354.55900122,94.41,-2.0026054694777424e-07,98.76,ASK
775,1712308590.357336,13456354.55900122,94.41,-0.0,98.76,ASK
776,1712308593.4189494,13459074.58343026,94.41,-9.06303412908823e-07,98.76,ASK
777,1712308593.4243517,13459566.12288589,94.41,-1.6377936957497593e-07,98.76,ASK
778,1712308602.641178,13461988.38480873,94.4,-8.070899011755526e-07,98.76,ASK
779,1712308620.4962015,13461988.38480873,94.4,-0.0,98.76,ASK
780,1712308643.955342,13463028.38480873,94.4,-3.464632645288856e-07,98.76,ASK
781,1712308650.4962018,13463028.38480873,94.4,-0.0,98.76,ASK
782,1712308652.9911876,13490887.37429841,94.4,-9.28057766538342e-06,98.76,ASK
783,1712308653.011439,13497421.81849032,94.4,-2.17679886937757e-06,98.76,ASK
784,1712308653.0212195,13543451.12793421,94.4,-1.5333599279910005e-05,98.76,ASK
785,1712308653.031418,13551514.71950025,94.4,-2.6861989311665134e-06,98.76,ASK
786,1712308653.0365307,13579261.53833833,94.4,-9.24321060853687e-06,98.76,ASK
787,1712308653.0416143,13608647.98506804,94.4,-9.789414698108648e-06,98.76,ASK
788,1712308680.3248792,13608647.98506804,94.4,-0.0,98.76,ASK
789,1712308683.9143565,13609147.98506804,94.38,-1.658041583835001e-07,98.76,ASK
790,1712308696.7337973,13611453.00369936,94.4,7.64363348448748e-07,98.76,BID
791,1712308696.751322,13613788.00705315,94.4,7.743065317954193e-07,98.76,BID
792,1712308701.2812507,13614743.37934897,94.37,3.168093989024371e-07,98.76,BID
793,1712308710.3490844,13614743.37934897,94.37,0.0,98.76,BID
794,1712308722.731645,13616062.77999605,94.36,4.37440765624607e-07,98.76,BID
795,1712308723.1714272,13617604.56034723,94.31,-5.111696577809606e-07,98.76,ASK
796,1712308723.2513793,13619155.52343004,94.31,-5.142141470834144e-07,98.76,ASK
797,1712308735.7020967,13630645.45184865,94.3,-3.80942899757315e-06,98.76,ASK
798,1712308735.708794,13662458.81346052,94.3,-1.0547562858463264e-05,98.76,ASK
799,1712308735.7150126,13665904.09038121,94.31,-1.1422645405773378e-06,98.76,ASK
800,1712308735.717976,13712272.8488641,94.3,-1.5373332775518987e-05,98.76,ASK
801,1712308740.5054288,13712272.8488641,94.3,-0.0,98.76,ASK
802,1712308752.5111015,13720947.05437466,94.3,2.8671472519469147e-06,98.76,BID
803,1712308770.4927938,13720947.05437466,94.3,0.0,98.76,BID
804,1712308780.8012204,13726163.05437466,94.36,1.723615807465937e-06,98.76,BID
805,1712308800.4064713,13726163.05437466,94.36,0.0,98.76,BID
806,1712308809.5814729,13726363.05437466,94.3,-6.612167589502525e-08,98.76,ASK
807,1712308809.5883005,13727902.34200096,94.29,-5.089013876771591e-07,98.76,ASK
808,1712308809.7231708,13728848.38828683,94.25,-3.12770829480411e-07,98.76,ASK
809,1712308809.7261117,13728848.38828684,94.29,-3.079030471622257e-18,98.76,ASK
810,1712308830.335262,13728848.38828684,94.29,-0.0,98.76,ASK
811,1712308860.504299,13728848.38828684,94.29,-0.0,98.76,ASK
1012,1712308860.5515325,13728963.34995852,94.25,-3.8004111098865414e-08,98.76,ASK
812,1712308860.5515325,13728963.34995852,94.25,-3.800411109886541e-08,98.76,ASK
813,1712308860.5581958,13729069.49580291,94.21,-3.508976864962735e-08,98.76,ASK
814,1712308860.5635917,13732109.45465066,94.2,-1.004951755635918e-06,98.76,ASK
815,1712308866.4314184,13742725.16590331,94.2,-3.5093493678609985e-06,98.76,ASK
816,1712308866.438153,13755990.41008037,94.2,-4.385233844380051e-06,98.76,ASK
817,1712308866.591659,13756202.79194295,94.17,-7.020934701920387e-08,98.76,ASK
818,1712308866.7372684,13759055.54369403,94.13,9.430647006170356e-07,98.76,BID
819,1712308872.74133,13762587.66804255,94.13,1.1676521765405334e-06,98.76,BID
820,1712308874.6674688,13763787.66804255,94.12,-3.966968525431449e-07,98.76,ASK
821,1712308874.670786,13763893.91538636,94.12,-3.5123322400504626e-08,98.76,ASK
822,1712308874.674183,13764674.58504708,94.11,-2.5807433106933025e-07,98.76,ASK
823,1712308874.9197035,13767664.16505797,94.11,-9.882974839552874e-07,98.76,ASK
824,1712308878.048488,13768375.81755497,94.1,-2.352585880533538e-07,98.76,ASK
825,1712308878.0518,13779375.81755497,94.1,-3.636387814978828e-06,98.76,ASK
826,1712308878.0549731,13780918.49955905,94.11,-5.099809129115979e-07,98.76,ASK
827,1712308878.0580866,13792467.78899241,94.1,-3.817972306103127e-06,98.76,ASK
828,1712308890.9315767,13792467.78899241,94.1,-0.0,98.76,ASK
829,1712308904.0244367,13793721.12463953,94.1,-4.135098211551506e-07,98.76,ASK
830,1712308904.0277295,13794825.29588254,94.1,-3.642963912111045e-07,98.76,ASK
831,1712308905.2712646,13798882.80108254,94.1,-1.3386823022585815e-06,98.76,ASK
832,1712308906.0013788,13798882.80109554,94.1,-4.288858923609254e-15,98.76,ASK
833,1712308920.3945432,13798882.80109554,94.1,-0.0,98.76,ASK
834,1712308934.6012733,13799574.60024538,94.1,2.281980740161276e-07,98.76,BID
1035,1712308944.736524,13799646.58653218,94.07,-2.3745522102422883e-08,98.76,ASK
835,1712308944.736524,13799646.58653218,94.07,-2.3745522102422886e-08,98.76,ASK
836,1712308944.7419963,13799746.58653218,94.08,-3.29861743930377e-08,98.76,ASK
837,1712308944.7465737,13799799.76603026,94.04,-1.7541881978065094e-08,98.76,ASK
838,1712308944.7496035,13806112.62060006,94.01,-2.082369217573143e-06,98.76,ASK
839,1712308950.352061,13806112.62060006,94.01,-0.0,98.76,ASK
840,1712308956.874308,13808459.91410679,94.01,-7.74108756126279e-07,98.76,ASK
841,1712308957.7507305,13811280.22337063,94.01,-9.301035809381866e-07,98.76,ASK
842,1712308957.753956,13813257.241553,94.01,-6.519964723646622e-07,98.76,ASK
843,1712308960.1715152,13823895.53942534,94.0,-3.508380826533014e-06,98.76,ASK
844,1712308960.1784644,13826023.1989998,94.0,-7.016761653040229e-07,98.76,ASK
845,1712308960.183887,13826702.88973596,94.01,-2.2415371099118802e-07,98.76,ASK
846,1712308960.1891963,13828226.29824447,94.0,-5.024015370103928e-07,98.76,ASK
847,1712308960.1927855,13860786.39720915,94.0,-1.0737923330263986e-05,98.76,ASK
848,1712308980.4860127,13860786.39720915,94.0,-0.0,98.76,ASK
849,1712308991.5518758,13860892.78018787,94.0,-3.5024444779809844e-08,98.76,ASK
850,1712308991.5588648,13877263.19186144,94.0,-5.389627049263781e-06,98.76,ASK
851,1712308991.5637095,13888814.17707498,94.0,-3.802928331549232e-06,98.76,ASK
852,1712308993.7815468,13889878.00686221,94.0,-3.502444478122029e-07,98.76,ASK
853,1712308993.7885585,13914698.28760608,94.0,-8.171575592289579e-06,98.76,ASK
854,1712308994.0612729,13914810.28760608,93.98,-3.687373546580472e-08,98.76,ASK
855,1712308994.066779,13916889.39186044,93.97,-6.845030382245142e-07,98.76,ASK
856,1712308994.0715983,13918692.75640608,93.98,-5.937213143243382e-07,98.76,ASK
857,1712309003.711337,13919598.48064332,94.0,2.981913922230972e-07,98.76,BID
858,1712309004.1511395,13921606.36812789,94.0,6.610563567062601e-07,98.76,BID
859,1712309005.181603,13925598.49815539,94.0,1.3143280944568245e-06,98.76,BID
860,1712309005.201178,13950741.55661621,94.0,8.277843629334716e-06,98.76,BID
861,1712309009.0912108,13951357.89248643,93.98,-2.0291612354129626e-07,98.76,ASK
862,1712309010.5012226,13951357.89248643,93.98,-0.0,98.76,ASK
863,1712309012.831457,13951357.89248644,94.37,3.0576209651365684e-18,98.76,BID
864,1712309012.8387706,13951410.64623194,94.78,1.73195585103122e-08,98.76,BID
865,1712309016.901168,13955245.84667494,94.3,-1.259132936282391e-06,98.76,ASK
866,1712309022.0214517,13955458.16089999,94.2,6.970478794382108e-08,98.76,BID
867,1712309040.3434176,13955458.16089999,94.2,0.0,98.76,BID
868,1712309070.370432,13955458.16089999,94.2,0.0,98.76,BID
869,1712309100.496689,13955458.16089999,94.2,0.0,98.76,BID
870,1712309122.766383,13956508.16089999,94.02,-3.448310143333792e-07,98.76,ASK
871,1712309126.057994,13956521.76438861,94.02,-4.467528361366652e-09,98.76,ASK
872,1712309126.0651467,13967156.66814273,94.03,-3.4926139513060014e-06,98.76,ASK
873,1712309126.0684192,13971411.0820972,94.02,-1.3971941707753134e-06,98.76,ASK
874,1712309127.566033,13983111.96498199,94.01,-3.842692679769483e-06,98.76,ASK
875,1712309127.5711844,13983171.14708199,94.01,-1.9436022450791603e-08,98.76,ASK
876,1712309127.5744376,13992718.9401152,94.0,-3.1355953869401613e-06,98.76,ASK
877,1712309127.661305,13999624.68186451,94.0,-2.26791803060818e-06,98.76,ASK
878,1712309129.653176,14003247.56808246,94.0,-1.1897938374762746e-06,98.76,ASK
879,1712309130.501094,14003247.56808246,94.0,-0.0,98.76,ASK
880,1712309131.8313477,14003575.6639792,94.02,1.0759138680207829e-07,98.76,BID
881,1712309137.677379,14003895.15279709,93.9,-1.0476889630703353e-07,98.76,ASK
882,1712309137.693984,14003948.99075018,93.8,-1.7654899354551116e-08,98.76,ASK
883,1712309137.6995034,14004060.99075018,93.82,-3.672778428963858e-08,98.76,ASK
884,1712309137.7038715,14004139.02863348,93.97,-2.5590701288166642e-08,98.76,ASK
885,1712309137.7070508,14004590.32249898,94.0,-1.4799128342251633e-07,98.76,ASK
886,1712309137.710227,14015590.32249898,93.9,-3.607193099875218e-06,98.76,ASK
887,1712309137.7134116,14015644.67634186,93.94,-1.7824073362163602e-08,98.76,ASK
888,1712309137.7166443,14022395.86411326,93.9,-2.2138943586325097e-06,98.76,ASK
889,1712309137.7198665,14034895.86411326,93.82,-4.09908306804002e-06,98.76,ASK
890,1712309137.7230852,14034949.22590622,93.7,-1.7498753759969006e-08,98.76,ASK
891,1712309137.726293,14035002.53081028,93.8,-1.748009837421122e-08,98.76,ASK
892,1712309137.7295167,14043295.83346524,93.7,-2.719594919286599e-06,98.76,ASK
893,1712309137.7327793,14054295.83346524,93.8,-3.607193099875218e-06,98.76,ASK
894,1712309137.7361748,14086640.55064773,93.7,-1.0606694603462738e-05,98.76,ASK
895,1712309137.7745657,14092590.31794773,93.7,1.951087231856791e-06,98.76,BID
896,1712309137.7826617,14101320.95484773,93.7,2.863008471199723e-06,98.76,BID
897,1712309137.7877142,14133295.81749184,93.7,1.048540944539009e-05,98.76,BID
898,1712309139.001202,14135430.28921009,93.7,6.999501503590575e-07,98.76,BID
899,1712309139.1031926,14138742.45981467,93.7,1.086148995495222e-06,98.76,BID
900,1712309144.1813731,14172095.36018289,93.7,1.0937304733552073e-05,98.76,BID
901,1712309144.2013755,14177031.86537924,93.7,1.618811589251889e-06,98.76,BID
902,1712309144.285237,14178058.77372014,93.7,3.3675060740874255e-07,98.76,BID
903,1712309145.661264,14180930.84026128,93.7,9.41827146325994e-07,98.76,BID
904,1712309146.4312897,14182528.65480811,93.7,5.239659643820127e-07,98.76,BID
905,1712309149.143757,14215047.73266712,93.7,1.066387211521162e-05,98.76,BID
906,1712309149.1473053,14217592.14983197,93.7,8.343821854770729e-07,98.76,BID
907,1712309151.0878322,14223035.72008207,93.7,1.7850917313501582e-06,98.76,BID
908,1712309151.4124894,14230790.644576,93.7,2.543046374959577e-06,98.76,BID
909,1712309151.7713308,14234741.8390928,93.7,1.2957019633879089e-06,98.76,BID
910,1712309152.9512515,14263391.8659798,93.7,9.395107208911312e-06,98.76,BID
911,1712309152.981002,14273575.6639792,93.7,3.339538715814641e-06,98.76,BID
912,1712309157.3188343,14273718.59603542,93.69,-4.6871229722605144e-08,98.76,ASK
1112,1712309157.3188343,14273718.59603542,93.69,-4.687122972260514e-08,98.76,ASK
913,1712309157.33058,14276777.71329076,93.69,-1.003166059560863e-06,98.76,ASK
914,1712309160.336142,14276777.71329076,93.69,-0.0,98.76,ASK
915,1712309165.5844193,14287223.73286886,94.02,3.396970469010488e-06,98.76,BID
916,1712309170.2019649,14298398.73286886,93.9,-3.634029661477963e-06,98.76,ASK
917,1712309170.207895,14315628.82486886,93.9,-5.603102049037567e-06,98.76,ASK
918,1712309170.291458,14322780.24774541,93.9,2.3255913069489342e-06,98.76,BID
919,1712309170.309847,14331002.40545896,93.9,2.67378657829033e-06,98.76,BID
920,1712309170.342157,14332998.60860816,93.9,6.491509131567474e-07,98.76,BID
921,1712309171.0627832,14334062.21209677,93.9,3.458762081125058e-07,98.76,BID
922,1712309171.3288922,14365711.45440764,93.9,1.0292106068993872e-05,98.76,BID
923,1712309171.4619634,14368872.57999267,93.9,1.0279753145108436e-06,98.76,BID
924,1712309179.9321492,14383578.77262903,93.89,4.782348120620955e-06,98.76,BID
925,1712309181.7624788,14390731.27402903,93.89,-2.3259420350211e-06,98.76,ASK
926,1712309181.7684293,14413263.71919427,93.89,-7.327389179070427e-06,98.76,ASK
927,1712309182.8619883,14485107.76870527,93.89,2.336316840480183e-05,98.76,BID
928,1712309182.9419916,14485107.76870536,93.89,2.968022177490415e-17,98.76,BID
929,1712309182.9518702,14500346.50373836,93.89,4.955527079492167e-06,98.76,BID
930,1712309186.9820108,14505346.50373836,93.88,-1.625964054352556e-06,98.76,ASK
931,1712309187.3855462,14510351.60277419,93.88,-1.6276222241466176e-06,98.76,ASK
932,1712309187.429562,14515933.33703836,93.88,-1.8151398548979315e-06,98.76,ASK
933,1712309189.1574576,14521350.60936771,93.84,-1.7616580160320663e-06,98.76,ASK
934,1712309189.4725704,14525139.72759018,93.83,-1.23219400548552e-06,98.76,ASK
935,1712309189.4785378,14525631.01226083,93.84,-1.5976224298657874e-07,98.76,ASK
936,1712309190.3258867,14525631.01226083,93.84,-0.0,98.76,ASK
937,1712309190.85207,14526270.46659314,93.83,-2.0637777716357226e-07,98.76,ASK
938,1712309192.4220972,14529087.46823836,93.83,-9.0916037069533e-07,98.76,ASK
939,1712309192.4819295,14534313.25017335,93.82,-1.686571198584146e-06,98.76,ASK
940,1712309198.9621322,14535744.40444735,93.89,4.618913703797122e-07,98.76,BID
941,1712309198.9819016,14535744.40444784,93.89,1.581026941711791e-16,98.76,BID
942,1712309203.0620508,14536026.89032354,93.83,-9.116961784641705e-08,98.76,ASK
943,1712309216.061947,14539234.73359581,93.82,-1.035300772188152e-06,98.76,ASK
944,1712309216.0720303,14549165.70343047,93.83,-3.2051256454067014e-06,98.76,ASK
945,1712309216.0778615,14565074.50596005,93.82,-5.1344140425550194e-06,98.76,ASK
946,1712309220.5242896,14565074.50596005,93.82,-0.0,98.76,ASK
947,1712309222.5919163,14568403.76864313,94.02,1.0732058835150534e-06,98.76,BID
948,1712309234.76383,14577823.16295637,94.02,3.0363928468282423e-06,98.76,BID
949,1712309242.507254,14585981.55266068,94.02,2.6299011715627244e-06,98.76,BID
950,1712309250.515019,14585981.55266068,94.02,0.0,98.76,BID
951,1712309254.9920888,14589172.36312653,94.02,1.027923718755095e-06,98.76,BID
952,1712309255.90935,14591075.77610474,93.93,-6.131869529168733e-07,98.76,ASK
953,1712309255.9218905,14593558.57520414,93.93,-7.998369412693966e-07,98.76,ASK
954,1712309256.0434446,14596203.3144563,93.93,-8.520061709447209e-07,98.76,ASK
955,1712309256.2819264,14598908.82851425,93.93,-8.715848532390102e-07,98.76,ASK
956,1712309257.2421134,14600883.21163073,93.93,-6.360500747570275e-07,98.76,ASK
957,1712309257.2499626,14600989.70790335,93.9,-3.430791197300268e-08,98.76,ASK
958,1712309277.4421785,14611648.41606792,93.82,-3.433716621815244e-06,98.76,ASK
959,1712309277.449152,14611648.41606793,93.9,-3.0002677203965752e-18,98.76,ASK
960,1712309277.582355,14629919.32192793,93.82,5.8859959554608265e-06,98.76,BID
961,1712309277.5899265,14629919.3219282,93.82,8.700776389150067e-17,98.76,BID
962,1712309280.2952828,14629919.3219282,93.82,0.0,98.76,BID
963,1712309286.2724876,14630451.1236725,94.02,1.710933037283838e-07,98.76,BID
964,1712309310.318676,14630451.1236725,94.02,0.0,98.76,BID
965,1712309313.1119735,14683631.29810347,94.02,1.7109055153569163e-05,98.76,BID
966,1712309325.3743997,14736811.47253444,94.02,1.7109055153569163e-05,98.76,BID
967,1712309327.2423751,14742770.94987427,94.02,1.9172751421857536e-06,98.76,BID
968,1712309340.497399,14742770.94987427,94.02,0.0,98.76,BID
969,1712309365.6121044,14772057.99499107,94.02,9.390286276068275e-06,98.76,BID
970,1712309365.6201596,14803454.06943476,94.02,1.0066502980933982e-05,98.76,BID
971,1712309370.5180216,14803454.06943476,94.02,0.0,98.76,BID
972,1712309400.456251,14803454.06943476,94.02,0.0,98.76,BID
973,1712309428.3193228,14803517.62875679,94.4,2.0344441920285387e-08,98.76,BID
974,1712309430.3622818,14803517.62875679,94.4,0.0,98.76,BID
975,1712309431.3621547,14803581.14770661,94.16,2.0331480298869444e-08,98.76,BID
976,1712309436.121912,14803644.6397701,94.26,2.0322874380934108e-08,98.76,BID
977,1712309441.3319712,14803708.15871992,94.26,2.0331480298869444e-08,98.76,BID
978,1712309443.1770227,14803708.29349385,94.26,4.313915014723349e-11,98.76,BID
979,1712309443.1848962,14803771.67766974,94.29,2.0288341148722213e-08,98.76,BID
980,1712309460.4855404,14803771.67766974,94.29,0.0,98.76,BID
981,1712309487.56213,14803824.756226,94.2,1.6989533891628407e-08,98.76,BID
982,1712309490.520013,14803824.756226,94.2,0.0,98.76,BID
983,1712309520.3757474,14803824.756226,94.2,0.0,98.76,BID
984,1712309550.341818,14803824.756226,94.2,0.0,98.76,BID
985,1712309569.153683,14827968.096283,94.2,7.727855966582747e-06,98.76,BID
1186,1712309569.240409,14827968.09628311,94.2,3.517578555293107e-17,98.76,BID
986,1712309569.240409,14827968.09628311,94.2,3.5175785552931067e-17,98.76,BID
987,1712309570.1918836,14830785.10618952,94.29,9.016750276379298e-07,98.76,BID
988,1712309570.2030516,14837148.45331011,94.29,2.036794821975507e-06,98.76,BID
989,1712309570.3019462,14837148.45331033,94.29,7.035157110586215e-17,98.76,BID
990,1712309580.3787854,14837148.45331033,94.29,0.0,98.76,BID
991,1712309610.3620524,14837148.45331033,94.29,0.0,98.76,BID
992,1712309615.758753,14844106.72635933,94.3,2.2249839043912995e-06,98.76,BID
993,1712309615.8820186,14853950.88998974,94.3,3.147778978434936e-06,98.76,BID
994,1712309617.5121944,14855638.0843757,94.4,5.394988563837781e-07,98.76,BID
995,1712309617.520434,14855701.64369774,94.4,2.0323788319072744e-08,98.76,BID
996,1712309640.5106924,14855701.64369774,94.4,0.0,98.76,BID
997,1712309643.982007,14856252.57590112,94.4,1.760680872452349e-07,98.76,BID
998,1712309656.9365375,14856362.57590112,94.28,3.5154034340598456e-08,98.76,BID
999,1712309662.902158,14866938.50676544,94.28,-3.379878516255204e-06,98.76,ASK
1000,1712309662.9101648,14885593.48441801,94.28,-5.961797500195915e-06,98.76,ASK
1201,1712309670.5078888,14885593.48441801,94.28,-0.0,98.76,ASK
1202,1712309700.3586538,14885593.48441801,94.28,-0.0,98.76,ASK
1203,1712309730.3521354,14885593.48441801,94.28,-0.0,98.76,ASK
1204,1712309760.5005603,14885593.48441801,94.28,-0.0,98.76,ASK
1205,1712309779.2621882,14889381.98581085,94.19,1.211909294134172e-06,98.76,BID
1206,1712309779.264883,14892325.57349542,94.23,9.416286027429418e-07,98.76,BID
1207,1712309790.506025,14892325.57349542,94.23,0.0,98.76,BID
1208,1712309806.6919267,14894305.32495839,94.1,6.331771546907672e-07,98.76,BID
1209,1712309811.2920642,14904314.28434692,94.1,3.2011313266250392e-06,98.76,BID
1210,1712309820.3456168,14904314.28434692,94.1,0.0,98.76,BID
1211,1712309849.3424006,14904824.37998986,94.09,1.6308330699801837e-07,98.76,BID
1212,1712309850.358215,14904824.37998986,94.09,0.0,98.76,BID
1213,1712309880.492077,14904824.37998986,94.09,0.0,98.76,BID
1214,1712309891.5020933,14906730.27801802,94.1,-6.093276588914255e-07,98.76,ASK
1215,1712309910.5018888,14906730.27801802,94.1,-0.0,98.76,ASK
1216,1712309919.6139605,14909193.57768502,94.1,-7.874873369672466e-07,98.76,ASK
1217,1712309929.7453506,14914941.27690802,94.1,-1.837470452922583e-06,98.76,ASK
1218,1712309940.3557367,14914941.27690802,94.1,-0.0,98.76,ASK
1219,1712309970.352149,14914941.27690802,94.1,-0.0,98.76,ASK
1220,1712309971.3320618,14970765.78691902,94.1,1.784201866751478e-05,98.76,BID
1221,1712309971.372131,14994431.41084157,94.1,7.563747603360988e-06,98.76,BID
1222,1712309971.3748047,15020135.65868957,94.1,8.215310261533443e-06,98.76,BID
1223,1712309980.0629628,15023408.17161405,94.2,1.0459247501997043e-06,98.76,BID
1224,1712309980.0702238,15033663.53003882,94.17,3.277705373871434e-06,98.76,BID
1225,1712310000.3920145,15033663.53003882,94.17,0.0,98.76,BID
1226,1712310030.3473372,15033663.53003882,94.17,0.0,98.76,BID
1227,1712310036.4922135,15035651.73913392,94.27,6.341068197084054e-07,98.76,BID
1228,1712310040.252176,15037948.31423882,94.27,7.324551223402622e-07,98.76,BID
1229,1712310040.2550356,15044235.76933792,94.27,2.005281117954772e-06,98.76,BID
1230,1712310060.4919045,15044235.76933792,94.27,0.0,98.76,BID
1231,1712310084.0949802,15044299.25468338,94.35,2.024118016426399e-08,98.76,BID
1232,1712310090.4820275,15044299.25468338,94.35,0.0,98.76,BID
1233,1712310120.331017,15044299.25468338,94.35,0.0,98.76,BID
1234,1712310140.4655592,15046969.83088215,94.12,-8.514643869138419e-07,98.76,ASK
1235,1712310141.6830013,15054923.98906415,94.12,-2.5360378868675137e-06,98.76,ASK
1236,1712310141.7052,15054923.98906502,94.12,-2.773374513798739e-16,98.76,ASK
1237,1712310141.7618406,15055081.98906502,94.05,-5.037541081743648e-08,98.76,ASK
1238,1712310150.33835,15055081.98906502,94.05,-0.0,98.76,ASK
1239,1712310150.5481057,15055801.19076805,93.95,-2.292301398270773e-07,98.76,ASK
1240,1712310150.5494635,15055907.17910933,93.95,-3.378151384948273e-08,98.76,ASK
1241,1712310150.5507326,15058261.6393035,93.91,-7.504337618399804e-07,98.76,ASK
1242,1712310164.1621628,15059164.6393035,93.92,-2.878119106108946e-07,98.76,ASK
1243,1712310164.164461,15062537.1132873,93.92,-1.0749038546655865e-06,98.76,ASK
1244,1712310180.4776716,15062537.1132873,93.92,-0.0,98.76,ASK
1245,1712310210.4858737,15062537.1132873,93.92,-0.0,98.76,ASK
1246,1712310240.345821,15062537.1132873,93.92,-0.0,98.76,ASK
1247,1712310270.3432295,15062537.1132873,93.92,-0.0,98.76,ASK
1248,1712310279.4620075,15067859.65959345,93.94,-1.6960691322599167e-06,98.76,ASK
1249,1712310279.5820334,15070209.8027611,93.94,7.488906725785662e-07,98.76,BID
1250,1712310285.122199,15073371.3494731,93.94,1.0074504720090546e-06,98.76,BID
1251,1712310285.125274,15073371.34947364,93.94,1.7212827854800434e-16,98.76,BID
1252,1712310297.5122635,15074950.5598695,93.95,-5.032271870827107e-07,98.76,ASK
1253,1712310297.514446,15077731.52238058,93.95,-8.861744739662987e-07,98.76,ASK
1254,1712310300.382158,15077731.52238058,93.95,-0.0,98.76,ASK
1255,1712310303.5921388,15080784.83665089,94.1,9.745602257558708e-07,98.76,BID
1256,1712310303.5945156,15085600.43129258,94.1,1.5370468237711314e-06,98.76,BID
1257,1712310303.6166046,15091600.75358039,94.1,1.915189504165032e-06,98.76,BID
1258,1712310330.332109,15091600.75358039,94.1,0.0,98.76,BID
1259,1712310360.4823024,15091600.75358039,94.1,0.0,98.76,BID
1260,1712310390.481978,15091600.75358039,94.1,0.0,98.76,BID
1261,1712310420.3330567,15091600.75358039,94.1,0.0,98.76,BID
1262,1712310434.168226,15091670.30118039,93.95,-2.218903678814557e-08,98.76,ASK
1263,1712310434.1706576,15109495.92657039,93.95,-5.687233744142822e-06,98.76,ASK
1264,1712310434.3021193,15120519.30921048,93.93,-3.516990419898049e-06,98.76,ASK
1265,1712310434.3044848,15120519.30921049,93.95,-3.565641523695557e-18,98.76,ASK
1266,1712310434.3225293,15121584.27193679,93.9,-3.397744438553373e-07,98.76,ASK
1267,1712310434.3256123,15135112.57332124,93.9,-4.316180243401172e-06,98.76,ASK
1268,1712310434.3287103,15145759.93277609,93.92,-3.397020898442861e-06,98.76,ASK
1269,1712310434.3314595,15150705.88900537,93.93,-1.577998445990029e-06,98.76,ASK
1270,1712310434.3338437,15151645.71394421,93.91,-2.998494576663044e-07,98.76,ASK
1271,1712310450.3446877,15151645.71394421,93.91,-0.0,98.76,ASK
1272,1712310480.474806,15151645.71394421,93.91,-0.0,98.76,ASK
1273,1712310481.7722192,15152017.03309314,94.0,1.1825592052126217e-07,98.76,BID
1274,1712310510.496971,15152017.03309314,94.0,0.0,98.76,BID
1275,1712310540.3322926,15152017.03309314,94.0,0.0,98.76,BID
1276,1712310554.315602,15152080.57222265,94.3,2.0235408670077173e-08,98.76,BID
1277,1712310568.0621035,15157153.57222265,94.27,1.6156064613114075e-06,98.76,BID
1278,1712310568.0646515,15157667.38645074,94.3,1.6363524281789316e-07,98.76,BID
1279,1712310570.3468788,15157667.38645074,94.3,0.0,98.76,BID
1280,1712310599.9049704,15168208.64265256,94.0,3.356521392563003e-06,98.76,BID
1281,1712310600.3721046,15168208.64265256,94.0,0.0,98.76,BID
1282,1712310630.343668,15168208.64265256,94.0,0.0,98.76,BID
1283,1712310660.494383,15168208.64265256,94.0,0.0,98.76,BID
1284,1712310670.3327675,15169548.80357677,94.0,-4.278333154344705e-07,98.76,ASK
1285,1712310680.502191,15170268.43236205,94.1,2.297344770519232e-07,98.76,BID
1286,1712310690.4744885,15170268.43236205,94.1,0.0,98.76,BID
1287,1712310699.4119616,15174247.42037401,94.0,-1.2701746079028082e-06,98.76,ASK
1288,1712310699.4921348,15178552.10538213,94.0,1.3741437712048833e-06,98.76,BID
1289,1712310720.356006,15178552.10538213,94.0,0.0,98.76,BID
1290,1712310750.3388114,15178552.10538213,94.0,0.0,98.76,BID
1291,1712310780.482075,15178552.10538213,94.0,0.0,98.76,BID
1292,1712310810.4940398,15178552.10538213,94.0,0.0,98.76,BID
1293,1712310840.372145,15178552.10538213,94.0,0.0,98.76,BID
1294,1712310849.852013,15181772.66011451,93.84,-1.027811665785013e-06,98.76,ASK
1295,1712310849.872362,15184513.27510125,93.84,-8.746431248242235e-07,98.76,ASK
1296,1712310849.932376,15187743.35588319,93.84,-1.030851820565836e-06,98.76,ASK
1297,1712310870.331452,15187743.35588319,93.84,-0.0,98.76,ASK
1298,1712310881.5124133,15189692.93709942,93.84,-6.220204486705582e-07,98.76,ASK
1299,1712310881.5158117,15191158.39103743,93.84,-4.6755801114599923e-07,98.76,ASK
1300,1712310881.5279174,15191328.01708527,93.84,-5.4119761466918135e-08,98.76,ASK
1301,1712310881.532036,15195903.88200489,93.84,-1.4599451034228266e-06,98.76,ASK
1302,1712310881.57209,15197849.27184686,93.84,-6.206831766064503e-07,98.76,ASK
1303,1712310882.4519882,15202091.01793777,93.84,-1.3533433665909952e-06,98.76,ASK
1304,1712310882.5737598,15214939.57466364,93.84,4.099375267296385e-06,98.76,BID
1305,1712310882.6172423,15218121.9754808,93.84,1.015355691602282e-06,98.76,BID
1306,1712310882.692072,15223091.9079808,93.84,1.5856736912408575e-06,98.76,BID
1307,1712310882.7120469,15230384.7436808,93.84,2.3268037753095327e-06,98.76,BID
1308,1712310882.732155,15232901.10010199,93.84,8.028519853878528e-07,98.76,BID
1309,1712310884.3021584,15234145.17142542,93.84,-3.969251428647643e-07,98.76,ASK
1310,1712310884.3620408,15235402.01368768,93.84,-4.009997538806968e-07,98.76,ASK
1311,1712310900.503378,15235402.01368768,93.84,-0.0,98.76,ASK
1312,1712310930.492344,15235402.01368768,93.84,-0.0,98.76,ASK
1313,1712310960.3374033,15235402.01368768,93.84,-0.0,98.76,ASK
1314,1712310976.4524922,15235465.95230661,93.84,-2.0407785720677122e-08,98.76,ASK
1315,1712310978.2421482,15235529.65333644,94.13,2.033195256176354e-08,98.76,BID
1316,1712310990.334964,15235529.65333644,94.13,0.0,98.76,BID
1317,1712311020.4773312,15235529.65333644,94.13,0.0,98.76,BID
1318,1712311048.762025,15235593.39493644,93.93,-2.0344823760026187e-08,98.76,ASK
1319,1712311050.4877627,15235593.39493644,93.93,-0.0,98.76,ASK
1320,1712311071.3725317,15240197.73853306,93.93,1.4695956799211926e-06,98.76,BID
1321,1712311071.3760514,15244621.14480196,93.93,1.4118448388791236e-06,98.76,BID
1322,1712311080.3361475,15244621.14480196,93.93,0.0,98.76,BID
1323,1712311091.865779,15248882.00714638,94.1,1.3595967496418865e-06,98.76,BID
1324,1712311110.3622854,15248882.00714638,94.1,0.0,98.76,BID
1325,1712311126.352094,15248883.09296384,93.84,-3.464287091473776e-10,98.76,ASK
1326,1712311126.5121095,15249648.51981628,93.84,2.442084845865311e-07,98.76,BID
1327,1712311140.4956298,15249648.51981628,93.84,0.0,98.76,BID
1328,1712311147.2422557,15249648.51981629,93.84,3.565565872902115e-18,98.76,BID
1329,1712311170.4823394,15249648.51981629,93.84,0.0,98.76,BID
1330,1712311200.4336452,15249648.51981629,93.84,0.0,98.76,BID
1331,1712311225.5855854,15249701.67105446,94.09,1.6971333877817904e-08,98.76,BID
1332,1712311230.3461387,15249701.67105446,94.09,0.0,98.76,BID
1333,1712311232.832312,15249901.67105446,94.09,6.386043810813984e-08,98.76,BID
1334,1712311251.7021463,15250114.79978422,93.87,-6.805247027973123e-08,98.76,ASK
1335,1712311260.3820972,15250114.79978422,93.87,-0.0,98.76,ASK
1336,1712311267.9521692,15250212.68268607,93.92,3.1253837532052345e-08,98.76,BID
1337,1712311268.0922318,15252145.1030686,94.01,-6.170184121863715e-07,98.76,ASK
1338,1712311290.3223162,15252145.1030686,94.01,-0.0,98.76,ASK
1339,1712311297.1222632,15257003.47298048,94.01,1.5511743941593173e-06,98.76,BID
1340,1712311297.972149,15257737.32330137,94.01,2.343028315164585e-07,98.76,BID
1341,1712311298.112183,15258361.35397786,94.01,1.9923974997795498e-07,98.76,BID
1342,1712311298.2566447,15260862.17243184,94.01,7.984582525851542e-07,98.76,BID
1343,1712311298.4921012,15262431.32885499,94.01,5.009983406302361e-07,98.76,BID
1344,1712311298.532313,15262782.26932751,94.01,1.1204784417862337e-07,98.76,BID
1345,1712311298.5385506,15264351.42574999,94.01,5.00998340416143e-07,98.76,BID
1346,1712311298.5520391,15266126.0124977,94.01,5.665878830125417e-07,98.76,BID
1347,1712311320.4821792,15266126.0124977,94.01,0.0,98.76,BID
1348,1712311330.6521115,15266326.0124977,93.85,-6.382896965614412e-08,98.76,ASK
1349,1712311330.7922182,15276134.9718857,93.85,3.1304788556747e-06,98.76,BID
1350,1712311330.8121805,15276134.97188623,93.85,1.6941927701235822e-16,98.76,BID
1351,1712311334.0221207,15278079.69407064,93.94,-6.206480664911883e-07,98.76,ASK
1352,1712311337.602404,15278079.69407065,93.94,-3.566721621312804e-18,98.76,ASK
1353,1712311347.642338,15278291.69407065,93.94,6.765870783551279e-08,98.76,BID
1354,1712311350.5060675,15278291.69407065,93.94,0.0,98.76,BID
1355,1712311380.34385,15278291.69407065,93.94,0.0,98.76,BID
1356,1712311410.3756902,15278291.69407065,93.94,0.0,98.76,BID
1357,1712311413.4923704,15278292.59592289,93.94,2.8771663897800144e-10,98.76,BID
1358,1712311436.184449,15280322.47263667,94.09,6.475886851774533e-07,98.76,BID
1359,1712311440.5454564,15280322.47263667,94.09,0.0,98.76,BID
1360,1712311450.8422177,15283873.27031693,93.95,-1.1327368910009257e-06,98.76,ASK
1361,1712311453.9232223,15290966.43218893,93.95,-2.262783422136659e-06,98.76,ASK
1362,1712311454.0034344,15291509.19970011,93.94,-1.7314779340084664e-07,98.76,ASK
1363,1712311454.005121,15291509.1997008,93.95,-2.204485023510894e-16,98.76,ASK
1364,1712311454.006773,15292360.80710978,93.94,-2.71670541569818e-07,98.76,ASK
1365,1712311460.4741657,15292435.39421686,93.85,-2.3793968395106053e-08,98.76,ASK
1366,1712311460.4760134,15293750.03962637,93.85,-4.1938389286859547e-07,98.76,ASK
1367,1712311470.5034406,15293750.03962637,93.85,-0.0,98.76,ASK
1368,1712311500.3441408,15293750.03962637,93.85,-0.0,98.76,ASK
1369,1712311500.900844,15293750.03962638,93.85,-3.573709579695207e-18,98.76,ASK
1370,1712311500.909907,15294056.60399037,93.84,-9.803012352589837e-08,98.76,ASK
1371,1712311501.094203,15294416.25486637,93.85,-1.1500560385316457e-07,98.76,ASK
1372,1712311501.5540907,15294416.2548664,93.85,-9.529892212520553e-18,98.76,ASK
1373,1712311501.6946113,15294416.25486728,93.84,-2.811318202693563e-16,98.76,ASK
1374,1712311501.6966472,15295416.25486728,93.82,-3.1977012021235044e-07,98.76,ASK
1375,1712311501.7020335,15295542.39876538,93.83,-4.033704945938304e-08,98.76,ASK
1376,1712311501.7050092,15296608.26958183,93.82,-3.408336391072336e-07,98.76,ASK
1377,1712311501.7080195,15296672.16054125,93.83,-2.043041977399519e-08,98.76,ASK
1378,1712311501.7098603,15296778.74762147,93.82,-3.4083363454956273e-08,98.76,ASK
1379,1712311501.7116144,15296978.74762147,93.83,-6.39540240424701e-08,98.76,ASK
1380,1712311501.7136445,15308394.14140456,93.78,-3.6503018422902106e-06,98.76,ASK
1381,1712311501.718104,15308713.90265091,93.78,-1.022500921844826e-07,98.76,ASK
1382,1712311501.8342,15311212.29879477,93.78,-7.989124352605416e-07,98.76,ASK
1383,1712311501.893989,15318625.01771832,93.78,-2.37036602128398e-06,98.76,ASK
1384,1712311503.3861122,15323954.54875103,93.77,-1.7042247790049388e-06,98.76,ASK
1385,1712311503.3891597,15352984.78961887,93.77,-9.283003612102724e-06,98.76,ASK
1386,1712311510.7145004,15354880.21794087,93.77,-6.061013423799709e-07,98.76,ASK
1387,1712311516.3547828,15354880.21794159,93.77,-2.2990864962705833e-16,98.76,ASK
1388,1712311516.358665,15372156.45514187,93.76,-5.524424446350825e-06,98.76,ASK
1389,1712311516.3946092,15372156.45514295,93.76,-3.4545859270387006e-16,98.76,ASK
1390,1712311516.53855,15372263.12180961,93.75,-3.41088128200697e-08,98.76,ASK
1391,1712311516.540539,15372326.99240961,93.74,-2.042390944004257e-08,98.76,ASK
1392,1712311530.3246584,15372326.99240961,93.74,-0.0,98.76,ASK
1393,1712311536.8646932,15376473.64327735,93.7,-1.322858137723997e-06,98.76,ASK
1394,1712311560.4865143,15376473.64327735,93.7,-0.0,98.76,ASK
1395,1712311590.4900992,15376473.64327735,93.7,-0.0,98.76,ASK
1396,1712311620.323602,15376473.64327735,93.7,-0.0,98.76,ASK
1397,1712311650.358034,15376473.64327735,93.7,-0.0,98.76,ASK
1398,1712311671.8268197,15379496.1918565,94.08,9.641292609999023e-07,98.76,BID
1399,1712311673.9468465,15381737.38716067,93.73,-7.148940424886496e-07,98.76,ASK
1400,1712311680.4930923,15381737.38716067,93.73,-0.0,98.76,ASK
1401,1712311696.8271222,15383444.41799391,93.73,-5.44420978174348e-07,98.76,ASK
1402,1712311710.4871762,15383444.41799391,93.73,-0.0,98.76,ASK
1403,1712311740.3598478,15383444.41799391,93.73,-0.0,98.76,ASK
1404,1712311770.3383343,15383444.41799391,93.73,-0.0,98.76,ASK
1405,1712311799.488299,15383544.41799391,93.75,-3.1891234063413544e-08,98.76,ASK
1406,1712311799.4907231,15395469.04255079,93.74,-3.802909928617438e-06,98.76,ASK
1407,1712311800.4084952,15395469.04255079,93.74,-0.0,98.76,ASK
1408,1712311830.3501897,15395469.04255079,93.74,-0.0,98.76,ASK
1409,1712311837.8839068,15395575.72059644,94.09,3.4034371563796235e-08,98.76,BID
1410,1712311860.5289786,15395575.72059644,94.09,0.0,98.76,BID
1411,1712311890.4993172,15395575.72059644,94.09,0.0,98.76,BID
1412,1712311920.3797996,15395575.72059644,94.09,0.0,98.76,BID
1413,1712311950.3646605,15395575.72059644,94.09,0.0,98.76,BID
1414,1712311955.7800024,15407500.34515332,94.08,3.804398560299809e-06,98.76,BID
1415,1712311956.0199313,15418021.78911832,94.09,3.3567317848696666e-06,98.76,BID
1416,1712311973.720842,15418021.78911852,94.09,6.417932950010193e-17,98.76,BID
1417,1712311980.532907,15418021.78911852,94.09,0.0,98.76,BID
1418,1712312010.511577,15418021.78911852,94.09,0.0,98.76,BID
1419,1712312040.353552,15418021.78911852,94.09,0.0,98.76,BID
1420,1712312070.3508267,15418021.78911852,94.09,0.0,98.76,BID
1421,1712312100.3653958,15418021.78911852,94.09,0.0,98.76,BID
1422,1712312130.3732045,15418021.78911852,94.09,0.0,98.76,BID
1423,1712312136.2113364,15418498.16115652,94.1,-1.5191405989736525e-07,98.76,ASK
1424,1712312136.291609,15418553.13874657,94.1,-1.7532240017755827e-08,98.76,ASK
1425,1712312136.303198,15471747.95222322,94.09,-1.696371624719988e-05,98.76,ASK
1426,1712312136.3074758,15471854.23344292,94.09,-3.3892861644544913e-08,98.76,ASK
1427,1712312160.5113437,15471854.23344292,94.09,-0.0,98.76,ASK
1428,1712312177.7217748,15472860.5189131,94.0,-3.2038485829108373e-07,98.76,ASK
1429,1712312177.7259777,15492883.03610892,94.01,-6.374842452276493e-06,98.76,ASK
1430,1712312177.7300303,15492883.03611009,94.0,-3.7242647824753614e-16,98.76,ASK
1431,1712312190.5016892,15492883.03611009,94.0,-0.0,98.76,ASK
1432,1712312220.3547509,15492883.03611009,94.0,-0.0,98.76,ASK
1433,1712312225.8024323,15503057.95611032,94.05,3.237490618063076e-06,98.76,BID
1434,1712312225.8067286,15513410.75097606,94.05,3.294087447155544e-06,98.76,BID
1435,1712312226.2020922,15516355.60007706,93.96,9.370020929779176e-07,98.76,BID
1436,1712312226.221785,15516355.60007729,93.96,7.349018254833874e-17,98.76,BID
1437,1712312226.2818532,15517992.01740967,93.97,5.206808270427723e-07,98.76,BID
1438,1712312241.323917,15520521.99946132,93.97,-8.049982855787249e-07,98.76,ASK
1439,1712312241.3283038,15520521.99946154,93.97,-6.993420597341912e-17,98.76,ASK
1440,1712312241.363241,15529172.23679504,93.97,-2.7523619065896626e-06,98.76,ASK
1441,1712312241.365673,15537779.21367673,93.97,-2.7385971490420552e-06,98.76,ASK
1442,1712312243.162134,15537832.24655053,94.29,1.6874179981035466e-08,98.76,BID
1443,1712312250.357057,15537832.24655053,94.29,0.0,98.76,BID
1444,1712312250.8457885,15552045.07706978,94.29,4.516214718721088e-06,98.76,BID
1445,1712312250.8507235,15577101.5507961,94.29,7.961849350753622e-06,98.76,BID
1446,1712312250.8526766,15581746.03442762,94.29,1.475813372228641e-06,98.76,BID
1447,1712312280.4938896,15581746.03442762,94.29,0.0,98.76,BID
1448,1712312310.5042992,15581746.03442762,94.29,0.0,98.76,BID
1449,1712312340.3558414,15581746.03442762,94.29,0.0,98.76,BID
1450,1712312370.365825,15581746.03442762,94.29,0.0,98.76,BID
1451,1712312400.389332,15581746.03442762,94.29,0.0,98.76,BID
1452,1712312418.3328297,15584129.022892,93.75,-7.568001492613951e-07,98.76,ASK
1453,1712312419.3530924,15592599.64525051,93.75,-2.690138186181368e-06,98.76,ASK
1454,1712312421.3230562,15596701.10010586,93.75,-1.3025584022392367e-06,98.76,ASK
1455,1712312425.5831454,15598852.81967237,93.75,-6.833527368870738e-07,98.76,ASK
1456,1712312430.3666534,15598852.81967237,93.75,-0.0,98.76,ASK
1457,1712312436.1795194,15603026.90594287,93.75,-1.3249501759650412e-06,98.76,ASK
1458,1712312440.7032287,15605648.10647463,93.75,-8.320288275640705e-07,98.76,ASK
1459,1712312458.4330373,15609499.41057686,93.75,-1.2224917544245974e-06,98.76,ASK
1460,1712312460.5228624,15609499.41057686,93.75,-0.0,98.76,ASK
1461,1712312475.113154,15611846.02241952,93.75,-7.446321970257536e-07,98.76,ASK
1462,1712312475.4233184,15612590.54155788,93.75,-2.3625250313939265e-07,98.76,ASK
1463,1712312475.4259448,15614490.55356598,93.75,-6.029161236838711e-07,98.76,ASK
1464,1712312475.4331837,15614812.70109428,93.75,-1.0222458499678836e-07,98.76,ASK
1465,1712312475.4431665,15625754.8507329,93.75,-3.472187763423539e-06,98.76,ASK
1466,1712312476.203436,15634573.42327039,93.75,-2.798329456897897e-06,98.76,ASK
1467,1712312483.7332451,15636281.2056784,93.75,-5.419173905970539e-07,98.76,ASK
1468,1712312483.993188,15637553.68100275,93.75,-4.037847586063695e-07,98.76,ASK
1469,1712312490.5132437,15637553.68100275,93.75,-0.0,98.76,ASK
1470,1712312499.303611,15648536.37074049,93.75,-3.4821458914193955e-06,98.76,ASK
1471,1712312507.83332,15655453.05438027,93.75,-2.192987518871744e-06,98.76,ASK
1472,1712312507.933543,15658556.36155845,93.75,-9.839273072769974e-07,98.76,ASK
1473,1712312520.3561754,15658556.36155845,93.75,-0.0,98.76,ASK
1474,1712312522.7415583,15660844.87964938,93.75,-7.251394920495403e-07,98.76,ASK
1475,1712312522.7452838,15666541.10631613,93.75,-1.804905509856885e-06,98.76,ASK
1476,1712312522.7986536,15674172.2645021,93.75,-2.418007614908412e-06,98.76,ASK
1477,1712312522.8808076,15679800.28434243,93.75,-1.7832935052758869e-06,98.76,ASK
1478,1712312523.3333175,15685445.75126365,93.75,-1.7888217846564429e-06,98.76,ASK
1479,1712312523.8179166,15687814.56952541,93.75,-7.505833918891743e-07,98.76,ASK
1480,1712312523.8332417,15690189.05784198,93.75,-7.523800045891354e-07,98.76,ASK
1481,1712312523.9492664,15691902.08663974,93.75,-5.427900426901602e-07,98.76,ASK
1482,1712312524.0435398,15705961.10423974,93.75,-4.454738165096742e-06,98.76,ASK
1483,1712312533.76374,15708150.80081195,93.75,-6.938269207521525e-07,98.76,ASK
1484,1712312533.7749324,15708210.16251195,93.76,-1.8809339177162737e-08,98.76,ASK
1485,1712312550.1881454,15714852.87248145,93.76,2.1048080643131724e-06,98.76,BID
1486,1712312550.3768106,15714852.87248145,93.76,0.0,98.76,BID
1487,1712312551.8537602,15728128.13275045,93.75,-4.199374141218514e-06,98.76,ASK
1488,1712312551.933767,15781472.84628845,93.73,-1.6874577677796062e-05,98.76,ASK
1489,1712312551.9384,15781472.84628933,93.73,-2.7810810738862447e-16,98.76,ASK
1490,1712312551.9937,15788326.19542159,93.7,-2.167925640897872e-06,98.76,ASK
1491,1712312551.9974897,15788983.09083233,93.7,-2.0779627257415445e-07,98.76,ASK
1492,1712312552.0335872,15788983.09083247,93.7,-4.4190906894378886e-17,98.76,ASK
1493,1712312552.0538027,15789089.82580952,93.69,-3.3763564216739324e-08,98.76,ASK
1494,1712312552.0560226,15789589.82580952,93.69,-1.581654165766152e-07,98.76,ASK
1495,1712312552.0589125,15795126.57466211,93.69,-1.7514443775000186e-06,98.76,ASK
1496,1712312552.113873,15796194.03836834,93.68,-3.376716835528067e-07,98.76,ASK
1497,1712312552.2137349,15801194.03836834,93.67,-1.581654165766152e-06,98.76,ASK
1498,1712312552.2173076,15806531.92669971,93.67,-1.6885386631407252e-06,98.76,ASK
1499,1712312552.221135,15807531.92669971,93.66,-3.163308331532304e-07,98.76,ASK
1500,1712312552.228935,15811599.91538338,93.67,-1.2868302495634845e-06,98.76,ASK
1501,1712312552.230983,15811706.68454834,93.66,-3.377437890713449e-08,98.76,ASK
1502,1712312552.2734635,15811706.68454844,93.66,-3.1228240872027744e-17,98.76,ASK
1503,1712312552.2756069,15815977.90718592,93.65,-1.351119415497026e-06,98.76,ASK
1504,1712312552.7335403,15823951.8854076,93.63,-2.5224151744100554e-06,98.76,ASK
1505,1712312552.773495,15829877.56867,93.63,-1.8744763233972485e-06,98.76,ASK
1506,1712312552.944117,15832243.90081943,93.63,-7.485438203462281e-07,98.76,ASK
1507,1712312552.948667,15837003.19835838,93.63,-1.505512555719912e-06,98.76,ASK
1508,1712312580.5257962,15837003.19835838,93.63,-0.0,98.76,ASK
1509,1712312596.993751,15838442.47463183,93.63,-4.5364501094431e-07,98.76,ASK
1510,1712312601.8589923,15852559.80421983,93.76,4.449636427412709e-06,98.76,BID
1511,1712312601.8627343,15855498.79288908,93.76,9.26338863233385e-07,98.76,BID
1512,1712312610.5061042,15855498.79288908,93.76,0.0,98.76,BID
1513,1712312640.357058,15855498.79288908,93.76,0.0,98.76,BID
1514,1712312670.3641438,15855498.79288908,93.76,0.0,98.76,BID
1515,1712312695.9111767,15856026.85009072,93.64,-1.663472609864467e-07,98.76,ASK
1516,1712312695.913388,15858344.3919502,93.64,-7.300662491640416e-07,98.76,ASK
1517,1712312700.4976742,15858344.3919502,93.64,-0.0,98.76,ASK
1518,1712312702.7945015,15861035.51473101,93.64,-8.498277651829224e-07,98.76,ASK
1519,1712312703.180427,15865923.27975272,93.64,-1.543503869372689e-06,98.76,ASK
1520,1712312703.254254,15878666.10713872,93.64,-4.024048474032026e-06,98.76,ASK
1521,1712312703.2741787,15878666.10713882,93.64,-3.1762983499855655e-17,98.76,ASK
1522,1712312708.434333,15879706.10713882,93.63,-3.284208665960147e-07,98.76,ASK
1523,1712312708.6439705,15881312.10713882,93.63,-5.071576074549997e-07,98.76,ASK
1524,1712312711.6979797,15884231.20713882,93.63,-9.21820530461831e-07,98.76,ASK
1525,1712312713.3251894,15884765.22401375,93.63,-1.6863681234747124e-07,98.76,ASK
1526,1712312713.328533,15915477.41281049,93.63,-9.698580442005552e-06,98.76,ASK
1527,1712312713.333227,15976750.40312382,93.63,-1.934935440157045e-05,98.76,ASK
1528,1712312713.3441815,15991278.79836182,93.63,-4.587911686839478e-06,98.76,ASK
1529,1712312713.4144406,16047103.30837282,93.63,-1.7628782649144906e-05,98.76,ASK
1530,1712312722.5147512,16050084.5087155,93.63,-9.414311538837532e-07,98.76,ASK
1531,1712312724.288211,16051779.1087155,93.63,-5.351365389750922e-07,98.76,ASK
1532,1712312730.4949975,16051779.1087155,93.63,-0.0,98.76,ASK
1533,1712312730.6698923,16054294.7087155,93.63,-7.89881886537204e-07,98.76,ASK
1534,1712312731.1423829,16056273.8087155,93.63,-6.214244083501819e-07,98.76,ASK
