,time,acc_trade_volume,trade_price,dev,high,ask_bid
0,1712300395.5296278,53111257.1121702,46.69,0.0,47.93,ASK
1,1712300399.1122336,53111471.24493251,46.7,2.7303896523213384e-08,47.93,BID
2,1712300400.2734623,53111471.24493251,46.7,0.0,47.93,BID
3,1712300430.2035527,53111471.24493251,46.7,0.0,47.93,BID
4,1712300441.7626915,53111671.24493251,46.6,-2.5507342177029983e-08,47.93,ASK
5,1712300460.2850623,53111671.24493251,46.6,-0.0,47.93,ASK
6,1712300490.272672,53111671.24493251,46.6,-0.0,47.93,ASK
7,1712300493.4827294,53124690.0989416,46.6,1.66037984621606e-06,47.93,BID
8,1712300493.4839602,53464186.15764332,46.66,4.329815921927181e-05,47.93,BID
9,1712300520.1936083,53464186.15764332,46.66,0.0,47.93,BID
10,1712300550.1839333,53464186.15764332,46.66,0.0,47.93,BID
11,1712300580.2641354,53464186.15764332,46.66,0.0,47.93,BID
12,1712300587.7829287,53486186.15764332,46.56,-2.7999309848786965e-06,47.93,ASK
13,1712300610.282943,53486186.15764332,46.56,-0.0,47.93,ASK
14,1712300640.2029862,53486186.15764332,46.56,-0.0,47.93,ASK
15,1712300640.6831188,53496803.56117032,46.59,-1.3510964606983771e-06,47.93,ASK
16,1712300640.7033017,53496803.56117109,46.59,-9.860330890707786e-17,47.93,ASK
17,1712300652.023238,53497447.75270998,46.57,-8.197530648490728e-08,47.93,ASK
18,1712300652.0249865,53500342.16209609,46.58,-3.683222802491654e-07,47.93,ASK
19,1712300652.0330193,53500342.16209681,46.57,-9.196654773063992e-17,47.93,ASK
20,1712300661.3033454,53516033.37102078,46.56,-1.996753423503061e-06,47.93,ASK
21,1712300661.3129835,53545033.37102078,46.56,-3.69033702643187e-06,47.93,ASK
22,1712300661.3233483,53625871.83348856,46.56,-1.0286936938092402e-05,47.93,ASK
23,1712300661.529533,53635243.94657272,46.55,-1.19262951484074e-06,47.93,ASK
24,1712300661.5322475,53641367.72518824,46.55,-7.792692057421707e-07,47.93,ASK
25,1712300661.5431468,53643068.44472094,46.5,-2.164216642445789e-07,47.93,ASK
26,1712300661.5440834,53655648.44248813,46.5,-1.6008424673338913e-06,47.93,ASK
27,1712300661.544921,53656421.2811978,46.5,-9.834604502664325e-08,47.93,ASK
28,1712300661.546238,53660746.40261084,46.48,-5.503846791153254e-07,47.93,ASK
29,1712300661.5477788,53661176.41766136,46.51,-5.472070561613572e-08,47.93,ASK
30,1712300661.549086,53661367.72518824,46.5,-2.4344456892301044e-08,47.93,ASK
31,1712300670.205291,53661367.72518824,46.5,-0.0,47.93,ASK
32,1712300700.2762744,53661367.72518824,46.5,-0.0,47.93,ASK
33,1712300701.0236888,53661367.72518838,46.48,-1.8007021964652913e-17,47.93,ASK
34,1712300701.0247967,53679419.07014211,46.47,-2.296189579808058e-06,47.93,ASK
35,1712300701.0260136,53685851.26370311,46.47,-8.181958667303142e-07,47.93,ASK
36,1712300701.1044326,53686066.5026183,46.46,-2.7379087569126325e-08,47.93,ASK
37,1712300701.105348,53686588.56460711,46.46,-6.640797690172405e-08,47.93,ASK
38,1712300713.918437,53689563.9552749,46.45,-3.784793357362839e-07,47.93,ASK
39,1712300713.9198897,53689671.79165811,46.45,-1.3717137425634093e-08,47.93,ASK
40,1712300713.9346578,53689671.79165881,46.45,-8.908737182512494e-17,47.93,ASK
41,1712300726.4049792,53691671.79165881,46.42,-2.54406481699138e-07,47.93,ASK
42,1712300726.4063811,53692086.01027081,46.42,-5.268994986665419e-08,47.93,ASK
43,1712300726.563422,53693601.04366762,46.41,-1.927171580696003e-07,47.93,ASK
44,1712300726.564892,53693708.88680487,46.41,-1.371799656150226e-08,47.93,ASK
45,1712300726.5663297,53693708.88680523,46.42,-4.54914239107021e-17,47.93,ASK
46,1712300726.5677865,53693816.81613081,46.41,-1.3728959996560216e-08,47.93,ASK
47,1712300730.2644706,53693816.81613081,46.41,-0.0,47.93,ASK
48,1712300744.2633855,53715368.54026874,46.4,-2.740923497054354e-06,47.93,ASK
49,1712300744.2732625,53715368.5402699,46.41,-1.468712224871961e-16,47.93,ASK
50,1712300744.2745745,53761052.4691492,46.4,-5.810029550381198e-06,47.93,ASK
51,1712300751.0742931,53781901.004539,46.37,-2.651492760548296e-06,47.93,ASK
52,1712300751.0753613,53782901.004539,46.39,-1.2717885026331598e-07,47.93,ASK
53,1712300751.0761726,53783101.004539,46.38,-2.543577005266319e-08,47.93,ASK
54,1712300751.077018,53783273.5805252,46.39,-2.1948015507857e-08,47.93,ASK
55,1712300755.8134763,53785473.5805252,46.36,-2.797934705792952e-07,47.93,ASK
56,1712300755.8150516,53786719.9998522,46.36,-1.585181769545666e-07,47.93,ASK
57,1712300755.8165696,53837476.41403252,46.35,-6.45514239894126e-06,47.93,ASK
58,1712300760.1970596,53837476.41403252,46.35,-0.0,47.93,ASK
59,1712300761.8335483,53837692.21032082,46.34,-2.7421488852568732e-08,47.93,ASK
60,1712300761.8350463,53839851.10496676,46.34,-2.743332887358105e-07,47.93,ASK
61,1712300761.8365502,53840713.91773638,46.28,-1.0963863618775229e-07,47.93,ASK
62,1712300761.8380432,53840929.80720097,46.29,-2.743332887272897e-08,47.93,ASK
63,1712300761.839532,53841345.60348927,46.34,-5.283572472110708e-08,47.93,ASK
64,1712300761.84101,53841471.76997575,46.25,-1.603212423045376e-08,47.93,ASK
65,1712300761.8454957,53841687.65944034,46.32,-2.743332887272897e-08,47.93,ASK
66,1712300761.8470516,53841903.64216172,46.3,-2.7445179123513626e-08,47.93,ASK
67,1712300761.8513165,53846816.42571806,46.26,-6.242732003597771e-07,47.93,ASK
68,1712300761.8521883,53946816.42571806,46.25,-1.2707117934269176e-05,47.93,ASK
69,1712300761.8531008,53947956.4689146,46.3,-1.44866633485518e-07,47.93,ASK
70,1712300761.8539891,53948172.91913105,46.2,-2.750458427325662e-08,47.93,ASK
71,1712300761.8548822,53948281.14245933,46.21,-1.375206595755598e-08,47.93,ASK
72,1712300761.855786,53948497.03192392,46.32,-2.743332887272897e-08,47.93,ASK
73,1712300761.85668,54021372.03192392,46.24,-9.260312194598662e-06,47.93,ASK
74,1712300761.8575835,54023442.47055831,46.28,-2.630930790283743e-07,47.93,ASK
75,1712300761.8584824,54023572.27575231,46.2,-1.6494499087069285e-08,47.93,ASK
76,1712300761.859398,54024773.72471424,46.24,-1.526695365123056e-07,47.93,ASK
77,1712300761.860311,54024990.03446981,46.23,-2.748673574376006e-08,47.93,ASK
78,1712300761.8612394,54025990.03446981,46.22,-1.2707117934269174e-07,47.93,ASK
79,1712300761.862158,54035172.72543989,46.2,-1.1668553711073117e-06,47.93,ASK
80,1712300788.4336169,54056813.06302915,46.21,-2.749863218840802e-06,47.93,ASK
81,1712300788.4394317,54062511.19803778,46.2,-7.240687356008917e-07,47.93,ASK
82,1712300790.196319,54062511.19803778,46.2,-0.0,47.93,ASK
83,1712300799.0834782,54116623.75215033,46.23,-6.867065774747858e-06,47.93,ASK
84,1712300820.2568624,54116623.75215033,46.23,-0.0,47.93,ASK
85,1712300831.2035935,54117664.50763892,46.35,1.3203346865760372e-07,47.93,BID
86,1712300850.2761118,54117664.50763892,46.35,0.0,47.93,BID
87,1712300880.1668086,54117664.50763892,46.35,0.0,47.93,BID
88,1712300890.3271427,54120664.50763892,46.31,3.805869738804221e-07,47.93,BID
89,1712300902.7239912,54120664.50763988,46.27,-1.2193053869052343e-16,47.93,ASK
90,1712300902.72585,54127150.9941254,46.27,-8.228907542141939e-07,47.93,ASK
91,1712300902.7277076,54133637.48061188,46.28,-8.228907543351792e-07,47.93,ASK
92,1712300910.1872747,54133637.48061188,46.28,-0.0,47.93,ASK
93,1712300920.533761,54135798.2411996,46.28,2.740934056745008e-07,47.93,BID
94,1712300940.25853,54135798.2411996,46.28,0.0,47.93,BID
95,1712300959.8525622,54146593.4659186,46.28,-1.369361507137937e-06,47.93,ASK
96,1712300959.8671114,54146593.4659187,46.28,-1.2286265550809489e-17,47.93,ASK
97,1712300970.2754705,54146593.4659187,46.28,-0.0,47.93,ASK
98,1712300972.8139274,54153079.9524047,46.26,-8.227510095611366e-07,47.93,ASK
99,1712300972.8339255,54153079.95240518,46.26,-6.048239738947558e-17,47.93,ASK
100,1712300980.3848667,54159566.43889166,46.25,-8.22751009621619e-07,47.93,ASK
101,1712300980.386349,54159770.91024218,46.25,-2.59353057206516e-08,47.93,ASK
102,1712300990.454017,54159770.91024301,46.25,-1.0584419543158226e-16,47.93,ASK
103,1712300994.1038828,54160851.45105368,46.25,1.370566399493276e-07,47.93,BID
104,1712300996.8141208,54182391.67070002,46.25,2.732178275317374e-06,47.93,BID
105,1712300996.8343751,54234941.46526254,46.25,6.665456965313998e-06,47.93,BID
106,1712301000.216754,54234941.46526254,46.25,0.0,47.93,BID
107,1712301007.2339668,54235841.46526254,46.24,-1.1556848989030642e-07,47.93,ASK
108,1712301011.773935,54383343.62663859,46.24,-1.894066893976285e-05,47.93,ASK
109,1712301011.7755125,54404969.92421644,46.24,-2.777020614433974e-06,47.93,ASK
110,1712301011.874063,54415050.96466636,46.23,-1.2945006903555997e-06,47.93,ASK
111,1712301011.8760228,54458312.91578034,46.23,-5.555242622168211e-06,47.93,ASK
112,1712301030.1942108,54458312.91578034,46.23,-0.0,47.93,ASK
113,1712301060.2940595,54458312.91578034,46.23,-0.0,47.93,ASK
114,1712301070.684211,54458420.86665299,46.4,1.3843550590649344e-08,47.93,BID
115,1712301087.5044055,54463601.65329092,46.35,6.64380751766339e-07,47.93,BID
116,1712301089.144173,54464033.15275092,46.35,-5.5335213675945954e-08,47.93,ASK
117,1712301090.2761974,54464033.15275092,46.35,-0.0,47.93,ASK
118,1712301109.3842092,54464033.15275154,46.35,-8.025571562481652e-17,47.93,ASK
119,1712301109.9343045,54474834.99183222,46.35,1.3851738101005697e-06,47.93,BID
120,1712301110.039848,54513310.05134916,46.35,-4.933849170209454e-06,47.93,ASK
121,1712301120.1777377,54513310.05134916,46.35,-0.0,47.93,ASK
122,1712301135.584426,54576293.88147583,46.26,-8.074366439298976e-06,47.93,ASK
123,1712301150.2081356,54576293.88147583,46.26,-0.0,47.93,ASK
124,1712301173.7540536,54580685.39955918,46.26,-5.627712153029069e-07,47.93,ASK
125,1712301173.7567606,54607442.37288807,46.26,-3.428894999937532e-06,47.93,ASK
126,1712301180.2637422,54607442.37288807,46.26,-0.0,47.93,ASK
127,1712301210.2934933,54607442.37288807,46.26,-0.0,47.93,ASK
128,1712301240.186001,54607442.37288807,46.26,-0.0,47.93,ASK
129,1712301266.6916215,54609442.37288807,46.34,-2.562518498539937e-07,47.93,ASK
130,1712301270.1754382,54609442.37288807,46.34,-0.0,47.93,ASK
131,1712301285.1210248,54613765.76242547,46.35,-5.539317055195503e-07,47.93,ASK
132,1712301285.7505062,54624520.76350097,46.49,1.377978097298792e-06,47.93,BID
133,1712301300.230544,54624520.76350097,46.49,0.0,47.93,BID
134,1712301330.1736052,54624520.76350097,46.49,0.0,47.93,BID
135,1712301343.469954,54626669.46319889,46.45,2.7906795418864764e-07,47.93,BID
136,1712301360.2120316,54626669.46319889,46.45,0.0,47.93,BID
137,1712301368.589326,54627581.29314973,46.45,1.18424748099927e-07,47.93,BID
138,1712301368.5915298,54628822.31572849,46.45,1.6117894146909366e-07,47.93,BID
139,1712301384.9288883,54630822.31572849,46.45,2.597518276097963e-07,47.93,BID
140,1712301390.1893013,54630822.31572849,46.45,0.0,47.93,BID
141,1712301407.9183936,54637244.12494519,46.45,-8.340174456074414e-07,47.93,ASK
142,1712301407.9207032,54637403.07668568,46.45,-2.0643485364255948e-08,47.93,ASK
143,1712301408.058431,54727621.10412773,46.45,1.171685521259018e-05,47.93,BID
144,1712301408.0711424,54734618.88361073,46.45,9.088202362291582e-07,47.93,BID
145,1712301420.2862928,54734618.88361073,46.45,0.0,47.93,BID
146,1712301420.3542218,54736118.88361073,46.5,1.946870845640873e-07,47.93,BID
147,1712301430.0686154,54736833.66275073,46.5,9.277217791530941e-08,47.93,BID
148,1712301430.4878829,54736833.66275093,46.5,2.610957266504743e-17,47.93,BID
149,1712301436.4273322,54758343.66490193,46.53,2.791813071829969e-06,47.93,BID
150,1712301436.437662,54758343.66490194,46.53,1.934042419633143e-18,47.93,BID
151,1712301450.2613986,54758343.66490194,46.53,0.0,47.93,BID
152,1712301473.6670074,54758450.98406914,46.59,1.3927108517226421e-08,47.93,BID
153,1712301477.3271456,54790091.54927698,46.57,4.106084651105034e-06,47.93,BID
154,1712301480.198462,54790091.54927698,46.57,0.0,47.93,BID
155,1712301494.45689,54800708.95280476,46.52,1.377585838168796e-06,47.93,BID
156,1712301494.4592075,54825895.5327733,46.51,3.267905923117856e-06,47.93,BID
157,1712301504.5212357,54826539.72431291,46.51,-8.358250109925821e-08,47.93,ASK
158,1712301510.1995783,54826539.72431291,46.51,-0.0,47.93,ASK
159,1712301540.2760644,54826539.72431291,46.51,-0.0,47.93,ASK
160,1712301570.2760572,54826539.72431291,46.51,-0.0,47.93,ASK
161,1712301600.2151124,54826539.72431291,46.51,-0.0,47.93,ASK
162,1712301630.1886606,54826539.72431291,46.51,-0.0,47.93,ASK
163,1712301633.834698,54831914.91244391,46.51,6.978860490627075e-07,47.93,BID
164,1712301638.994764,54831914.91244449,46.51,7.44854918478877e-17,47.93,BID
165,1712301650.3244002,54872400.51367805,46.55,5.256436723739381e-06,47.93,BID
166,1712301660.2560985,54872400.51367805,46.55,0.0,47.93,BID
167,1712301690.2772012,54872400.51367805,46.55,0.0,47.93,BID
168,1712301711.363935,54873400.51367805,46.51,-1.297987474026979e-07,47.93,ASK
169,1712301711.366585,54874045.53625326,46.51,-8.37231223083382e-08,47.93,ASK
170,1712301720.1935918,54874045.53625326,46.51,-0.0,47.93,ASK
171,1712301747.7532384,54878351.24131246,46.45,-5.588695732906347e-07,47.93,ASK
172,1712301750.1863942,54878351.24131246,46.45,-0.0,47.93,ASK
173,1712301780.287782,54878351.24131246,46.45,-0.0,47.93,ASK
174,1712301810.2649505,54878351.24131246,46.45,-0.0,47.93,ASK
175,1712301840.1948342,54878351.24131246,46.45,-0.0,47.93,ASK
176,1712301870.2218983,54878351.24131246,46.45,-0.0,47.93,ASK
177,1712301880.692075,54878781.81181838,46.47,-5.58855065703009e-08,47.93,ASK
178,1712301880.694563,54889399.21534615,46.47,-1.37807621851958e-06,47.93,ASK
179,1712301880.8318472,54920611.69145614,46.47,4.051194902388233e-06,47.93,BID
180,1712301900.2741785,54920611.69145614,46.47,0.0,47.93,BID
181,1712301930.2614293,54920611.69145614,46.47,0.0,47.93,BID
182,1712301960.1826704,54920611.69145614,46.47,0.0,47.93,BID
183,1712301960.961087,54921042.07665088,46.5,-5.5892262856593527e-08,47.93,ASK
184,1712301987.9017105,54921257.26924826,46.5,-2.794613142974812e-08,47.93,ASK
185,1712301987.9042065,54921542.07665088,46.5,-3.6986704945123145e-08,47.93,ASK
186,1712301990.180942,54921542.07665088,46.5,-0.0,47.93,ASK
187,1712302020.291643,54921542.07665088,46.5,-0.0,47.93,ASK
188,1712302050.2656722,54921542.07665088,46.5,-0.0,47.93,ASK
189,1712302069.5602393,54942689.2982822,46.51,-2.746282734314462e-06,47.93,ASK
190,1712302080.182582,54942689.2982822,46.51,-0.0,47.93,ASK
191,1712302110.1742527,54942689.2982822,46.51,-0.0,47.93,ASK
192,1712302112.7901063,54949500.56864697,46.66,8.844322703122712e-07,47.93,BID
193,1712302112.7921977,54963747.48516604,46.66,1.849938711446695e-06,47.93,BID
194,1712302136.439813,54965551.36429162,46.66,-2.342307418390016e-07,47.93,ASK
195,1712302140.269713,54965551.36429162,46.66,-0.0,47.93,ASK
196,1712302170.2494457,54965551.36429162,46.66,-0.0,47.93,ASK
197,1712302200.360931,54965551.36429162,46.66,-0.0,47.93,ASK
198,1712302215.909384,54972015.99160769,46.53,-8.405397328750091e-07,47.93,ASK
199,1712302215.9191723,54972445.82182475,46.53,-5.588711586424575e-08,47.93,ASK
200,1712302230.2736473,54972445.82182475,46.53,-0.0,47.93,ASK
201,1712302246.3994472,54972660.18409699,46.65,2.787051489748489e-08,47.93,BID
202,1712302260.1788597,54972660.18409699,46.65,0.0,47.93,BID
203,1712302290.1787207,54972660.18409699,46.65,0.0,47.93,BID
204,1712302320.251194,54972660.18409699,46.65,0.0,47.93,BID
205,1712302322.4886107,55021206.72535462,46.53,-6.31181657138834e-06,47.93,ASK
206,1712302322.6486547,55034472.51532762,46.53,1.72476206986161e-06,47.93,BID
207,1712302348.6985269,55039276.83873948,46.53,6.246378699640092e-07,47.93,BID
208,1712302350.2497904,55039276.83873948,46.53,0.0,47.93,BID
209,1712302380.168403,55039276.83873948,46.53,0.0,47.93,BID
210,1712302410.1634033,55039276.83873948,46.53,0.0,47.93,BID
211,1712302411.4380455,55045594.29480463,46.53,8.210381129800321e-07,47.93,BID
212,1712302415.0753777,55050016.51405023,46.53,5.7472667908457e-07,47.93,BID
213,1712302417.157871,55051838.75026078,46.53,2.368240260448681e-07,47.93,BID
214,1712302433.6478772,55060335.02562332,46.52,-1.1042048918230018e-06,47.93,ASK
215,1712302440.2610974,55060335.02562332,46.52,-0.0,47.93,ASK
216,1712302441.1379063,55060549.66395772,46.59,2.7891577694165626e-08,47.93,BID
217,1712302443.0478897,55072180.55820606,46.59,1.5113981921519438e-06,47.93,BID
218,1712302443.050105,55077913.86526043,46.65,7.450252518861208e-07,47.93,BID
219,1712302443.0521772,55081550.50108106,46.59,4.7256940760140294e-07,47.93,BID
220,1712302470.270373,55081550.50108106,46.59,0.0,47.93,BID
221,1712302480.1078076,55083724.25272198,46.59,2.824359115918413e-07,47.93,BID
222,1712302480.1105828,55098940.51420846,46.59,1.977051381144825e-06,47.93,BID
223,1712302500.1876204,55098940.51420846,46.59,0.0,47.93,BID
224,1712302530.2003212,55098940.51420846,46.59,0.0,47.93,BID
225,1712302539.9803765,55099332.86634086,46.66,5.105319380188313e-08,47.93,BID
226,1712302543.207411,55103204.94561886,46.7,5.038382551550651e-07,47.93,BID
227,1712302559.777639,55103204.94561934,46.7,6.204645735101626e-17,47.93,BID
228,1712302559.7801027,55104403.57575632,46.72,1.559667748086681e-07,47.93,BID
229,1712302559.7822332,55111994.56725203,46.78,9.877462819080148e-07,47.93,BID
230,1712302560.2515182,55111994.56725203,46.78,0.0,47.93,BID
231,1712302572.0672934,55120776.9439132,46.78,1.1426796004571083e-06,47.93,BID
232,1712302576.46744,55127702.05837095,46.6,-9.01030248075136e-07,47.93,ASK
233,1712302576.4705102,55127916.65067095,46.6,-2.7920715894074203e-08,47.93,ASK
234,1712302590.257123,55127916.65067095,46.6,-0.0,47.93,ASK
235,1712302609.85711,55128101.83585613,46.65,-2.4092210102718828e-08,47.93,ASK
236,1712302620.2071784,55128101.83585613,46.65,-0.0,47.93,ASK
237,1712302621.2872682,55131024.74807459,46.78,3.802644151388329e-07,47.93,BID
238,1712302621.2902272,55141642.15160236,46.78,1.381300716895203e-06,47.93,BID
239,1712302621.4126055,55145246.64096436,46.78,-4.689360940980528e-07,47.93,ASK
240,1712302621.4269888,55145246.64096533,46.78,-1.2600952747790826e-16,47.93,ASK
241,1712302637.2111292,55152386.34772308,46.65,-9.288600585930528e-07,47.93,ASK
242,1712302644.71726,55152514.68996907,46.65,-1.669704235393368e-08,47.93,ASK
243,1712302650.1787405,55152514.68996907,46.65,-0.0,47.93,ASK
244,1712302658.166937,55159989.04172008,46.75,9.722522982407784e-07,47.93,BID
245,1712302666.725357,55163096.58715408,46.75,4.0422477971985066e-07,47.93,BID
246,1712302666.8058004,55165898.19421501,46.75,3.644287818517624e-07,47.93,BID
247,1712302680.2494068,55165898.19421501,46.75,0.0,47.93,BID
248,1712302697.996804,55187288.56854657,46.75,2.782200896460763e-06,47.93,BID
249,1712302710.2597487,55187288.56854657,46.75,0.0,47.93,BID
250,1712302712.676554,55197081.76854657,46.79,1.2736152226000565e-06,47.93,BID
251,1712302716.8775764,55202991.16854657,46.79,7.68523240252808e-07,47.93,BID
252,1712302719.0466866,55275830.24686776,46.79,9.472793259615449e-06,47.93,BID
253,1712302740.1739533,55275830.24686776,46.79,0.0,47.93,BID
254,1712302770.178192,55275830.24686776,46.79,0.0,47.93,BID
255,1712302789.030781,55279686.04272381,46.78,5.011799884971601e-07,47.93,BID
256,1712302789.046162,55293540.18913392,46.78,1.8007750404002716e-06,47.93,BID
257,1712302789.130794,55299204.47113218,46.78,7.362487259999449e-07,47.93,BID
258,1712302790.8961356,55305572.89469868,46.78,8.277737123435778e-07,47.93,BID
259,1712302790.9477196,55311968.42383523,46.78,8.312969199499471e-07,47.93,BID
260,1712302791.0361793,55317049.39909327,46.78,6.604299647713983e-07,47.93,BID
261,1712302791.0763524,55322099.01178782,46.78,6.563534291361088e-07,47.93,BID
262,1712302791.496279,55347439.38770059,46.78,3.293766003857552e-06,47.93,BID
263,1712302800.1961746,55347439.38770059,46.78,0.0,47.93,BID
264,1712302830.18655,55347439.38770059,46.78,0.0,47.93,BID
265,1712302857.2160995,55374655.85642159,46.78,-3.5434715756953733e-06,47.93,ASK
266,1712302857.2258873,55374655.85642219,46.78,-7.857281515465591e-17,47.93,ASK
267,1712302860.259036,55374655.85642219,46.78,-0.0,47.93,ASK
268,1712302890.2690756,55374655.85642219,46.78,-0.0,47.93,ASK
269,1712302894.6858673,55381067.48283809,46.76,8.346288698780153e-07,47.93,BID
270,1712302895.1858668,55385349.22122387,46.71,-5.573722232442759e-07,47.93,ASK
271,1712302895.1888442,55473953.90197062,46.71,-1.153405076350765e-05,47.93,ASK
272,1712302906.8160615,55474153.90197062,46.7,-2.6034856547758265e-08,47.93,ASK
273,1712302906.819132,55475224.60858733,46.7,-1.393784658545006e-07,47.93,ASK
274,1712302911.1159475,55477927.49712932,46.7,3.518465772763193e-07,47.93,BID
275,1712302912.0157778,55492714.99505064,46.7,1.9249519354089145e-06,47.93,BID
276,1712302920.211923,55492714.99505064,46.7,0.0,47.93,BID
277,1712302924.605584,55510040.14234792,46.7,2.253670782587076e-06,47.93,BID
278,1712302926.0405772,55524510.57787461,46.7,1.8823273013637223e-06,47.93,BID
279,1712302926.1557996,55543115.4235518,46.7,2.420135101755296e-06,47.93,BID
280,1712302939.4657657,55543246.38541017,46.8,1.703563662554351e-08,47.93,BID
281,1712302939.4689226,55543376.19060417,46.8,1.6885176682100153e-08,47.93,BID
282,1712302950.179258,55543376.19060417,46.8,0.0,47.93,BID
283,1712302980.260463,55543376.19060417,46.8,0.0,47.93,BID
284,1712302990.1856167,55543419.01559974,46.8,5.5690001297755806e-09,47.93,BID
285,1712302990.1888158,55543504.39573237,46.8,1.1102907621400802e-08,47.93,BID
286,1712303010.2453926,55543504.39573237,46.8,0.0,47.93,BID
287,1712303040.1909742,55543504.39573237,46.8,0.0,47.93,BID
288,1712303043.78539,55545648.01845477,46.65,-2.787583687029929e-07,47.93,ASK
289,1712303043.7884622,55548997.37297881,46.65,-4.355526714542286e-07,47.93,ASK
290,1712303043.905399,55564558.94669642,46.65,2.0236391687096897e-06,47.93,BID
291,1712303043.9253652,55576662.39292123,46.65,1.5739415756625536e-06,47.93,BID
292,1712303069.5051491,55576837.99292123,46.65,-2.283516079264923e-08,47.93,ASK
293,1712303069.590863,55578172.36222161,46.65,1.73522423295567e-07,47.93,BID
294,1712303070.1868303,55578172.36222161,46.65,0.0,47.93,BID
295,1712303100.206392,55578172.36222161,46.65,0.0,47.93,BID
296,1712303126.0470233,55578535.62444076,46.75,4.72486273504805e-08,47.93,BID
297,1712303129.6615777,55578735.62444076,46.64,-2.6013510274518484e-08,47.93,ASK
298,1712303130.1782024,55578735.62444076,46.64,-0.0,47.93,ASK
299,1712303160.1985962,55578735.62444076,46.64,-0.0,47.93,ASK
300,1712303187.1249025,55580879.70677352,46.64,-2.78874584614509e-07,47.93,ASK
301,1712303187.128098,55581094.11500679,46.64,-2.788745846067564e-08,47.93,ASK
302,1712303190.1867878,55581094.11500679,46.64,-0.0,47.93,ASK
303,1712303220.264866,55581094.11500679,46.64,-0.0,47.93,ASK
304,1712303250.267719,55581094.11500679,46.64,-0.0,47.93,ASK
305,1712303280.1847012,55581094.11500679,46.64,-0.0,47.93,ASK
306,1712303302.1356404,55581201.51209084,46.64,1.3968628089097696e-08,47.93,BID
307,1712303310.1956692,55581201.51209084,46.64,0.0,47.93,BID
308,1712303340.2740402,55581201.51209084,46.64,0.0,47.93,BID
309,1712303346.1059933,55591856.28314013,46.64,1.3858145080461023e-06,47.93,BID
310,1712303346.145963,55591963.68022418,46.64,1.3968618988586926e-08,47.93,BID
311,1712303370.259271,55591963.68022418,46.64,0.0,47.93,BID
312,1712303400.2265177,55591963.68022418,46.64,0.0,47.93,BID
313,1712303430.1903992,55591963.68022418,46.64,0.0,47.93,BID
314,1712303435.086557,55634963.68022418,46.65,-5.600771139613583e-06,47.93,ASK
315,1712303435.9376545,55639251.84488971,46.65,-5.585355558278593e-07,47.93,ASK
316,1712303456.9166036,55639702.10657532,46.65,-5.8646805907842584e-08,47.93,ASK
317,1712303460.2630167,55639702.10657532,46.65,-0.0,47.93,ASK
318,1712303490.2691095,55639702.10657532,46.65,-0.0,47.93,ASK
319,1712303495.666973,55656272.3618962,46.65,-2.1576580352575328e-06,47.93,ASK
320,1712303495.6697922,55656486.61704086,46.65,-2.7898745403095898e-08,47.93,ASK
321,1712303495.826945,55692417.61278949,46.65,4.678672729570352e-06,47.93,BID
322,1712303495.847061,55705943.61278949,46.8,1.761257266091174e-06,47.93,BID
323,1712303495.8508604,55737647.43256768,46.8,4.128240643736548e-06,47.93,BID
324,1712303495.854001,55751173.43256768,46.8,1.761257266091174e-06,47.93,BID
325,1712303505.6670303,55753173.43256768,46.7,-2.6042544227283365e-07,47.93,ASK
326,1712303519.177124,55753501.83256768,46.71,-4.2761857621005256e-08,47.93,ASK
327,1712303519.197195,55756991.67403102,46.71,-4.544217532764969e-07,47.93,ASK
328,1712303519.217799,55758715.36636623,46.69,-2.244466693697753e-07,47.93,ASK
329,1712303519.2204216,55760627.80167502,46.7,-2.490234055551304e-07,47.93,ASK
330,1712303519.2970169,55763278.38637565,46.69,-3.451398464714719e-07,47.93,ASK
331,1712303520.1674483,55763388.38637565,46.62,-1.432339932500585e-08,47.93,ASK
332,1712303520.170503,55763588.38637565,46.62,-2.6042544227283365e-08,47.93,ASK
333,1712303520.1732106,55765196.52491307,46.63,-2.0940009492203298e-07,47.93,ASK
334,1712303520.1764684,55771608.15132953,46.64,-8.348753225973477e-07,47.93,ASK
335,1712303520.1788738,55771715.57144534,46.63,-1.398746558390942e-08,47.93,ASK
336,1712303520.1803975,55776005.57573534,46.62,-5.586131322877503e-07,47.93,ASK
337,1712303520.1819408,55816205.57573534,46.6,-5.234551389683956e-06,47.93,ASK
338,1712303520.1834872,55820498.34242347,46.59,-5.589728316652749e-07,47.93,ASK
339,1712303520.1850507,55884834.60663106,46.63,-8.377400030222285e-06,47.93,ASK
340,1712303520.1866095,55886547.40382085,46.53,-2.23027982836977e-07,47.93,ASK
341,1712303520.188175,55886654.89309124,46.6,-1.3996470390330189e-08,47.93,ASK
342,1712303520.1897535,55890952.27169029,46.54,-5.595733611353987e-07,47.93,ASK
343,1712303520.1913457,55895245.95996852,46.58,-5.590928344205802e-07,47.93,ASK
344,1712303520.1929395,55895445.95996852,46.54,-2.6042544227283365e-08,47.93,ASK
345,1712303520.1945329,55899928.79258654,46.6,-5.837218335915334e-07,47.93,ASK
346,1712303520.1961462,55900036.13321757,46.59,-1.3977115654981498e-08,47.93,ASK
347,1712303520.197772,55904332.58864184,46.55,-5.594531520347432e-07,47.93,ASK
348,1712303520.2243264,55904332.58864184,46.55,-0.0,47.93,ASK
349,1712303550.180792,55904332.58864184,46.55,-0.0,47.93,ASK
350,1712303554.2972634,55912222.55921411,46.58,-1.0257258134310283e-06,47.93,ASK
351,1712303580.2608566,55912222.55921411,46.58,-0.0,47.93,ASK
352,1712303610.2610705,55912222.55921411,46.58,-0.0,47.93,ASK
353,1712303640.188037,55912222.55921411,46.58,-0.0,47.93,ASK
354,1712303647.64772,55912740.00729802,46.71,6.726698082380178e-08,47.93,BID
355,1712303647.6576116,55912930.54465619,46.71,2.476938888423548e-08,47.93,BID
356,1712303670.1740384,55912930.54465619,46.71,0.0,47.93,BID
357,1712303700.2009015,55912930.54465619,46.71,0.0,47.93,BID
358,1712303730.1928885,55912930.54465619,46.71,0.0,47.93,BID
359,1712303760.2524617,55912930.54465619,46.71,0.0,47.93,BID
360,1712303790.2863326,55912930.54465619,46.71,0.0,47.93,BID
361,1712303798.0781603,55914230.54465619,46.68,1.6905726437085697e-07,47.93,BID
362,1712303820.1892967,55914230.54465619,46.68,0.0,47.93,BID
363,1712303850.1765072,55914230.54465619,46.68,0.0,47.93,BID
364,1712303880.2924962,55914230.54465619,46.68,0.0,47.93,BID
365,1712303910.2683413,55914230.54465619,46.68,0.0,47.93,BID
366,1712303931.7984178,55915230.54465619,46.71,1.3004302326941857e-07,47.93,BID
367,1712303931.8083737,55915445.13695619,46.7,2.7906231463021696e-08,47.93,BID
368,1712303931.811943,55917440.28873503,46.71,2.594555692016506e-07,47.93,BID
369,1712303940.187423,55917440.28873503,46.71,0.0,47.93,BID
370,1712303970.1684136,55917440.28873503,46.71,0.0,47.93,BID
371,1712304000.1711147,55917590.28873503,46.7,1.9506073186350547e-08,47.93,BID
372,1712304000.285221,55917590.28873503,46.7,0.0,47.93,BID
373,1712304030.172395,55917590.28873503,46.7,0.0,47.93,BID
374,1712304060.3223531,55917590.28873503,46.7,0.0,47.93,BID
375,1712304089.0085275,55921590.28873503,46.65,-5.205168146057906e-07,47.93,ASK
376,1712304090.2706058,55921590.28873503,46.65,-0.0,47.93,ASK
377,1712304112.4585674,55922935.24472461,46.65,1.750138021655927e-07,47.93,BID
378,1712304112.4624746,55926372.22759719,46.65,4.472409842183796e-07,47.93,BID
379,1712304120.1984696,55926372.22759719,46.65,0.0,47.93,BID
380,1712304129.608733,55936372.22759719,46.65,1.301222667032807e-06,47.93,BID
381,1712304129.6485898,55936585.1947663,46.63,-2.771177077745448e-08,47.93,ASK
382,1712304129.6524942,55936785.1947663,46.63,-2.602445334065614e-08,47.93,ASK
383,1712304133.7084773,55937721.52435431,46.65,1.2183732837332824e-07,47.93,BID
384,1712304150.1653173,55937721.52435431,46.65,0.0,47.93,BID
385,1712304153.4485664,55942475.06908731,46.74,6.184994062011462e-07,47.93,BID
386,1712304153.52855,55946482.49134031,46.74,5.214189458801336e-07,47.93,BID
387,1712304153.5484395,55961695.31381531,46.74,1.9793905802771367e-06,47.93,BID
388,1712304163.498582,55962441.43629615,46.74,9.708046042958764e-08,47.93,BID
389,1712304180.2608745,55962441.43629615,46.74,0.0,47.93,BID
390,1712304210.266791,55962441.43629615,46.74,0.0,47.93,BID
391,1712304226.2286067,56015581.49004715,46.73,6.913188627919448e-06,47.93,BID
392,1712304226.2324908,56045557.39004715,46.73,3.899677105383873e-06,47.93,BID
393,1712304226.2885163,56048339.32884445,46.73,3.619128378604285e-07,47.93,BID
394,1712304229.4671204,56049206.24115761,46.73,1.1277986982937585e-07,47.93,BID
395,1712304233.178489,56049313.07876444,46.8,1.3898904430866849e-08,47.93,BID
396,1712304240.1745296,56049313.07876444,46.8,0.0,47.93,BID
397,1712304270.1792142,56049313.07876444,46.8,0.0,47.93,BID
398,1712304276.6385431,56053586.58303794,46.78,5.556627217737927e-07,47.93,BID
399,1712304292.2400594,56053746.74237682,46.77,2.0824730352894985e-08,47.93,BID
400,1712304300.2785556,56053746.74237682,46.77,0.0,47.93,BID
401,1712304330.2685614,56053746.74237682,46.77,0.0,47.93,BID
402,1712304344.3286846,56053960.3263153,46.77,2.7794256018787892e-08,47.93,BID
403,1712304360.174091,56053960.3263153,46.77,0.0,47.93,BID
404,1712304390.1729877,56053960.3263153,46.77,0.0,47.93,BID
405,1712304420.26798,56053960.3263153,46.77,0.0,47.93,BID
406,1712304450.263316,56053960.3263153,46.77,0.0,47.93,BID
407,1712304471.548495,56060374.69450003,46.77,-8.347180084725393e-07,47.93,ASK
408,1712304471.568685,56066468.34427503,46.67,-7.929821079844364e-07,47.93,ASK
409,1712304478.7185826,56116924.7931726,46.61,-6.5660257293363525e-06,47.93,ASK
410,1712304478.729078,56132354.54708305,46.67,-2.007913029690747e-06,47.93,ASK
411,1712304478.7347713,56145008.83275545,46.63,-1.6467343050637918e-06,47.93,ASK
412,1712304478.738021,56172258.99597467,46.67,-3.5461328875769453e-06,47.93,ASK
413,1712304480.1956863,56172258.99597467,46.67,-0.0,47.93,ASK
414,1712304510.1656456,56172258.99597467,46.67,-0.0,47.93,ASK
415,1712304540.2734256,56172258.99597467,46.67,-0.0,47.93,ASK
416,1712304570.2583315,56172258.99597467,46.67,-0.0,47.93,ASK
417,1712304576.3286405,56181535.20323962,46.8,1.2062701851441086e-06,47.93,BID
418,1712304585.5284543,56197579.73315414,46.8,2.0864171657378817e-06,47.93,BID
419,1712304600.23254,56197579.73315414,46.8,0.0,47.93,BID
420,1712304630.1892989,56197579.73315414,46.8,0.0,47.93,BID
421,1712304660.262736,56197579.73315414,46.8,0.0,47.93,BID
422,1712304674.3783617,56203974.71942168,46.8,8.327572254948623e-07,47.93,BID
423,1712304690.253937,56203974.71942168,46.8,0.0,47.93,BID
424,1712304720.1810727,56203974.71942168,46.8,0.0,47.93,BID
425,1712304742.4466226,56211134.05496629,46.73,-9.32254708198326e-07,47.93,ASK
426,1712304742.5384262,56213250.92668663,46.73,2.756489922335847e-07,47.93,BID
427,1712304750.194239,56213250.92668663,46.73,0.0,47.93,BID
428,1712304775.428491,56223934.68737039,46.8,1.3911101070146266e-06,47.93,BID
429,1712304780.2607772,56223934.68737039,46.8,0.0,47.93,BID
430,1712304810.2609289,56223934.68737039,46.8,0.0,47.93,BID
431,1712304840.174562,56223934.68737039,46.8,0.0,47.93,BID
432,1712304870.1891627,56223934.68737039,46.8,0.0,47.93,BID
433,1712304900.2127657,56223934.68737039,46.8,0.0,47.93,BID
434,1712304915.5082388,56231841.38608833,46.8,1.0304333490128383e-06,47.93,BID
435,1712304930.181789,56231841.38608833,46.8,0.0,47.93,BID
436,1712304960.2521954,56231841.38608833,46.8,0.0,47.93,BID
437,1712304978.6985075,56231970.33168214,46.79,1.6803907366144268e-08,47.93,BID
438,1712304978.7081945,56233772.07333269,46.79,2.3479902568702778e-07,47.93,BID
439,1712304990.2582943,56233772.07333269,46.79,0.0,47.93,BID
440,1712304998.46377,56236638.66580125,46.8,3.7356365425238203e-07,47.93,BID
441,1712305020.191337,56236638.66580125,46.8,0.0,47.93,BID
442,1712305022.5781038,56243765.13264043,46.8,9.286783810053044e-07,47.93,BID
443,1712305036.5200512,56257703.17110462,46.77,-1.8163215078964413e-06,47.93,ASK
444,1712305041.7581549,56259781.78881285,46.76,-2.708729825838669e-07,47.93,ASK
445,1712305048.2202334,56260850.85017697,46.77,-1.393136598016216e-07,47.93,ASK
446,1712305050.186982,56260850.85017697,46.77,-0.0,47.93,ASK
447,1712305080.2821774,56260850.85017697,46.77,-0.0,47.93,ASK
448,1712305101.4480126,56264706.34281946,46.76,-5.023505145771862e-07,47.93,ASK
449,1712305101.452216,56270533.26763509,46.76,-7.59217809748821e-07,47.93,ASK
450,1712305110.2578154,56270533.26763509,46.76,-0.0,47.93,ASK
451,1712305140.1980298,56270533.26763509,46.76,-0.0,47.93,ASK
452,1712305153.8279238,56276124.80462963,46.76,-7.285050333096782e-07,47.93,ASK
453,1712305153.832095,56280342.00232075,46.76,-5.49446377166679e-07,47.93,ASK
454,1712305170.1684835,56280342.00232075,46.76,-0.0,47.93,ASK
455,1712305200.2921596,56280342.00232075,46.76,-0.0,47.93,ASK
456,1712305214.923674,56285948.60232075,46.8,7.319231594449786e-07,47.93,BID
457,1712305226.307829,56286243.73025141,46.8,3.852797906863266e-08,47.93,BID
458,1712305228.5380795,56286403.88399901,46.83,2.0907544134186104e-08,47.93,BID
459,1712305228.5425622,56286831.05187598,46.82,5.576535906297817e-08,47.93,BID
460,1712305230.163052,56286831.05187598,46.82,0.0,47.93,BID
461,1712305242.8247232,56286981.05187598,46.88,1.95812294954959e-08,47.93,BID
462,1712305242.826798,56292494.63799336,46.9,7.197519673839039e-07,47.93,BID
463,1712305257.741372,56292771.82349443,46.9,3.618421939501864e-08,47.93,BID
464,1712305257.7508657,56338430.94526618,46.9,5.960411613169904e-06,47.93,BID
465,1712305260.2652454,56338430.94526618,46.9,0.0,47.93,BID
466,1712305280.9277818,56340368.17889655,46.9,2.528095757611523e-07,47.93,BID
467,1712305283.6579795,56340766.18127112,46.99,5.1939430480090834e-08,47.93,BID
468,1712305285.9918826,56343766.18127112,47.0,3.915009090255797e-07,47.93,BID
469,1712305285.99551,56346428.21549869,47.0,3.473962733172648e-07,47.93,BID
470,1712305290.2674806,56346428.21549869,47.0,0.0,47.93,BID
471,1712305320.2011323,56346428.21549869,47.0,0.0,47.93,BID
472,1712305350.210069,56346428.21549869,47.0,0.0,47.93,BID
473,1712305380.2714694,56346428.21549869,47.0,0.0,47.93,BID
474,1712305390.4285595,56349858.94040299,47.0,4.476886913563841e-07,47.93,BID
475,1712305410.1682496,56349858.94040299,47.0,0.0,47.93,BID
476,1712305440.2857182,56349858.94040299,47.0,0.0,47.93,BID
477,1712305459.1987305,56349969.00722774,47.09,1.436274761236851e-08,47.93,BID
478,1712305470.2574627,56349969.00722774,47.09,0.0,47.93,BID
479,1712305500.1801286,56349969.00722774,47.09,0.0,47.93,BID
480,1712305519.4390538,56355712.830462,47.01,-7.515884722326714e-07,47.93,ASK
481,1712305530.1789846,56355712.830462,47.01,-0.0,47.93,ASK
482,1712305560.2724752,56355712.830462,47.01,-0.0,47.93,ASK
483,1712305590.26921,56355712.830462,47.01,-0.0,47.93,ASK
484,1712305620.209305,56355712.830462,47.01,-0.0,47.93,ASK
485,1712305650.1892116,56355712.830462,47.01,-0.0,47.93,ASK
486,1712305654.5095189,56561444.87858784,47.01,-2.6919416973700428e-05,47.93,ASK
487,1712305680.2650266,56561444.87858784,47.01,-0.0,47.93,ASK
488,1712305683.8821237,56570755.58167067,47.01,-1.2167376111428052e-06,47.93,ASK
489,1712305683.8842463,56571894.10083919,47.01,-1.487835108712819e-07,47.93,ASK
490,1712305699.7295303,56572957.93062642,47.0,-1.39022982739753e-07,47.93,ASK
491,1712305710.2648747,56572957.93062642,47.0,-0.0,47.93,ASK
492,1712305719.6897588,56573174.85036611,46.97,-2.834541468013985e-08,47.93,ASK
493,1712305727.5795355,56575790.14120379,46.97,-3.417462302444827e-07,47.93,ASK
494,1712305740.1733696,56575790.14120379,46.97,-0.0,47.93,ASK
495,1712305770.1897218,56575790.14120379,46.97,-0.0,47.93,ASK
496,1712305800.2798553,56575790.14120379,46.97,-0.0,47.93,ASK
497,1712305804.759745,56582677.93062642,46.97,-9.006431616191578e-07,47.93,ASK
498,1712305830.1825066,56582677.93062642,46.97,-0.0,47.93,ASK
499,1712305860.2906926,56582677.93062642,46.97,-0.0,47.93,ASK
500,1712305890.270245,56582677.93062642,46.97,-0.0,47.93,ASK
501,1712305920.170099,56582677.93062642,46.97,-0.0,47.93,ASK
502,1712305928.0711732,56582795.20141533,46.9,-1.5333608472600475e-08,47.93,ASK
503,1712305928.0754075,56595698.18648995,46.9,-1.6871151213725592e-06,47.93,ASK
504,1712305950.1932397,56595698.18648995,46.9,-0.0,47.93,ASK
505,1712305980.2149942,56595698.18648995,46.9,-0.0,47.93,ASK
506,1712305998.9303083,56598790.08648995,46.9,4.04245586964459e-07,47.93,BID
507,1712306004.791958,56605418.18648995,46.9,8.665804763904252e-07,47.93,BID
508,1712306010.1834807,56605418.18648995,46.9,0.0,47.93,BID
509,1712306028.250924,56628872.34427247,46.9,-3.0662940957998787e-06,47.93,ASK
510,1712306030.4302692,56632035.56654155,46.95,4.135458564456005e-07,47.93,BID
511,1712306040.274088,56632035.56654155,46.95,0.0,47.93,BID
512,1712306041.8203263,56639030.86654155,46.95,9.143857023671004e-07,47.93,BID
513,1712306043.930393,56639416.41850276,46.95,5.039715249570891e-08,47.93,BID
514,1712306065.9053907,56646782.15639326,46.97,9.62807229776678e-07,47.93,BID
515,1712306066.000286,56653830.15639326,46.97,9.212743456729616e-07,47.93,BID
516,1712306066.0204215,56699159.15639326,46.97,5.925148242765279e-06,47.93,BID
517,1712306066.1402743,56749854.60287437,46.97,6.62661950702072e-06,47.93,BID
518,1712306066.2103086,56757063.00287437,46.97,9.422409184658916e-07,47.93,BID
519,1712306066.80013,56780336.00287437,46.97,3.042113769416408e-06,47.93,BID
520,1712306068.370226,56793066.00287437,46.97,1.6639929654393874e-06,47.93,BID
521,1712306068.8104692,56809138.00287437,46.97,2.10084013672756e-06,47.93,BID
522,1712306068.815484,56873429.2615436,46.97,8.403786501559368e-06,47.93,BID
523,1712306070.270347,56873429.2615436,46.97,0.0,47.93,BID
524,1712306100.200356,56873429.2615436,46.97,0.0,47.93,BID
525,1712306108.5404773,56876571.9615436,47.01,4.110956986289157e-07,47.93,BID
526,1712306111.900599,56919115.9615436,47.01,5.565168613769519e-06,47.93,BID
527,1712306126.4953456,56924125.96154359,47.01,6.553566837848775e-07,47.93,BID
528,1712306128.3803184,56961537.55680377,47.01,4.893800200568945e-06,47.93,BID
529,1712306130.1704876,56961537.55680377,47.01,0.0,47.93,BID
530,1712306144.0203547,57089537.55680377,47.0,-1.6734576855352832e-05,47.93,ASK
531,1712306150.2123096,57090930.35680377,47.03,1.820931144069184e-07,47.93,BID
532,1712306150.2152157,57096930.35680377,47.03,7.84433290094664e-07,47.93,BID
533,1712306151.7899976,57257880.3073604,47.0,-2.1042416542619227e-05,47.93,ASK
534,1712306151.892969,57266500.5073604,47.0,1.1269953078784191e-06,47.93,BID
535,1712306151.9522965,57274594.57415664,47.0,1.058209241203837e-06,47.93,BID
536,1712306152.9024322,57286693.92125633,47.0,1.581855108901406e-06,47.93,BID
537,1712306156.4500108,57308304.32125633,47.0,2.825319528710093e-06,47.93,BID
538,1712306160.254794,57308304.32125633,47.0,0.0,47.93,BID
539,1712306190.278844,57308304.32125633,47.0,0.0,47.93,BID
540,1712306191.1400745,57439602.32798368,46.94,-1.7129255271214243e-05,47.93,ASK
541,1712306191.2802083,57530320.47317294,46.93,-1.1835170277221925e-05,47.93,ASK
542,1712306191.2999449,57571059.70066639,46.93,-5.314876018921608e-06,47.93,ASK
543,1712306220.180195,57571059.70066639,46.93,-0.0,47.93,ASK
544,1712306220.6159322,57571272.87486639,46.91,-2.7766223554028263e-08,47.93,ASK
545,1712306220.6201427,57571486.04902968,46.91,-2.7766218772630723e-08,47.93,ASK
546,1712306220.7200232,57572125.70787829,46.9,-8.331641722614585e-08,47.93,ASK
547,1712306250.1846445,57572125.70787829,46.9,-0.0,47.93,ASK
548,1712306251.4143064,57588720.88476274,46.9,-2.1615298212432404e-06,47.93,ASK
549,1712306280.2694335,57588720.88476274,46.9,-0.0,47.93,ASK
550,1712306310.2893424,57588720.88476274,46.9,-0.0,47.93,ASK
551,1712306320.0600731,57591118.80587148,46.9,-3.122987254866223e-07,47.93,ASK
552,1712306320.2401075,57598631.00598652,46.9,9.783685180379168e-07,47.93,BID
553,1712306340.1734118,57598631.00598652,46.9,0.0,47.93,BID
554,1712306370.1925497,57598631.00598652,46.9,0.0,47.93,BID
555,1712306400.209714,57598631.00598652,46.9,0.0,47.93,BID
556,1712306410.080081,57598904.66446644,46.9,-3.570833272314218e-08,47.93,ASK
557,1712306417.470791,57607230.05228221,46.83,-1.0863384107805602e-06,47.93,ASK
558,1712306417.4759762,57609438.4251502,46.85,-2.8815958186168653e-07,47.93,ASK
559,1712306417.4809878,57609588.4251502,46.85,-1.9572753272646264e-08,47.93,ASK
560,1712306430.18438,57609588.4251502,46.85,-0.0,47.93,ASK
561,1712306436.4702048,57642390.24745614,46.83,-4.279859897538686e-06,47.93,ASK
562,1712306436.4736438,57642817.3241164,46.83,-5.57233758044264e-08,47.93,ASK
563,1712306438.1703384,57665392.52415361,46.81,-2.945528221481685e-06,47.93,ASK
564,1712306438.230241,57702906.27946782,46.81,-4.894655409016264e-06,47.93,ASK
565,1712306441.4001167,57703711.13076001,46.8,-1.0501400613596573e-07,47.93,ASK
566,1712306441.4040723,57705991.93480243,46.8,-2.975908370046639e-07,47.93,ASK
567,1712306441.4100397,57749370.49142635,46.8,-5.659872892921854e-06,47.93,ASK
568,1712306460.270189,57749370.49142635,46.8,-0.0,47.93,ASK
569,1712306467.5246215,57750370.49142635,46.75,-1.303649842563042e-07,47.93,ASK
570,1712306467.5299077,57756884.17576065,46.75,-8.491563556916145e-07,47.93,ASK
571,1712306490.2899969,57756884.17576065,46.75,-0.0,47.93,ASK
572,1712306509.6301904,57756994.17576065,46.73,-1.433949162526458e-08,47.93,ASK
573,1712306509.6354496,57762103.92963397,46.73,-6.661024806692084e-07,47.93,ASK
574,1712306514.3703077,57773866.60062217,46.81,1.5333702011460596e-06,47.93,BID
575,1712306514.375594,57804815.0914564,46.8,4.034414773927272e-06,47.93,BID
576,1712306518.5501702,57814081.07995868,46.73,-1.2079051320747863e-06,47.93,ASK
577,1712306518.5553098,57834929.61534904,46.74,-2.717794532992092e-06,47.93,ASK
578,1712306518.5607672,57846907.10214812,46.73,-1.5613733786107004e-06,47.93,ASK
579,1712306520.193317,57846907.10214812,46.73,-0.0,47.93,ASK
580,1712306534.832228,57867668.73946945,46.72,-2.7049820304472764e-06,47.93,ASK
581,1712306534.8501325,57872245.8454477,46.72,-5.963397409837215e-07,47.93,ASK
582,1712306534.8546789,57872459.88654359,46.72,-2.7886881424574933e-08,47.93,ASK
583,1712306546.4700458,57893868.57847251,46.71,-2.789285164114757e-06,47.93,ASK
584,1712306546.4801605,57896929.56113146,46.71,-3.988078088364618e-07,47.93,ASK
585,1712306546.4842238,57952564.57813377,46.71,-7.2485478349172814e-06,47.93,ASK
586,1712306550.1662664,57952564.57813377,46.71,-0.0,47.93,ASK
587,1712306577.8835456,57953350.65939721,46.7,-1.0235075525081794e-07,47.93,ASK
588,1712306577.8895755,57953564.57813377,46.7,-2.7853029028678336e-08,47.93,ASK
589,1712306580.222865,57953564.57813377,46.7,-0.0,47.93,ASK
590,1712306580.8527503,57954054.82669973,46.7,-6.383183039467879e-08,47.93,ASK
591,1712306605.8099363,58020964.15118319,46.71,8.711794279120636e-06,47.93,BID
592,1712306605.8299096,58041718.14799465,46.71,2.7022324928073984e-06,47.93,BID
593,1712306608.0198736,58229903.91571175,46.71,2.4502350117359065e-05,47.93,BID
594,1712306608.1198416,58230089.34485863,46.71,2.414342983476009e-08,47.93,BID
595,1712306610.1761537,58230089.34485863,46.71,0.0,47.93,BID
596,1712306640.267368,58230089.34485863,46.71,0.0,47.93,BID
597,1712306670.2693636,58230089.34485863,46.71,0.0,47.93,BID
598,1712306700.2114868,58230089.34485863,46.71,0.0,47.93,BID
599,1712306730.170128,58230089.34485863,46.71,0.0,47.93,BID
600,1712306760.2715042,58230089.34485863,46.71,0.0,47.93,BID
601,1712306790.2770774,58230089.34485863,46.71,0.0,47.93,BID
602,1712306793.1699436,58244704.88551476,46.71,-1.9056605103727643e-06,47.93,ASK
603,1712306793.2543302,58244890.31466164,46.71,-2.4177347317643235e-08,47.93,ASK
604,1712306794.5400913,58246737.13314603,46.71,-2.407991013362931e-07,47.93,ASK
605,1712306794.5455842,58288551.50748315,46.71,-5.452005082465329e-06,47.93,ASK
606,1712306809.403272,58293620.59996869,46.71,6.609382164094337e-07,47.93,BID
607,1712306818.4700017,58296786.03091862,46.71,4.127275823403662e-07,47.93,BID
608,1712306818.5141182,58339603.41477646,46.71,5.582783387568339e-06,47.93,BID
609,1712306820.18374,58339603.41477646,46.71,0.0,47.93,BID
610,1712306827.2900543,58339604.60129506,46.71,1.5460218693442243e-10,47.93,BID
611,1712306850.2206416,58339604.60129506,46.71,0.0,47.93,BID
612,1712306858.069744,58354786.12046041,46.71,-1.978136746360088e-06,47.93,ASK
613,1712306880.275133,58354786.12046041,46.71,-0.0,47.93,ASK
614,1712306910.2618663,58354786.12046041,46.71,-0.0,47.93,ASK
615,1712306940.2019634,58354786.12046041,46.71,-0.0,47.93,ASK
616,1712306941.5698738,58356922.87259717,46.8,2.783909409620939e-07,47.93,BID
617,1712306970.1799216,58356922.87259717,46.8,0.0,47.93,BID
618,1712307000.2061832,58356922.87259717,46.8,0.0,47.93,BID
619,1712307026.7097137,58363774.21006774,46.73,8.941992028183188e-07,47.93,BID
620,1712307030.170189,58363774.21006774,46.73,0.0,47.93,BID
621,1712307043.5905912,58363881.3666994,46.67,-1.3984914811278434e-08,47.93,ASK
622,1712307043.5933752,58363991.3666994,46.67,-1.43560002350505e-08,47.93,ASK
623,1712307060.2639844,58363991.3666994,46.67,-0.0,47.93,ASK
624,1712307064.340018,58374709.4803114,46.65,-1.3988094365016705e-06,47.93,ASK
625,1712307073.2304285,58394709.4803114,46.64,-2.6101784085122784e-06,47.93,ASK
626,1712307083.3498805,58420709.4803114,46.64,-3.393231931065962e-06,47.93,ASK
627,1712307083.4401174,58443709.4803114,46.64,-3.0017051697891205e-06,47.93,ASK
628,1712307084.439788,58451942.36901284,46.64,-1.0744654164090258e-06,47.93,ASK
629,1712307090.2608936,58451942.36901284,46.64,-0.0,47.93,ASK
630,1712307111.7997737,58495692.36901284,46.63,-5.706710089412943e-06,47.93,ASK
631,1712307111.8797033,58497829.1211496,46.63,-2.787159994838829e-07,47.93,ASK
632,1712307112.109673,58551942.36901284,46.63,-7.058482686904187e-06,47.93,ASK
633,1712307115.0222616,58553070.50004436,46.63,1.4715238262305846e-07,47.93,BID
634,1712307115.1198874,58553231.44425036,46.6,-2.0993415410495656e-08,47.93,ASK
635,1712307115.1253195,58553341.44425036,46.61,-1.4348299653381112e-08,47.93,ASK
636,1712307120.1896534,58553341.44425036,46.61,-0.0,47.93,ASK
637,1712307134.1895714,58553541.44425036,46.56,-2.6071737905038385e-08,47.93,ASK
638,1712307141.7424023,58562906.38329152,46.6,1.220801180888931e-06,47.93,BID
639,1712307150.177554,58562906.38329152,46.6,0.0,47.93,BID
640,1712307163.5097733,58578983.55370953,46.65,-2.0956771013454462e-06,47.93,ASK
641,1712307163.5301528,58605778.83773953,46.65,-3.492795168906811e-06,47.93,ASK
642,1712307180.2706192,58605778.83773953,46.65,-0.0,47.93,ASK
643,1712307210.280101,58605778.83773953,46.65,-0.0,47.93,ASK
644,1712307222.846056,58605939.43731127,46.7,2.0928877153141058e-08,47.93,BID
645,1712307240.1850471,58605939.43731127,46.7,0.0,47.93,BID
646,1712307248.845222,58610476.74972915,46.75,5.912890075391753e-07,47.93,BID
647,1712307270.1966856,58610476.74972915,46.75,0.0,47.93,BID
648,1712307300.2031846,58610476.74972915,46.75,0.0,47.93,BID
649,1712307317.6696837,58613824.18918112,46.68,4.367885250586878e-07,47.93,BID
650,1712307318.209769,58678064.01787491,46.7,-8.382293519504831e-06,47.93,ASK
651,1712307330.1828237,58678064.01787491,46.7,-0.0,47.93,ASK
652,1712307360.279986,58678064.01787491,46.7,-0.0,47.93,ASK
653,1712307390.275444,58678064.01787491,46.7,-0.0,47.93,ASK
654,1712307420.170528,58678064.01787491,46.7,-0.0,47.93,ASK
655,1712307420.6933007,58693993.99500852,46.65,-2.077757307832262e-06,47.93,ASK
656,1712307434.6800673,58694422.719553,46.65,5.5918821971307343e-08,47.93,BID
657,1712307436.3101006,58700834.3459689,46.55,-8.362726153964061e-07,47.93,ASK
658,1712307450.1879482,58700834.3459689,46.55,-0.0,47.93,ASK
659,1712307480.2707443,58700834.3459689,46.55,-0.0,47.93,ASK
660,1712307483.370286,58738095.69447216,46.65,4.859349141658887e-06,47.93,BID
661,1712307497.3101556,58743338.04900961,46.68,6.836690577540277e-07,47.93,BID
662,1712307497.3200886,58759830.9302478,46.68,2.150879436938679e-06,47.93,BID
663,1712307497.9401288,58775663.17950861,46.68,-2.064724706604267e-06,47.93,ASK
664,1712307499.80999,58775877.08325192,46.75,2.7895742188956336e-08,47.93,BID
665,1712307510.26018,58775877.08325192,46.75,0.0,47.93,BID
666,1712307540.1860747,58775877.08325192,46.75,0.0,47.93,BID
667,1712307570.2002056,58775877.08325192,46.75,0.0,47.93,BID
668,1712307600.2203064,58775877.08325192,46.75,0.0,47.93,BID
669,1712307630.1824045,58775877.08325192,46.75,0.0,47.93,BID
670,1712307642.8105445,58786572.27041769,46.72,1.3955597181269728e-06,47.93,BID
671,1712307660.2630577,58786572.27041769,46.72,0.0,47.93,BID
672,1712307668.630686,58802324.75147307,46.67,-2.055325861630067e-06,47.93,ASK
673,1712307690.272212,58802324.75147307,46.67,-0.0,47.93,ASK
674,1712307720.1779227,58802324.75147307,46.67,-0.0,47.93,ASK
675,1712307750.175758,58802324.75147307,46.67,-0.0,47.93,ASK
676,1712307762.002133,58802443.82971529,46.65,-1.5535401425255808e-08,47.93,ASK
677,1712307780.2620947,58802443.82971529,46.65,-0.0,47.93,ASK
678,1712307810.272701,58802443.82971529,46.65,-0.0,47.93,ASK
679,1712307810.2824275,58803408.45993943,46.65,-1.2584924515897426e-07,47.93,ASK
680,1712307810.2850945,58809859.01192229,46.65,-8.415629923137229e-07,47.93,ASK
681,1712307815.1082726,58809859.01192323,46.65,-1.224758358204073e-16,47.93,ASK
682,1712307815.2126892,58814786.4668975,46.64,-6.428540942937e-07,47.93,ASK
683,1712307840.204116,58814786.4668975,46.64,-0.0,47.93,ASK
684,1712307852.5781064,58815109.6069055,46.64,-4.215488039291452e-08,47.93,ASK
685,1712307853.7615032,58815109.60690607,46.64,-7.48407226390031e-17,47.93,ASK
686,1712307870.1866825,58815109.60690607,46.64,-0.0,47.93,ASK
687,1712307900.2619264,58815109.60690607,46.64,-0.0,47.93,ASK
688,1712307905.440839,58818806.96262307,46.61,-4.835801844966155e-07,47.93,ASK
689,1712307910.2011952,58821949.82742993,46.6,-4.1105786391158253e-07,47.93,ASK
690,1712307910.2071345,58821949.82743058,46.61,-8.575314374899703e-17,47.93,ASK
691,1712307910.2114227,58857485.53218385,46.6,-4.647743948954783e-06,47.93,ASK
692,1712307910.3208382,58868572.58522385,46.6,-1.450084753805002e-06,47.93,ASK
693,1712307910.3236346,58939988.75212833,46.6,-9.340579000542922e-06,47.93,ASK
694,1712307914.6810682,58952217.27057203,46.61,1.5993779494734616e-06,47.93,BID
695,1712307930.2644892,58952217.27057203,46.61,0.0,47.93,BID
696,1712307937.9310095,58970291.38237203,46.6,2.361954077109212e-06,47.93,BID
697,1712307945.1324244,58975620.39732535,46.6,6.964042678974952e-07,47.93,BID
698,1712307960.186742,58975620.39732535,46.6,0.0,47.93,BID
699,1712307976.401021,58996159.47605084,46.61,-2.6836974508270333e-06,47.93,ASK
700,1712307976.8009262,59018752.46264886,46.61,-2.952067195907984e-06,47.93,ASK
701,1712307977.371112,59018752.46264888,46.61,-2.9205454279213397e-18,47.93,ASK
702,1712307977.376732,59041345.44924688,46.61,-2.952067195905064e-06,47.93,ASK
703,1712307990.1747658,59041345.44924688,46.61,-0.0,47.93,ASK
704,1712308012.4409225,59041774.63379623,46.6,5.60560986747279e-08,47.93,BID
705,1712308014.830848,59042354.87992058,46.55,-7.57863582267519e-08,47.93,ASK
706,1712308020.2757356,59042354.87992058,46.55,-0.0,47.93,ASK
707,1712308036.571253,59048146.0036373,46.55,-7.563781356325637e-07,47.93,ASK
708,1712308036.5760157,59049745.74584916,46.55,-2.089421830531013e-07,47.93,ASK
709,1712308036.5806496,59050175.39139158,46.55,-5.6115964751468056e-08,47.93,ASK
710,1712308040.41134,59050375.39139158,46.54,-2.6121981592237044e-08,47.93,ASK
711,1712308040.4163246,59063990.93715866,46.54,-1.7783251794791415e-06,47.93,ASK
712,1712308040.421061,59063990.93715946,46.55,-1.041238021243126e-16,47.93,ASK
713,1712308050.2869177,59063990.93715946,46.55,-0.0,47.93,ASK
714,1712308052.714357,59065990.9371584,46.52,-2.6118546288824425e-07,47.93,ASK
715,1712308052.7173035,59084562.96341461,46.52,-2.425371638533561e-06,47.93,ASK
716,1712308052.7201123,59087148.46839546,46.53,-3.3764815778983657e-07,47.93,ASK
717,1712308052.72286,59087348.46839546,46.52,-2.6118546302640903e-08,47.93,ASK
718,1712308052.735356,59087348.46839652,46.52,-1.391378090261537e-16,47.93,ASK
719,1712308063.164685,59094254.72309966,46.52,9.019066662082234e-07,47.93,BID
720,1712308064.3011994,59095870.83707815,46.5,-2.110527388877119e-07,47.93,ASK
721,1712308064.304145,59096032.12740073,46.5,-2.10633437932684e-08,47.93,ASK
722,1712308064.3113792,59169045.84805066,46.5,-9.535061217616143e-06,47.93,ASK
723,1712308064.5136788,59169175.13585066,46.5,-1.688404695321768e-08,47.93,ASK
724,1712308064.5191655,59171949.20014694,46.5,-3.6227263384483e-07,47.93,ASK
725,1712308064.5273356,59172809.4152007,46.5,-1.1233783355923317e-07,47.93,ASK
726,1712308064.672516,59179609.4152007,46.41,-8.880305742897908e-07,47.93,ASK
727,1712308064.6754491,59179809.4152007,46.46,-2.6118546302640903e-08,47.93,ASK
728,1712308069.2690008,59202694.62228639,46.41,-2.988641704564809e-06,47.93,ASK
729,1712308072.5317924,59214512.36715071,46.41,-1.5433115821579865e-06,47.93,ASK
730,1712308072.5383916,59219236.38008173,46.4,-6.169217523654795e-07,47.93,ASK
731,1712308072.5448847,59223236.38008173,46.4,-5.223709260528181e-07,47.93,ASK
732,1712308072.547758,59223451.20285294,46.41,-2.8054292484065768e-08,47.93,ASK
733,1712308072.5506048,59224232.74397839,46.4,-1.0206359036197004e-07,47.93,ASK
734,1712308072.7638843,59224232.74397892,46.4,-6.908240867732109e-17,47.93,ASK
735,1712308072.7986586,59224342.81080367,46.39,-1.4373927292971734e-08,47.93,ASK
736,1712308072.8067992,59228855.01433967,46.38,-5.8926098491028e-07,47.93,ASK
737,1712308072.809662,59233166.28832113,46.39,-5.630210455405968e-07,47.93,ASK
738,1712308072.812499,59233597.50867473,46.38,-5.6314243861153104e-08,47.93,ASK
739,1712308072.97868,59236727.40867473,46.4,4.087421903629842e-07,47.93,BID
740,1712308080.1634626,59236727.40867473,46.4,0.0,47.93,BID
741,1712308089.430858,59266325.40867473,46.4,-3.861236172859186e-06,47.93,ASK
742,1712308089.4709425,59274184.1302719,46.48,1.0252172479019767e-06,47.93,BID
743,1712308090.5509598,59296501.84295248,46.4,-2.9114791370280283e-06,47.93,ASK
744,1712308095.925378,59297909.1098576,46.48,1.835863868806671e-07,47.93,BID
745,1712308095.9305809,59299871.94295248,46.48,2.56063320063374e-07,47.93,BID
746,1712308099.6309988,59353491.99313384,46.4,-6.995056333225795e-06,47.93,ASK
747,1712308110.26587,59353491.99313384,46.4,-0.0,47.93,ASK
748,1712308140.2707093,59353491.99313384,46.4,-0.0,47.93,ASK
749,1712308141.7665238,59362138.39313384,46.47,1.127177792832929e-06,47.93,BID
750,1712308141.8211136,59384802.71548164,46.47,2.95460779515738e-06,47.93,BID
751,1712308155.271227,59384910.33329958,46.47,-1.4029470588133936e-08,47.93,ASK
752,1712308163.4912102,59395370.3243995,46.4,-1.363604469035238e-06,47.93,ASK
753,1712308163.4975178,59395801.17317158,46.42,-5.6167094739613e-08,47.93,ASK
754,1712308170.2526295,59395801.17317158,46.42,-0.0,47.93,ASK
755,1712308179.701513,59499967.83983825,46.4,-1.3576086957690104e-05,47.93,ASK
756,1712308187.2313714,59516456.21019353,46.4,-2.148936477444927e-06,47.93,ASK
757,1712308187.2363734,59516887.24467628,46.4,-5.6176911547586527e-08,47.93,ASK
758,1712308190.1412282,59521200.37816776,46.37,-5.621325632691925e-07,47.93,ASK
759,1712308190.1476684,59555267.9093774,46.37,-4.440036154904399e-06,47.93,ASK
760,1712308192.1784685,59559470.75143196,46.37,5.477582323396821e-07,47.93,BID
761,1712308192.1910205,59579964.23281451,46.37,2.670924339027588e-06,47.93,BID
762,1712308192.1943574,59581609.15143196,46.42,2.1438295861266682e-07,47.93,BID
763,1712308199.0012026,59601009.87333905,46.42,2.5285045214645707e-06,47.93,BID
764,1712308199.0078585,59602938.91254375,46.42,2.514125182831056e-07,47.93,BID
765,1712308200.2448082,59602938.91254375,46.42,0.0,47.93,BID
766,1712308205.2320712,59612129.76757097,46.42,1.1978282044922716e-06,47.93,BID
767,1712308205.2384562,59619424.74245681,46.42,9.50741431938288e-07,47.93,BID
768,1712308214.5673656,59627487.0223243,46.47,1.0507429601696954e-06,47.93,BID
769,1712308230.2296386,59627487.0223243,46.47,0.0,47.93,BID
770,1712308236.2513328,59647487.0223243,46.47,2.6061781465979467e-06,47.93,BID
771,1712308260.272152,59647487.0223243,46.47,0.0,47.93,BID
772,1712308266.7982051,59647663.3922841,46.37,-2.2979793685446647e-08,47.93,ASK
773,1712308266.8033955,59648094.70563324,46.37,-5.619716525458837e-08,47.93,ASK
774,1712308290.2623684,59648094.70563324,46.37,-0.0,47.93,ASK
775,1712308291.8118262,59712846.47439894,46.48,8.436679498412098e-06,47.93,BID
776,1712308291.8961484,59844877.56570481,46.48,1.7202680674310562e-05,47.93,BID
777,1712308292.6313417,59845389.18777881,46.5,6.666059545452418e-08,47.93,BID
778,1712308292.6743274,59850925.89961754,46.5,7.21392853799045e-07,47.93,BID
779,1712308303.591494,59853941.14456812,46.54,3.928642528567616e-07,47.93,BID
780,1712308316.1614969,59884730.09876449,46.54,4.0115744109772685e-06,47.93,BID
781,1712308316.168032,59893990.05131124,46.54,1.2065037495754015e-06,47.93,BID
782,1712308316.2213893,59896914.93055824,46.54,-3.810902659324059e-07,47.93,ASK
783,1712308320.1899755,59896914.93055824,46.54,-0.0,47.93,ASK
784,1712308350.1971776,59896914.93055824,46.54,-0.0,47.93,ASK
785,1712308351.481465,59899170.65113075,46.58,2.9346149513426976e-07,47.93,BID
786,1712308354.4329886,59904390.40500407,46.44,-6.790720422402403e-07,47.93,ASK
787,1712308380.2693374,59904390.40500407,46.44,-0.0,47.93,ASK
788,1712308382.1251514,59904390.405005,46.47,-1.2115638970661162e-16,47.93,ASK
789,1712308382.1317976,59904540.405005,46.47,-1.95136024309248e-08,47.93,ASK
790,1712308382.1363337,59947578.924479,46.47,-5.598910388208305e-06,47.93,ASK
791,1712308406.8914337,59947877.00568745,46.44,-3.877758795915542e-08,47.93,ASK
792,1712308410.2643738,59947877.00568745,46.44,-0.0,47.93,ASK
793,1712308421.3759563,59958494.40921523,46.51,-1.3808622609654698e-06,47.93,ASK
794,1712308421.4315474,59967292.42096545,46.57,1.1442385481187846e-06,47.93,BID
795,1712308421.4367485,59967453.46885036,46.57,2.0945323016177082e-08,47.93,BID
796,1712308421.4418929,59978745.66831959,46.57,1.4686238541811144e-06,47.93,BID
797,1712308421.4449096,59980514.10868446,46.6,2.2999715083123137e-07,47.93,BID
798,1712308440.1929853,59980514.10868446,46.6,0.0,47.93,BID
799,1712308440.9316068,59980690.79545415,46.54,-2.2974724113533362e-08,47.93,ASK
800,1712308454.561532,59984988.17405235,46.54,-5.587916281221765e-07,47.93,ASK
801,1712308454.5669448,59987650.752782,46.54,-3.462172739375176e-07,47.93,ASK
802,1712308470.2000031,59987650.752782,46.54,-0.0,47.93,ASK
803,1712308481.1214244,59992400.752782,46.54,6.17619682497283e-07,47.93,BID
804,1712308492.9315674,59992650.752782,46.54,3.250629907880437e-08,47.93,BID
805,1712308500.182767,59992650.752782,46.54,0.0,47.93,BID
806,1712308530.1911757,59992650.752782,46.54,0.0,47.93,BID
807,1712308536.0229478,59996951.82805081,46.5,-5.606127266795673e-07,47.93,ASK
808,1712308536.0282762,60006143.36737663,46.5,-1.1980478372947302e-06,47.93,ASK
809,1712308536.033413,60010453.71220421,46.4,-5.618209437633805e-07,47.93,ASK
810,1712308536.0385206,60110453.71220421,46.45,-1.3034245895336842e-05,47.93,ASK
811,1712308536.0432715,60114757.5641517,46.47,-5.609746458066209e-07,47.93,ASK
812,1712308536.0461972,60114919.20208273,46.4,-2.1068285391102493e-08,47.93,ASK
813,1712308536.0491352,60116719.20208273,46.5,-2.346164261160633e-07,47.93,ASK
814,1712308536.0520997,60121026.76185012,46.43,-5.614579321699265e-07,47.93,ASK
815,1712308536.0550864,60125336.17792424,46.41,-5.616998877539081e-07,47.93,ASK
816,1712308536.0580664,60128302.77354665,46.43,-3.866733681455907e-07,47.93,ASK
817,1712308536.0611818,60132311.3245518,46.44,-5.224843948509084e-07,47.93,ASK
818,1712308536.0642078,61025777.73315281,46.4,-0.0001164566086892,47.93,ASK
819,1712308536.3235135,61036317.5331528,46.5,1.3737834488753528e-06,47.93,BID
820,1712308542.321309,61038972.84230389,46.5,3.460995240345407e-07,47.93,BID
821,1712308542.3812337,61046900.80027835,46.5,1.0333495368705648e-06,47.93,BID
822,1712308560.1838171,61046900.80027835,46.5,0.0,47.93,BID
823,1712308576.9010851,61047116.03919354,46.46,2.787699206331544e-08,47.93,BID
824,1712308584.3117769,61050610.08584508,46.39,-4.525367110676426e-07,47.93,ASK
825,1712308584.3186245,61054921.35982654,46.39,-5.583811387349471e-07,47.93,ASK
826,1712308584.3312747,61055738.58715646,46.39,-1.0584442766730453e-07,47.93,ASK
827,1712308586.1713629,61060052.65100442,46.36,-5.587424724937539e-07,47.93,ASK
828,1712308586.17676,61071910.39771346,46.36,-1.5357739124674423e-06,47.93,ASK
829,1712308586.2146034,61071910.39771364,46.36,-2.3159355842405602e-17,47.93,ASK
830,1712308586.4835994,61072018.46675356,46.35,-1.3996724362956686e-08,47.93,ASK
831,1712308586.4867003,61077333.46135981,46.35,-6.883795261842278e-07,47.93,ASK
1032,1712308588.6212106,61077533.46135981,46.34,-2.5903301025926726e-08,47.93,ASK
832,1712308588.6212106,61077533.46135981,46.34,-2.590330102592673e-08,47.93,ASK
833,1712308588.6285863,61081849.38712588,46.34,-5.58983621620733e-07,47.93,ASK
834,1712308588.6327307,61081957.4794867,46.34,-1.3999744804215709e-08,47.93,ASK
835,1712308590.1863284,61081957.4794867,46.34,-0.0,47.93,ASK
836,1712308591.8168073,61083957.4794867,46.33,-2.589784924134825e-07,47.93,ASK
837,1712308591.822559,61088274.3368137,46.33,-5.589866012561528e-07,47.93,ASK
838,1712308593.541427,61088274.33681456,46.33,-1.1094855750929744e-16,47.93,ASK
839,1712308593.5480263,61088684.33681456,46.32,-5.3090590944763904e-08,47.93,ASK
840,1712308593.5533028,61093002.1261047,46.32,-5.591072804594567e-07,47.93,ASK
841,1712308596.791286,61095002.1261047,46.33,-2.589784924134825e-07,47.93,ASK
842,1712308605.5114932,61095002.12610644,46.32,-2.2575619527978785e-16,47.93,ASK
843,1712308605.5184762,61103639.5694217,46.31,-1.1184560240464878e-06,47.93,ASK
844,1712308605.5315022,61103639.5694232,46.31,-1.93918783124946e-16,47.93,ASK
845,1712308606.6312926,61103839.5694232,46.3,-2.5897849241348247e-08,47.93,ASK
1046,1712308606.6382403,61104271.53486596,46.3,-5.5934879570583974e-08,47.93,ASK
846,1712308606.6382403,61104271.53486596,46.3,-5.593487957058397e-08,47.93,ASK
847,1712308606.643784,61111342.5681812,46.3,-9.156227738933552e-07,47.93,ASK
848,1712308620.2612495,61111342.5681812,46.3,-0.0,47.93,ASK
849,1712308650.2612813,61111342.5681812,46.3,-0.0,47.93,ASK
850,1712308653.500729,61127223.66001787,46.29,-2.056068270596255e-06,47.93,ASK
851,1712308653.5066397,61137806.92714343,46.3,-1.3701778164817155e-06,47.93,ASK
852,1712308653.5114765,61142127.51474334,46.29,-5.593710536952433e-07,47.93,ASK
853,1712308653.514662,61152926.65081245,46.3,-1.398125598031567e-06,47.93,ASK
854,1712308653.517841,61171144.62937515,46.3,-2.358616653213597e-06,47.93,ASK
855,1712308662.2363312,61189480.85652477,46.29,-2.373925875658764e-06,47.93,ASK
856,1712308662.2397032,61190762.14297654,46.27,-1.658835832014359e-07,47.93,ASK
857,1712308662.242941,61220762.14297654,46.3,-3.883992911335432e-06,47.93,ASK
858,1712308675.841498,61220978.12569792,46.3,-2.7962511960477003e-08,47.93,ASK
859,1712308675.9212718,61241787.34842101,46.3,2.694095784895949e-06,47.93,BID
860,1712308675.941223,61250762.14297654,46.3,1.1619346144790054e-06,47.93,BID
861,1712308676.301199,61260085.03556317,46.3,-1.207001623987547e-06,47.93,ASK
862,1712308676.911343,61269520.24261235,46.29,1.2215425765327352e-06,47.93,BID
863,1712308677.611119,61278896.42460889,46.29,1.2139008136659407e-06,47.93,BID
864,1712308678.3150694,61282561.00089152,46.29,4.744396101591546e-07,47.93,BID
865,1712308678.4968083,61289947.21089152,46.29,9.562662427212784e-07,47.93,BID
866,1712308678.6221182,61296292.11089152,46.29,8.214515541042131e-07,47.93,BID
867,1712308679.0112605,61305646.93787418,46.29,1.2111360562476316e-06,47.93,BID
868,1712308679.44127,61313204.49282082,46.29,9.784496613257507e-07,47.93,BID
869,1712308679.721525,61322639.68773288,46.29,1.2215410051837808e-06,47.93,BID
870,1712308680.174384,61322639.68773288,46.29,0.0,47.93,BID
871,1712308680.4098897,61328484.27817676,46.29,7.557211850704915e-07,47.93,BID
872,1712308681.621306,61330838.78769633,46.29,3.044443817705424e-07,47.93,BID
873,1712308685.5815015,61344411.81655863,46.3,1.7550289546042302e-06,47.93,BID
874,1712308709.7413886,61365580.98525319,46.4,2.7372301629049206e-06,47.93,BID
875,1712308709.7486317,61368780.56281605,46.4,4.137139412501642e-07,47.93,BID
876,1712308710.1812754,61368780.56281605,46.4,0.0,47.93,BID
877,1712308740.2744484,61368780.56281605,46.4,0.0,47.93,BID
878,1712308749.9113414,61384396.48288628,46.3,-2.018622031661546e-06,47.93,ASK
879,1712308770.2671487,61384396.48288628,46.3,-0.0,47.93,ASK
880,1712308800.2213464,61384396.48288628,46.3,-0.0,47.93,ASK
881,1712308803.846007,61385044.43105042,46.38,8.386028738868978e-08,47.93,BID
882,1712308808.231724,61385692.37921456,46.3,-8.386028738868978e-08,47.93,ASK
883,1712308808.5813355,61387852.67301451,46.29,-2.79594678915454e-07,47.93,ASK
884,1712308808.5869894,61396299.63249472,46.29,-1.0932424671785208e-06,47.93,ASK
1085,1712308808.5918238,61396514.77659689,46.29,-2.7844891360899722e-08,47.93,ASK
885,1712308808.5918238,61396514.77659689,46.29,-2.784489136089972e-08,47.93,ASK
886,1712308812.931475,61408022.88707953,46.29,1.4894300281751194e-06,47.93,BID
887,1712308812.9414742,61412455.67659689,46.29,5.737110210830977e-07,47.93,BID
888,1712308816.5511556,61418926.10730879,46.29,8.374314629731528e-07,47.93,BID
889,1712308819.1865385,61424054.32360625,46.29,6.637161987573494e-07,47.93,BID
890,1712308819.321489,61431665.83099818,46.31,-9.85114601247347e-07,47.93,ASK
891,1712308830.1663437,61431665.83099818,46.31,-0.0,47.93,ASK
892,1712308855.3012595,61435245.79211218,46.29,-4.632030474198011e-07,47.93,ASK
893,1712308855.3214035,61435245.79211289,46.29,-9.158130357467863e-17,47.93,ASK
1094,1712308855.4415169,61435462.00832875,46.25,-2.7975725685435532e-08,47.93,ASK
894,1712308855.4415169,61435462.00832875,46.25,-2.797572568543553e-08,47.93,ASK
895,1712308855.4487202,61435786.29375284,46.25,-4.195855538359117e-08,47.93,ASK
896,1712308855.4530084,61457840.34780689,46.25,-2.853524024564826e-06,47.93,ASK
897,1712308860.264286,61457840.34780689,46.25,-0.0,47.93,ASK
898,1712308866.0238602,61457840.34780757,46.25,-8.771150853779538e-17,47.93,ASK
899,1712308866.0300922,61462164.67213122,46.25,-5.594268794084143e-07,47.93,ASK
900,1712308866.0413773,61462164.67213157,46.25,-4.5301548365674544e-17,47.93,ASK
901,1712308868.5600836,61462597.29164271,46.23,-5.5966889848233135e-08,47.93,ASK
902,1712308868.5635738,61464760.389198,46.23,-2.798344491862255e-07,47.93,ASK
903,1712308868.5682952,61464976.69895357,46.23,-2.7983444924116568e-08,47.93,ASK
904,1712308868.5812857,61464976.69895397,46.23,-5.20485874839665e-17,47.93,ASK
905,1712308869.4617202,61466132.7203779,46.21,-1.4955156212061938e-07,47.93,ASK
906,1712308869.4714527,61466533.38271556,46.2,-5.1832671298122334e-08,47.93,ASK
907,1712308869.4748087,61516188.67528304,46.2,-6.423779367156607e-06,47.93,ASK
908,1712308869.478141,61516871.41554197,46.2,-8.832437715466965e-08,47.93,ASK
909,1712308869.6016655,61517087.86575842,46.2,-2.8001615992038183e-08,47.93,ASK
910,1712308869.607303,61621741.39275267,46.2,-1.3538761583013225e-05,47.93,ASK
911,1712308890.6659372,61621741.39275267,46.2,-0.0,47.93,ASK
1112,1712308893.243611,61621957.88982995,46.19,-2.798026765915064e-08,47.93,ASK
912,1712308893.243611,61621957.88982995,46.19,-2.7980267659150642e-08,47.93,ASK
913,1712308893.250645,61622067.22085398,46.19,-1.4130035168203284e-08,47.93,ASK
914,1712308903.9411187,61622500.21500855,46.19,-5.5960535320227127e-08,47.93,ASK
1115,1712308907.681324,61622716.85279017,46.16,-2.7998452408700086e-08,47.93,ASK
915,1712308907.681324,61622716.85279017,46.16,-2.799845240870009e-08,47.93,ASK
916,1712308907.6849189,61642974.02860795,46.13,-2.618054749395387e-06,47.93,ASK
917,1712308907.6883438,61643301.28164087,46.16,-4.2294462209556034e-08,47.93,ASK
918,1712308907.6917696,61643900.74414628,46.14,-7.74750475330024e-08,47.93,ASK
919,1712308907.6952748,61644009.2815244,46.15,-1.402746369105812e-08,47.93,ASK
920,1712308910.891409,61647894.376917,46.23,5.021130554399452e-07,47.93,BID
921,1712308920.2267134,61647894.376917,46.23,0.0,47.93,BID
922,1712308950.1846375,61647894.376917,46.23,0.0,47.93,BID
923,1712308957.6315372,61693770.67510202,46.13,-5.928167385486841e-06,47.93,ASK
924,1712308957.6518087,61737289.20109922,46.13,-5.623494411876786e-06,47.93,ASK
925,1712308957.6589532,61759637.20109922,46.13,-2.887824213639747e-06,47.93,ASK
926,1712308957.7717483,61780485.73648958,46.15,-2.694062346483488e-06,47.93,ASK
927,1712308959.881317,61781589.26131073,46.13,-1.425982503517858e-07,47.93,ASK
928,1712308960.461158,61785104.71014713,46.13,4.542687610332372e-07,47.93,BID
929,1712308970.7812448,61815546.65330231,46.13,3.933729217549052e-06,47.93,BID
930,1712308972.5655744,61815738.99083868,46.1,-2.4853991171740952e-08,47.93,ASK
931,1712308972.7427416,61867607.39082942,46.1,-6.702470977985713e-06,47.93,ASK
932,1712308972.7519443,61877563.42787856,46.1,-1.2865260811881334e-06,47.93,ASK
933,1712308972.7554278,61883199.06345338,46.1,-7.282407764546262e-07,47.93,ASK
934,1712308972.781887,61888418.81732638,46.1,6.74500251642436e-07,47.93,BID
935,1712308972.7966912,61893638.57119938,46.1,6.745002516414732e-07,47.93,BID
936,1712308972.8386552,61898858.32507238,46.12,6.745002516414732e-07,47.93,BID
937,1712308972.8421535,61908243.92647738,46.12,1.2128139876918077e-06,47.93,BID
938,1712308972.845523,61980958.74471168,46.12,9.396259745276114e-06,47.93,BID
939,1712308980.2610743,61980958.74471168,46.12,0.0,47.93,BID
940,1712308985.011457,61981108.29776006,46.09,-1.9287068567310727e-08,47.93,ASK
941,1712308985.0192146,62020813.2229063,46.09,-5.1205349677062246e-06,47.93,ASK
942,1712308986.1088388,62028823.99531353,46.09,1.0331071039297497e-06,47.93,BID
943,1712308992.7313905,62040673.99531353,46.09,1.5282320554398394e-06,47.93,BID
944,1712308992.846655,62044332.22883306,46.09,4.71783099647392e-07,47.93,BID
945,1712308993.7513633,62051022.22883305,46.09,8.627740464878599e-07,47.93,BID
946,1712309001.8490548,62066177.11329026,46.09,1.9544455885225813e-06,47.93,BID
947,1712309003.4112363,62125803.86025447,46.09,7.689747347873754e-06,47.93,BID
948,1712309003.432422,62140958.74471168,46.09,1.954445588523542e-06,47.93,BID
949,1712309010.279204,62140958.74471168,46.09,0.0,47.93,BID
950,1712309031.3811762,62141158.74471168,46.19,2.5768439331046728e-08,47.93,BID
951,1712309031.5211544,62147870.19335764,46.19,-8.647177862838693e-07,47.93,ASK
952,1712309040.1790946,62147870.19335764,46.19,-0.0,47.93,ASK
953,1712309049.941546,62148086.64357409,46.2,2.7886774327395745e-08,47.93,BID
954,1712309070.1849031,62148086.64357409,46.2,0.0,47.93,BID
955,1712309100.2612915,62148086.64357409,46.2,0.0,47.93,BID
956,1712309104.6037452,62148520.57718224,46.09,-5.5908668731786843e-08,47.93,ASK
957,1712309104.6074462,62150547.64357409,46.09,-2.611703294469857e-07,47.93,ASK
958,1712309105.7498655,62150981.57718224,46.09,-5.5908668731786843e-08,47.93,ASK
959,1712309105.7560737,62151232.85750334,46.09,-3.23753402990931e-08,47.93,ASK
960,1712309105.941164,62155282.85750334,46.1,5.218081847314217e-07,47.93,BID
961,1712309106.0352433,62155413.04740334,46.07,-1.6773865528673012e-08,47.93,ASK
962,1712309111.18126,62176662.26156023,46.1,2.737781201524735e-06,47.93,BID
963,1712309111.1876218,62241200.87559212,46.1,8.315253588410278e-06,47.93,BID
964,1712309126.3373027,62247800.87559211,46.1,8.503540788206162e-07,47.93,BID
965,1712309130.2722688,62247800.87559211,46.1,0.0,47.93,BID
966,1712309136.7613816,62252810.87559211,46.1,6.451139771265568e-07,47.93,BID
967,1712309138.3215778,62253028.03085812,46.05,-2.7962055351140986e-08,47.93,ASK
968,1712309138.3296754,62253353.95919688,46.05,-4.196824887721412e-08,47.93,ASK
969,1712309138.3359983,62253462.62445155,46.04,-1.3992310302187104e-08,47.93,ASK
970,1712309143.9768891,62253597.38873571,46.03,-1.7352958748795737e-08,47.93,ASK
971,1712309143.9903672,62255615.62445155,46.03,-2.598786565712595e-07,47.93,ASK
972,1712309148.9625812,62275172.62445155,46.1,2.518262285561691e-06,47.93,BID
973,1712309148.9724014,62288237.35373762,46.1,1.682283327309663e-06,47.93,BID
974,1712309148.9759922,62295066.59982298,46.1,8.793696812181588e-07,47.93,BID
975,1712309154.13144,62295229.27981701,46.2,2.0947532523745333e-08,47.93,BID
976,1712309160.1755793,62295229.27981701,46.2,0.0,47.93,BID
977,1712309163.8403504,62297441.93202807,46.2,2.8483256284401377e-07,47.93,BID
978,1712309172.982282,62360137.85679296,46.14,-8.07078529620432e-06,47.93,ASK
979,1712309183.3219223,62364083.92293673,46.14,-5.079732491457488e-07,47.93,ASK
980,1712309190.1876364,62364083.92293673,46.14,-0.0,47.93,ASK
981,1712309212.3220572,62381811.02541021,46.14,-2.281059710834694e-06,47.93,ASK
982,1712309212.4019885,62400884.38316221,46.14,2.4542909921965424e-06,47.93,BID
983,1712309212.42174,62400884.38316317,46.14,1.2367409072710071e-16,47.93,BID
984,1712309220.2830837,62400884.38316317,46.14,0.0,47.93,BID
985,1712309221.0143793,62411884.38316317,46.14,1.4151311981869483e-06,47.93,BID
986,1712309250.2756617,62411884.38316317,46.14,0.0,47.93,BID
987,1712309251.062069,62413961.65777887,46.14,-2.672203807873905e-07,47.93,ASK
988,1712309280.1543145,62413961.65777887,46.14,-0.0,47.93,ASK
989,1712309310.1734366,62413961.65777887,46.14,-0.0,47.93,ASK
990,1712309312.5019927,62414198.36910125,46.28,3.045014334690922e-08,47.93,BID
1191,1712309313.0848806,62414630.52121879,46.28,5.559131601491933e-08,47.93,BID
991,1712309313.0848806,62414630.52121879,46.28,5.5591316014919333e-08,47.93,BID
992,1712309316.6824868,62414846.59727756,46.28,2.779565800698045e-08,47.93,BID
993,1712309331.7758152,62415062.67333633,46.28,2.779565800698045e-08,47.93,BID
994,1712309340.274959,62415062.67333633,46.28,0.0,47.93,BID
995,1712309362.482025,62416327.29833633,46.18,-1.6267815047146204e-07,47.93,ASK
996,1712309366.4919765,62418488.5259136,46.27,2.780148304985781e-07,47.93,BID
997,1712309366.7407615,62418704.60197237,46.28,2.7795475814172755e-08,47.93,BID
998,1712309370.275656,62418704.60197237,46.28,0.0,47.93,BID
999,1712309379.0219207,62418704.60197244,46.28,8.625627156997389e-18,47.93,BID
1000,1712309379.0274096,62427507.94811544,46.28,1.1324155745043411e-06,47.93,BID
1201,1712309379.1221583,62429782.74707144,46.29,2.926180255547734e-07,47.93,BID
1202,1712309385.2118645,62450926.76963465,46.28,2.719854481388476e-06,47.93,BID
1203,1712309400.2821972,62450926.76963465,46.28,0.0,47.93,BID
1204,1712309407.652077,62472287.65359077,46.28,2.748961332647505e-06,47.93,BID
1205,1712309417.532173,62483087.65359077,46.28,-1.3898667514687694e-06,47.93,ASK
1206,1712309430.1887631,62483087.65359077,46.28,-0.0,47.93,ASK
1207,1712309432.052164,62495880.68087996,46.28,-1.6460368654724654e-06,47.93,ASK
1208,1712309432.0543003,62496110.68087996,46.28,-2.9593345695321773e-08,47.93,ASK
1209,1712309437.754087,62496110.6808807,46.29,9.586417705896682e-17,47.93,BID
1210,1712309437.7568483,62512588.63556296,46.29,2.120164388103339e-06,47.93,BID
1211,1712309460.2620606,62512588.63556296,46.29,0.0,47.93,BID
1212,1712309490.2620327,62512588.63556296,46.29,0.0,47.93,BID
1213,1712309520.216233,62512588.63556296,46.29,0.0,47.93,BID
1214,1712309531.1922934,62524129.46587548,46.29,1.4846599464108604e-06,47.93,BID
1215,1712309531.195576,62524379.46587548,46.29,3.216102971378502e-08,47.93,BID
1216,1712309534.1248162,62530660.47673948,46.29,8.0801510811942e-07,47.93,BID
1217,1712309534.1460724,62659519.23105548,46.29,1.657692090575307e-05,47.93,BID
1218,1712309536.178578,62707483.04546748,46.29,6.170262641962924e-06,47.93,BID
1219,1712309543.3419995,62707483.0454679,46.29,5.367450904762629e-17,47.93,BID
1220,1712309550.166458,62707483.0454679,46.29,0.0,47.93,BID
1221,1712309580.269452,62707483.0454679,46.29,0.0,47.93,BID
1222,1712309582.4354324,62728607.1766149,46.29,2.714345013167435e-06,47.93,BID
1223,1712309582.437631,62728607.17661526,46.29,4.595338928218278e-17,47.93,BID
1224,1712309582.441942,62731432.57661526,46.38,3.630497437659906e-07,47.93,BID
1225,1712309600.9366944,62736742.41321489,46.33,-6.822873989300955e-07,47.93,ASK
1226,1712309600.9381692,62742082.8911827,46.33,-6.862246612164534e-07,47.93,ASK
1227,1712309610.191932,62742082.8911827,46.33,-0.0,47.93,ASK
1228,1712309615.8021772,62808346.1128037,46.38,8.512739301950744e-06,47.93,BID
1229,1712309640.2801678,62808346.1128037,46.38,0.0,47.93,BID
1230,1712309651.43839,62810350.41185296,46.28,-2.573877494622051e-07,47.93,ASK
1231,1712309666.223298,62813246.75668042,46.22,-3.719423391829201e-07,47.93,ASK
1232,1712309668.9777534,62813436.87074886,46.15,-2.441403753351287e-08,47.93,ASK
1233,1712309670.2720191,62813436.87074886,46.15,-0.0,47.93,ASK
1234,1712309700.1221,62886311.87074886,46.32,9.358167007035828e-06,47.93,BID
1235,1712309700.127055,62896929.27427664,46.32,1.3634227841372168e-06,47.93,BID
1236,1712309700.1965232,62896929.27427664,46.32,0.0,47.93,BID
1237,1712309700.2077525,62917809.62810217,46.32,-2.6804108221217905e-06,47.93,ASK
1238,1712309700.2218373,63013436.87074886,46.32,-1.2275668229646776e-05,47.93,ASK
1239,1712309704.6121566,63086818.14126641,46.27,-9.41995299887014e-06,47.93,ASK
1240,1712309704.6320102,63109623.04866406,46.27,-2.927465745882288e-06,47.93,ASK
1241,1712309704.6419818,63269065.18138923,46.27,-2.0467585062477864e-05,47.93,ASK
1242,1712309704.807994,63313436.87074886,46.27,-5.695993341356253e-06,47.93,ASK
1243,1712309730.186483,63313436.87074886,46.27,-0.0,47.93,ASK
1244,1712309760.2679508,63313436.87074886,46.27,-0.0,47.93,ASK
1245,1712309778.5250711,63313936.87074886,46.16,-6.402655070057391e-08,47.93,ASK
1246,1712309790.2770288,63313936.87074886,46.16,-0.0,47.93,ASK
1247,1712309820.183051,63313936.87074886,46.16,-0.0,47.93,ASK
1248,1712309839.0320876,63314268.07074886,46.24,4.241106183905423e-08,47.93,BID
1249,1712309850.187789,63314268.07074886,46.24,0.0,47.93,BID
1250,1712309880.266068,63314268.07074886,46.24,0.0,47.93,BID
1251,1712309910.269807,63314268.07074886,46.24,0.0,47.93,BID
1252,1712309940.192958,63314268.07074886,46.24,0.0,47.93,BID
1253,1712309959.742312,63324385.47427663,46.21,-1.2955585301685736e-06,47.93,ASK
1254,1712309959.745298,63326385.47427663,46.18,-2.561049436472618e-07,47.93,ASK
1255,1712309959.7477438,63347125.34441231,46.21,-2.6557916361749074e-06,47.93,ASK
1256,1712309959.8420322,63348192.77074886,46.18,1.3668658088477088e-07,47.93,BID
1257,1712309959.9258728,63355069.70702486,46.24,8.806086887149175e-07,47.93,BID
1258,1712309959.9419613,63357523.58214396,46.24,3.142247745478996e-07,47.93,BID
1259,1712309970.1960082,63357523.58214396,46.24,0.0,47.93,BID
1260,1712309971.301927,63365523.58214396,46.24,1.024157610618259e-06,47.93,BID
1261,1712309971.3219273,63373123.48214396,46.32,9.729369281170226e-07,47.93,BID
1262,1712310000.206928,63373123.48214396,46.32,0.0,47.93,BID
1263,1712310019.5021107,63384181.19375196,46.32,1.4176398861117008e-06,47.93,BID
1264,1712310019.528752,63384181.19375262,46.32,8.405691639396536e-17,47.93,BID
1265,1712310030.1884944,63384181.19375262,46.32,0.0,47.93,BID
1266,1712310060.2562256,63384181.19375262,46.32,0.0,47.93,BID
1267,1712310090.2651317,63384181.19375262,46.32,0.0,47.93,BID
1268,1712310120.1723702,63384181.19375262,46.32,0.0,47.93,BID
1269,1712310122.5419824,63393248.62008917,46.26,-1.1624015590715662e-06,47.93,ASK
1270,1712310135.802003,63399572.62008917,46.26,-8.107071606340851e-07,47.93,ASK
1271,1712310136.1419692,63404631.62008917,46.26,-6.485400894446294e-07,47.93,ASK
1272,1712310136.251966,63424871.938893,46.26,-2.594714008187418e-06,47.93,ASK
1273,1712310139.6720307,63428911.25961429,46.23,5.178219849538672e-07,47.93,BID
1274,1712310139.7767286,63439731.42840892,46.21,-1.3870949274316263e-06,47.93,ASK
1275,1712310139.779259,63439947.87862537,46.2,-2.7747903288527543e-08,47.93,ASK
1276,1712310150.1686442,63439947.87862537,46.2,-0.0,47.93,ASK
1277,1712310155.8171074,63446746.07775956,46.19,8.712092214614884e-07,47.93,BID
1278,1712310180.262451,63446746.07775956,46.19,0.0,47.93,BID
1279,1712310181.0922291,63452447.70297679,46.19,7.306506453179246e-07,47.93,BID
1280,1712310181.0957563,63452865.58847616,46.19,5.35511013346618e-08,47.93,BID
1281,1712310197.6521792,63457198.34410874,46.16,-5.552330394110507e-07,47.93,ASK
1282,1712310197.6548018,63460198.34410816,46.16,-3.8444335641400484e-07,47.93,ASK
1283,1712310197.7767549,63460198.34410874,46.16,-7.447248152420231e-17,47.93,ASK
1284,1712310199.8426404,63464532.03858327,46.15,-5.553533499283705e-07,47.93,ASK
1285,1712310199.8459156,63465425.34813346,46.15,-1.1447564061922397e-07,47.93,ASK
1286,1712310199.848474,63469759.04260799,46.15,-5.553533499283705e-07,47.93,ASK
1287,1712310199.8509138,63479093.67633144,46.14,-1.196212640077273e-06,47.93,ASK
1288,1712310199.853334,63507310.36105516,46.15,-3.615905661388014e-06,47.93,ASK
1289,1712310199.855814,63520404.30447153,46.14,-1.6779598522200762e-06,47.93,ASK
1290,1712310200.3874545,63525412.10447153,46.13,6.417384802072836e-07,47.93,BID
1291,1712310203.5320995,63531116.26347153,46.13,7.309753439682222e-07,47.93,BID
1292,1712310205.6821444,63531116.2640636,46.13,7.587218226669564e-14,47.93,BID
1293,1712310210.262196,63531116.2640636,46.13,0.0,47.93,BID
1294,1712310216.322067,63536654.69247455,46.19,7.093833880423502e-07,47.93,BID
1295,1712310240.177195,63536654.69247455,46.19,0.0,47.93,BID
1296,1712310270.1848009,63536654.69247455,46.19,0.0,47.93,BID
1297,1712310300.2076802,63536654.69247455,46.19,0.0,47.93,BID
1298,1712310330.1722758,63536654.69247455,46.19,0.0,47.93,BID
1299,1712310360.2694492,63536654.69247455,46.19,0.0,47.93,BID
1300,1712310369.0522196,63543149.60479324,46.2,-8.359011973116283e-07,47.93,ASK
1301,1712310384.6222725,63569932.59009213,46.17,-3.446994875433408e-06,47.93,ASK
1302,1712310384.6257124,63576730.78922633,46.2,-8.749344897986379e-07,47.93,ASK
1303,1712310390.2608137,63576730.78922633,46.2,-0.0,47.93,ASK
1304,1712310418.99239,63577335.57280209,46.17,-7.781766795051079e-08,47.93,ASK
1305,1712310419.002542,63577445.57280209,46.18,-1.4153730057604288e-08,47.93,ASK
1306,1712310420.180176,63577445.57280209,46.18,-0.0,47.93,ASK
1307,1712310420.4620967,63583951.85971522,46.17,-8.371621599855903e-07,47.93,ASK
1308,1712310420.464182,63594781.4027085,46.17,-1.3934343389633284e-06,47.93,ASK
1309,1712310420.6221795,63615320.05301031,46.14,2.642702524405965e-06,47.93,BID
1310,1712310420.6238582,63635858.70331212,46.14,2.642702524406924e-06,47.93,BID
1311,1712310420.6253226,63638600.80331212,46.3,3.528252580229243e-07,47.93,BID
1312,1712310425.3420508,63638708.88805055,46.26,1.3907233770993552e-08,47.93,BID
1313,1712310439.2150676,63643045.40149374,46.12,-5.579780002604164e-07,47.93,ASK
1314,1712310439.2165864,63647381.91493693,46.12,-5.579780002594578e-07,47.93,ASK
1315,1712310439.2236283,63686708.88805055,46.12,-5.06019088875884e-06,47.93,ASK
1316,1712310439.9225605,63686935.16309995,46.11,-2.9114748801950825e-08,47.93,ASK
1317,1712310439.9242315,63687799.14271391,46.11,-1.111680209407912e-07,47.93,ASK
1318,1712310439.9257298,63710204.97117826,46.11,-2.8829518285795327e-06,47.93,ASK
1319,1712310439.9272163,63724785.53815813,46.11,-1.8760775707634432e-06,47.93,ASK
1320,1712310450.1920617,63724785.53815813,46.11,-0.0,47.93,ASK
1321,1712310463.632129,63745346.70036151,46.11,-2.643287267536596e-06,47.93,ASK
1322,1712310480.262339,63745346.70036151,46.11,-0.0,47.93,ASK
1323,1712310480.3043883,63762519.94379274,46.11,-2.207476563893185e-06,47.93,ASK
1324,1712310480.3420165,63764212.7189784,46.11,-2.175920678728015e-07,47.93,ASK
1325,1712310480.343574,63768058.37220369,46.11,-4.943265028354483e-07,47.93,ASK
1326,1712310483.3991938,63768275.24489941,46.11,-2.7877168052427203e-08,47.93,ASK
1327,1712310483.4008484,63784599.82820369,46.11,-2.0983884147365123e-06,47.93,ASK
1328,1712310483.992478,63785248.89090709,46.09,-8.34315726074725e-08,47.93,ASK
1329,1712310483.9960265,63787418.08830405,46.1,-2.7883215162193054e-07,47.93,ASK
1330,1712310483.9994638,63787418.08830467,46.11,-7.948990626265428e-17,47.93,ASK
1331,1712310484.002209,63791756.48309859,46.1,-5.576643032429033e-07,47.93,ASK
1332,1712310484.003899,63825921.15604055,46.09,-4.391582471562956e-06,47.93,ASK
1333,1712310484.005456,63834599.82820369,46.09,-1.1155705957686391e-06,47.93,ASK
1334,1712310494.2523315,63834999.82820369,46.09,-5.1416648759067136e-08,47.93,ASK
1335,1712310510.2763827,63834999.82820369,46.09,-0.0,47.93,ASK
1336,1712310513.592035,63835999.82820369,46.09,-1.2847336942556492e-07,47.93,ASK
1337,1712310517.10238,63843512.02831873,46.2,9.65117660578298e-07,47.93,BID
1338,1712310517.222122,63873430.05689812,46.2,-3.8436699381638206e-06,47.93,ASK
1339,1712310521.42421,63903160.99574379,46.2,-3.81963388968886e-06,47.93,ASK
1340,1712310521.5275648,63903348.08547751,46.2,2.4036048475917743e-08,47.93,BID
1341,1712310540.1851945,63903348.08547751,46.2,0.0,47.93,BID
1342,1712310570.2571251,63903348.08547751,46.2,0.0,47.93,BID
1343,1712310600.2080886,63903348.08547751,46.2,0.0,47.93,BID
1344,1712310630.186612,63903348.08547751,46.2,0.0,47.93,BID
1345,1712310649.7521615,63903980.94952484,46.2,-8.16116540501012e-08,47.93,ASK
1346,1712310649.7552018,63906145.45168934,46.2,-2.791256709619782e-07,47.93,ASK
1347,1712310650.1998627,63919012.70453085,46.2,-1.65931022926784e-06,47.93,ASK
1348,1712310660.2850735,63919012.70453085,46.2,-0.0,47.93,ASK
1349,1712310663.7454782,63948802.63093205,46.2,-3.841233048259977e-06,47.93,ASK
1350,1712310663.7521653,63953131.73266365,46.2,-5.582118067947456e-07,47.93,ASK
1351,1712310663.7558613,63969738.35830147,46.12,-2.1413251701594537e-06,47.93,ASK
1352,1712310690.2521834,63969738.35830147,46.12,-0.0,47.93,ASK
1353,1712310713.6321423,63985396.01483529,46.2,-2.0183517062388967e-06,47.93,ASK
1354,1712310720.1822803,63985396.01483529,46.2,-0.0,47.93,ASK
1355,1712310733.532166,64001875.87277529,46.3,2.124139585335537e-06,47.93,BID
1356,1712310733.5520318,64014627.56153059,46.3,1.6436043905015194e-06,47.93,BID
1357,1712310736.7221642,64087502.56153059,46.23,-9.39308292856355e-06,47.93,ASK
1358,1712310736.822156,64097724.29079388,46.23,1.317510128897632e-06,47.93,BID
1359,1712310742.3020115,64102066.63426006,46.2,-5.596980073017102e-07,47.93,ASK
1360,1712310742.402792,64111761.34862656,46.2,1.2495815576439064e-06,47.93,BID
1361,1712310742.542135,64119842.57974328,46.28,-1.0416147381713194e-06,47.93,ASK
1362,1712310742.5520475,64141492.28747223,46.29,-2.7904974281607e-06,47.93,ASK
1363,1712310750.175895,64141492.28747223,46.29,-0.0,47.93,ASK
1364,1712310780.2735932,64141492.28747223,46.29,-0.0,47.93,ASK
1365,1712310786.0722637,64198063.85831895,46.25,7.284904721945385e-06,47.93,BID
1366,1712310786.075894,64208681.26184673,46.24,1.367237499978785e-06,47.93,BID
1367,1712310790.3322403,64243612.49022511,46.25,-4.498207611142872e-06,47.93,ASK
1368,1712310790.3360033,64251673.54292781,46.25,-1.0380479102637398e-06,47.93,ASK
1369,1712310810.262105,64251673.54292781,46.25,-0.0,47.93,ASK
1370,1712310840.2022934,64251673.54292781,46.25,-0.0,47.93,ASK
1371,1712310870.1872144,64251673.54292781,46.25,-0.0,47.93,ASK
1372,1712310892.882296,64251873.54292781,46.25,2.5737759780501763e-08,47.93,BID
1373,1712310892.886333,64254418.95870606,46.25,3.27566499210423e-07,47.93,BID
1374,1712310899.7126024,64267450.85325751,46.29,1.6770588572500585e-06,47.93,BID
1375,1712310899.7168074,64267904.85870606,46.34,5.8425415869092423e-08,47.93,BID
1376,1712310900.2670069,64267904.85870606,46.34,0.0,47.93,BID
1377,1712310930.2651927,64267904.85870606,46.34,0.0,47.93,BID
1378,1712310959.372161,64309044.09236761,46.23,-5.3027451948693644e-06,47.93,ASK
1379,1712310960.1914694,64309044.09236761,46.23,-0.0,47.93,ASK
1380,1712310990.178838,64309044.09236761,46.23,-0.0,47.93,ASK
1381,1712311020.264044,64309044.09236761,46.23,-0.0,47.93,ASK
1382,1712311050.2622073,64309044.09236761,46.23,-0.0,47.93,ASK
1383,1712311052.1721642,64309194.09236761,46.23,-1.932988936103056e-08,47.93,ASK
1384,1712311080.1680706,64309194.09236761,46.23,-0.0,47.93,ASK
1385,1712311092.6505704,64309394.09236761,46.25,2.5773162783273453e-08,47.93,BID
1386,1712311110.1917715,64309394.09236761,46.25,0.0,47.93,BID
1387,1712311122.132247,64309394.09236833,46.38,9.217190287640252e-17,47.93,BID
1388,1712311134.3823235,64309502.92857522,46.4,1.4025249666312077e-08,47.93,BID
1389,1712311135.9078295,64309555.73029937,46.4,6.8043290480574084e-09,47.93,BID
1390,1712311136.0220838,64309611.76478211,46.4,-7.220920618254669e-09,47.93,ASK
1391,1712311140.2822587,64309611.76478211,46.4,-0.0,47.93,ASK
1392,1712311170.2669463,64309611.76478211,46.4,-0.0,47.93,ASK
1393,1712311182.8270152,64309731.76478211,46.3,-1.546385911000401e-08,47.93,ASK
1394,1712311200.2320116,64309731.76478211,46.3,-0.0,47.93,ASK
1395,1712311230.1921988,64309731.76478211,46.3,-0.0,47.93,ASK
1396,1712311232.2363932,64326326.94166656,46.4,2.142465579384443e-06,47.93,BID
1397,1712311232.2395864,64392297.49485711,46.4,8.51691069325964e-06,47.93,BID
1398,1712311232.3195522,64589749.7285628,46.4,2.5491419418578715e-05,47.93,BID
1399,1712311232.352113,64636871.4885248,46.4,6.083499408385287e-06,47.93,BID
1400,1712311232.416633,64698041.1354118,46.4,7.897105518730054e-06,47.93,BID
1401,1712311234.9021869,64698472.16989456,46.4,-5.564728530921188e-08,47.93,ASK
1402,1712311260.2118428,64698472.16989456,46.4,-0.0,47.93,ASK
1403,1712311267.8921552,64709200.94343882,46.4,-1.381884957525981e-06,47.93,ASK
1404,1712311290.176374,64709200.94343882,46.4,-0.0,47.93,ASK
1405,1712311295.433985,64716670.48452982,46.4,-9.62028383679391e-07,47.93,ASK
1406,1712311298.0621471,64716670.48453034,46.4,-6.62114612671213e-17,47.93,ASK
1407,1712311310.6122434,64722055.7215993,46.4,6.935835615695632e-07,47.93,BID
1408,1712311320.2654688,64722055.7215993,46.4,0.0,47.93,BID
1409,1712311325.592161,64729510.2215993,46.4,9.60017439920183e-07,47.93,BID
1410,1712311350.2822318,64729510.2215993,46.4,0.0,47.93,BID
1411,1712311380.2019255,64729510.2215993,46.4,0.0,47.93,BID
1412,1712311410.2073338,64729510.2215993,46.4,0.0,47.93,BID
1413,1712311431.3327048,64729630.2215993,46.32,-1.5453345142364507e-08,47.93,ASK
1414,1712311440.2701056,64729630.2215993,46.32,-0.0,47.93,ASK
1415,1712311458.9033668,64734766.39923709,46.38,6.614255744622405e-07,47.93,BID
1416,1712311460.3497171,64735294.06763087,46.32,-6.795196644213728e-08,47.93,ASK
1417,1712311460.823217,64737720.12732829,46.31,-3.124225917032584e-07,47.93,ASK
1418,1712311460.8333335,64750027.79340455,46.31,-1.5849539636031491e-06,47.93,ASK
1419,1712311462.414302,64793224.337681,46.3,-5.5627552486978745e-06,47.93,ASK
1420,1712311462.418388,64811715.21031163,46.3,-2.3812136017345155e-06,47.93,ASK
1421,1712311469.7235885,64840349.26432066,46.31,3.687430022429909e-06,47.93,BID
1422,1712311470.2709715,64840349.26432066,46.31,0.0,47.93,BID
1423,1712311500.1889925,64840349.26432066,46.31,0.0,47.93,BID
1424,1712311506.8340704,64840457.18404444,46.34,1.3924038618871838e-08,47.93,BID
1425,1712311513.9043958,64840661.98482207,46.23,-2.6423843916846933e-08,47.93,ASK
1426,1712311516.398407,64840673.49380001,46.23,-1.4849134857305263e-09,47.93,ASK
1427,1712311516.402099,64858978.70359904,46.23,-2.361778173865394e-06,47.93,ASK
1428,1712311530.1810212,64858978.70359904,46.23,-0.0,47.93,ASK
1429,1712311560.2698655,64858978.70359904,46.23,-0.0,47.93,ASK
1430,1712311566.7183917,64879827.23898939,46.3,2.6896247276777404e-06,47.93,BID
1431,1712311567.0496106,64889893.6080344,46.32,-1.2986406284409162e-06,47.93,ASK
1432,1712311579.7353766,64916413.73442933,46.34,3.4213044896171053e-06,47.93,BID
1433,1712311590.2658312,64916413.73442933,46.34,0.0,47.93,BID
1434,1712311620.1811929,64916413.73442933,46.34,0.0,47.93,BID
1435,1712311631.406237,64927198.15663342,46.34,-1.3907977648981764e-06,47.93,ASK
1436,1712311650.196763,64927198.15663342,46.34,-0.0,47.93,ASK
1437,1712311677.14686,64927398.15663342,46.43,2.579105506146463e-08,47.93,BID
1438,1712311680.2697155,64927398.15663342,46.43,0.0,47.93,BID
1439,1712311710.2723,64927398.15663342,46.43,0.0,47.93,BID
1440,1712311740.193787,64927398.15663342,46.43,0.0,47.93,BID
1441,1712311770.1736455,64927398.15663342,46.43,0.0,47.93,BID
1442,1712311800.2285037,64927398.15663342,46.43,0.0,47.93,BID
1443,1712311804.548797,64929929.88764417,46.3,-3.266777543303188e-07,47.93,ASK
1444,1712311804.553028,64963829.03456428,46.3,-4.374120766603039e-06,47.93,ASK
1445,1712311830.1987164,64963829.03456428,46.3,-0.0,47.93,ASK
1446,1712311844.6389368,64968748.41787128,46.43,6.346264237673295e-07,47.93,BID
1447,1712311844.7190514,64968748.41787183,46.43,7.112615378515555e-17,47.93,BID
1448,1712311844.72239,64975751.49655328,46.44,9.034341301767246e-07,47.93,BID
1449,1712311844.9586885,64988014.53547898,46.44,1.5819967772908784e-06,47.93,BID
1450,1712311856.938925,64988175.82580157,46.5,2.0807303320037092e-08,47.93,BID
1451,1712311856.9488304,64988229.58924242,46.5,6.935767771102979e-09,47.93,BID
1452,1712311860.3048112,64988229.58924242,46.5,0.0,47.93,BID
1453,1712311882.1826882,65061104.58924242,46.54,9.39988575428892e-06,47.93,BID
1454,1712311882.1861186,65073139.04840667,46.5,1.55228186975748e-06,47.93,BID
1455,1712311882.3254287,65174352.90593248,46.57,-1.3055213687732356e-05,47.93,ASK
1456,1712311882.329639,65216072.70490148,46.57,-5.381287739286534e-06,47.93,ASK
1457,1712311882.3315585,65331337.92492736,46.57,-1.486764870924552e-05,47.93,ASK
1458,1712311882.3422186,65363206.92492736,46.57,-4.110668392499947e-06,47.93,ASK
1459,1712311882.345616,65401004.56314692,46.57,-4.875382244196046e-06,47.93,ASK
1460,1712311890.2681017,65401004.56314692,46.57,-0.0,47.93,ASK
1461,1712311920.2300725,65401004.56314692,46.57,-0.0,47.93,ASK
1462,1712311950.2051268,65401004.56314692,46.57,-0.0,47.93,ASK
1463,1712311955.329912,65427409.79628454,46.51,3.397493886484527e-06,47.93,BID
1464,1712311960.8899317,65431159.27209392,46.51,4.824354730555724e-07,47.93,BID
1465,1712311967.520125,65573951.11743964,46.51,-1.837266192930162e-05,47.93,ASK
1466,1712311967.610076,65608351.08225302,46.51,-4.426155585886421e-06,47.93,ASK
1467,1712311967.7035232,65608351.08225303,46.51,-1.917294340623887e-18,47.93,ASK
1468,1712311980.3007016,65608351.08225303,46.51,-0.0,47.93,ASK
1469,1712311985.3603027,65642976.31123603,46.51,-4.449618537504933e-06,47.93,ASK
1470,1712312001.0002542,65642976.31123604,46.51,-9.574591277222662e-19,47.93,ASK
1471,1712312010.2780142,65642976.31123604,46.51,-0.0,47.93,ASK
1472,1712312040.193535,65642976.31123604,46.51,-0.0,47.93,ASK
1473,1712312070.19089,65642976.31123604,46.51,-0.0,47.93,ASK
1474,1712312079.050992,65645131.48364983,46.4,-2.7689956750862175e-07,47.93,ASK
1475,1712312079.1308742,65646537.35941669,46.52,1.8062888580300042e-07,47.93,BID
1476,1712312079.1334856,65650849.48364983,46.51,5.540277555331233e-07,47.93,BID
1477,1712312079.1360798,65656868.49809159,46.51,7.733313980310107e-07,47.93,BID
1478,1712312100.2044432,65656868.49809159,46.51,0.0,47.93,BID
1479,1712312130.197925,65656868.49809159,46.51,0.0,47.93,BID
1480,1712312135.3527672,65729743.49809159,46.49,9.38726220085105e-06,47.93,BID
1481,1712312135.3564422,65829743.49809159,46.51,1.2881320344220994e-05,47.93,BID
1482,1712312135.3600302,65866553.10398689,46.52,4.7415632528183005e-06,47.93,BID
1483,1712312135.3638222,65877170.50751466,46.49,1.367661760651179e-06,47.93,BID
1484,1712312135.4113524,66028592.15161666,46.52,-1.95051070472648e-05,47.93,ASK
1485,1712312135.4158778,66137417.24527831,46.52,-1.4018108929454844e-05,47.93,ASK
1486,1712312135.4312122,66148484.07119789,46.52,-1.4255532986388235e-06,47.93,ASK
1487,1712312135.434765,66552552.47727341,46.52,-5.204934579637576e-05,47.93,ASK
1488,1712312135.442983,66705796.82842341,46.52,-1.973989578105423e-05,47.93,ASK
1489,1712312144.7316792,66714400.82928381,46.49,1.1083089132477189e-06,47.93,BID
1490,1712312160.2744863,66714400.82928381,46.49,0.0,47.93,BID
1491,1712312173.0117402,66714831.21447855,46.47,5.5090207640301046e-08,47.93,BID
1492,1712312190.2754009,66714831.21447855,46.47,0.0,47.93,BID
1493,1712312220.196787,66714831.21447855,46.47,0.0,47.93,BID
1494,1712312223.3019743,66715046.40707592,46.44,2.754503330323293e-08,47.93,BID
1495,1712312250.203784,66715046.40707592,46.44,0.0,47.93,BID
1496,1712312254.5121913,66736605.10061909,46.42,2.7595473973529657e-06,47.93,BID
1497,1712312262.8622236,66737264.52529271,46.36,-8.440741727626743e-08,47.93,ASK
1498,1712312280.2829332,66737264.52529271,46.36,-0.0,47.93,ASK
1499,1712312280.472358,66742264.52529271,46.37,-6.399235529793445e-07,47.93,ASK
1500,1712312299.072425,66742695.93167752,46.36,-5.521342130922096e-08,47.93,ASK
1501,1712312299.0822332,66775036.24444714,46.36,-4.139065570399905e-06,47.93,ASK
1502,1712312299.2209272,66848091.30582254,46.36,9.3499308876933e-06,47.93,BID
1503,1712312299.292378,66868582.35962296,46.36,2.622541590451955e-06,47.93,BID
1504,1712312299.352608,67003110.58239959,46.36,1.7217555659043444e-05,47.93,BID
1505,1712312310.27591,67003110.58239959,46.36,0.0,47.93,BID
1506,1712312332.98243,67003218.24820493,46.44,1.3757875680788992e-08,47.93,BID
1507,1712312340.1849954,67003218.24820493,46.44,0.0,47.93,BID
1508,1712312350.643025,67013644.75466301,46.35,-1.3323309804098198e-06,47.93,ASK
1509,1712312350.727692,67013752.67438679,46.34,-1.3790313367766549e-08,47.93,ASK
1510,1712312350.729874,67023757.66738933,46.35,-1.27846869799209e-06,47.93,ASK
1511,1712312350.7320125,67038507.73732501,46.34,-1.884809184891021e-06,47.93,ASK
1512,1712312370.2027018,67038507.73732501,46.34,-0.0,47.93,ASK
1513,1712312382.8627634,67038938.77180776,46.4,5.5067399854133887e-08,47.93,BID
1514,1712312400.2186644,67038938.77180776,46.4,0.0,47.93,BID
1515,1712312409.3529544,67038938.77180905,46.34,-1.6493759536273638e-16,47.93,ASK
1516,1712312427.3031237,67045580.9748328,46.3,-8.499543177715907e-07,47.93,ASK
1517,1712312430.1955626,67045580.9748328,46.3,-0.0,47.93,ASK
1518,1712312448.9043045,67054554.69187928,46.3,1.1482559898237817e-06,47.93,BID
1519,1712312448.9068449,67073751.48887167,46.3,2.4563775543378188e-06,47.93,BID
1520,1712312450.0744636,67083342.47933689,46.25,-1.2272408627315848e-06,47.93,ASK
1521,1712312457.3932793,67118342.47933689,46.25,-4.478518704755755e-06,47.93,ASK
1522,1712312460.2865126,67118342.47933689,46.25,-0.0,47.93,ASK
1523,1712312464.0706682,67124601.02116157,46.25,-8.004836379634333e-07,47.93,ASK
1524,1712312464.0755286,67144842.47933689,46.25,-2.5889346962511143e-06,47.93,ASK
1525,1712312464.0830336,67145070.42399868,46.25,-2.9154710033132523e-08,47.93,ASK
1526,1712312464.085454,67168342.47933689,46.25,-2.9765558882325983e-06,47.93,ASK
1527,1712312464.1630435,67169207.34420177,46.25,-1.106184464023375e-07,47.93,ASK
1528,1712312464.1831706,67206964.80278324,46.23,-4.8292763158247325e-06,47.93,ASK
