,time,acc_trade_volume,trade_price,dev,high,ask_bid
0,1712300395.474472,8139180.25149575,834.0,0.0,849.5,ASK
1,1712300396.9653234,8140096.42280304,834.0,-4.1473281798478574e-08,849.5,ASK
2,1712300400.186386,8140096.42280304,834.0,-0.0,849.5,ASK
3,1712300405.076232,8140129.52348434,834.0,-1.501464577859944e-09,849.5,ASK
4,1712300405.0791037,8140506.28538894,833.4,-1.70901211643448e-08,849.5,ASK
5,1712300405.087154,8140638.20886804,833.4,-5.984119452389868e-09,849.5,ASK
6,1712300406.007728,8140653.79639802,834.0,-7.070586828668264e-10,849.5,ASK
7,1712300413.0852275,8140665.78680569,834.0,-5.438912941749815e-10,849.5,ASK
8,1712300413.5351746,8140831.30836069,834.0,-7.508146114887033e-09,849.5,ASK
9,1712300421.9253483,8140831.30836145,834.0,-3.447215603895246e-17,849.5,ASK
10,1712300430.14678,8140831.30836145,834.0,-0.0,849.5,ASK
11,1712300438.6855338,8141746.32802149,833.4,-4.1504627048509296e-08,849.5,ASK
12,1712300438.686736,8142518.60774845,833.5,-3.503004737974183e-08,849.5,ASK
13,1712300447.7054508,8244518.60774845,833.4,-4.6266459004430405e-06,849.5,ASK
14,1712300447.7476287,8251557.64015343,833.4,-3.192853962704834e-07,849.5,ASK
15,1712300460.2163565,8251557.64015343,833.4,-0.0,849.5,ASK
16,1712300471.295869,8251677.48430809,833.7,5.413384843459134e-09,849.5,BID
17,1712300481.7174044,8251918.15823209,833.4,-1.0871290102528556e-08,849.5,ASK
18,1712300490.1968586,8251918.15823209,833.4,-0.0,849.5,ASK
19,1712300506.735597,8251935.5097974,833.7,7.83763096293312e-10,849.5,BID
20,1712300514.906204,8251947.50451972,833.7,5.417966930746745e-10,849.5,BID
21,1712300518.339773,8251956.94436618,833.7,4.263939972262223e-10,849.5,BID
22,1712300520.1465223,8251956.94436618,833.7,0.0,849.5,BID
23,1712300529.5281637,8252680.90362631,833.7,3.2700895418638456e-08,849.5,BID
24,1712300529.529838,8255940.28260999,833.7,1.472245983233733e-07,849.5,BID
25,1712300534.485772,8256717.28260999,833.7,-3.5096720409020845e-08,849.5,ASK
26,1712300540.385788,8256752.43554945,833.7,-1.5878415544289443e-09,849.5,ASK
27,1712300540.387488,8256802.43554945,833.7,-2.258476216796708e-09,849.5,ASK
28,1712300540.3890865,8256917.28260999,833.4,-5.187587095961179e-09,849.5,ASK
29,1712300550.1364405,8256917.28260999,833.4,-0.0,849.5,ASK
30,1712300575.8458142,8257523.16143422,833.5,2.7362147209946084e-08,849.5,BID
31,1712300580.2058165,8257523.16143422,833.5,0.0,849.5,BID
32,1712300586.666049,8257547.15375667,833.6,1.083494687247743e-09,849.5,BID
33,1712300590.946,8257647.15375667,833.4,-4.516005857811627e-09,849.5,ASK
34,1712300590.947479,8258588.34015707,833.4,-4.250403297501184e-08,849.5,ASK
35,1712300590.9489172,8264538.19843864,833.2,-2.6869594852717137e-07,849.5,ASK
36,1712300590.9500177,8264588.19843864,833.4,-2.2580029289058124e-09,849.5,ASK
37,1712300604.035887,8266094.78777279,833.2,-6.803766258337219e-08,849.5,ASK
38,1712300604.3160446,8266612.69445484,833.2,-2.3388696099411378e-08,849.5,ASK
39,1712300606.165853,8266712.69445484,833.4,4.516005857811627e-09,849.5,BID
40,1712300610.2072484,8266712.69445484,833.4,0.0,849.5,BID
41,1712300615.261328,8269155.79873484,833.2,-1.1029259442392596e-07,849.5,ASK
42,1712300616.2361298,8270569.92813484,833.2,-6.384009133542647e-08,849.5,ASK
43,1712300625.2959511,8272525.12484795,833.2,-8.826627658239599e-08,849.5,ASK
44,1712300632.5360217,8272585.13444948,833.7,2.709100343050552e-09,849.5,BID
45,1712300640.1473403,8272585.13444948,833.7,0.0,849.5,BID
46,1712300643.7461329,8275858.38083304,833.2,-1.4773626817708866e-07,849.5,ASK
47,1712300644.4659898,8275936.5876549,833.2,-3.529824111496772e-09,849.5,ASK
48,1712300644.467193,8276195.13444947,833.2,-1.1669374713365153e-08,849.5,ASK
49,1712300647.657325,8278056.32158881,833.2,-8.4003710727758e-08,849.5,ASK
50,1712300647.6589334,8278442.95144957,833.2,-1.7450337096984332e-08,849.5,ASK
51,1712300648.3459857,8278778.44808727,833.1,-1.5142465745542743e-08,849.5,ASK
52,1712300649.2060952,8279355.44808727,833.0,-2.6042594033349666e-08,849.5,ASK
53,1712300649.208016,8279555.44808727,833.0,-9.026895678804041e-09,849.5,ASK
54,1712300649.4060192,8279755.44808727,833.0,-9.026895678804041e-09,849.5,ASK
55,1712300652.4198878,8279955.44808727,833.0,-9.026895678804041e-09,849.5,ASK
56,1712300655.0264142,8280155.44808727,833.0,-9.026895678804041e-09,849.5,ASK
57,1712300657.0160463,8280178.92827934,833.0,-1.059766221666146e-09,849.5,ASK
58,1712300657.0173037,8283550.48338727,833.0,-1.521733811731035e-07,849.5,ASK
59,1712300657.0602624,8283792.41566425,833.0,-1.0919487128170832e-08,849.5,ASK
60,1712300657.1159108,8286190.93308126,833.0,-1.0825583253571538e-07,849.5,ASK
61,1712300657.5361674,8286290.93308126,832.7,-4.5134478394020215e-09,849.5,ASK
62,1712300657.5378366,8286343.37669853,832.5,-2.3670153105918886e-09,849.5,ASK
63,1712300657.5394533,8286390.93308126,832.7,-2.1464325288101316e-09,849.5,ASK
64,1712300657.9360647,8286416.93308126,832.9,1.173496438244525e-09,849.5,BID
65,1712300668.9364874,8286669.61042495,832.5,-1.1404460109427346e-08,849.5,ASK
66,1712300668.9461267,8286815.64641693,832.5,-6.591258324759917e-09,849.5,ASK
67,1712300669.2359629,8286865.64641693,832.7,2.2567239197010103e-09,849.5,BID
68,1712300670.1559887,8286865.64641693,832.7,0.0,849.5,BID
69,1712300700.208772,8286865.64641693,832.7,0.0,849.5,BID
70,1712300703.3963065,8286886.34090474,832.7,9.343939543027443e-10,849.5,BID
71,1712300708.6762345,8287371.77779794,832.5,-2.1918363110195745e-08,849.5,ASK
72,1712300710.3360937,8287479.88590603,832.5,-4.881278702686889e-09,849.5,ASK
73,1712300710.7878249,8288560.37088058,832.2,-4.878587173533442e-08,849.5,ASK
74,1712300710.7901309,8288617.19538829,832.2,-2.565730398746077e-09,849.5,ASK
75,1712300710.791676,8288629.21317461,832.1,-5.426250209628323e-10,849.5,ASK
76,1712300710.7932303,8288641.23240537,832.0,-5.42690240042356e-10,849.5,ASK
77,1712300710.7947774,8289102.8526133,832.5,-2.084299623315689e-08,849.5,ASK
78,1712300710.7965803,8290228.1231113,832.0,-5.080801998740866e-08,849.5,ASK
79,1712300711.7736063,8291167.93198579,831.9,-4.24340886607116e-08,849.5,ASK
80,1712300728.1692758,8291377.73888579,831.9,-9.473165063557532e-09,849.5,ASK
81,1712300729.4762728,8291430.19066749,831.9,-2.3682938259702182e-09,849.5,ASK
82,1712300730.1961288,8291430.19066749,831.9,-0.0,849.5,ASK
83,1712300752.906437,8291443.92188569,831.9,6.19883290967195e-10,849.5,BID
84,1712300752.9084828,8291490.29404529,831.9,2.093428746321536e-09,849.5,BID
85,1712300757.1165729,8292106.88769761,831.8,-2.7835556672221364e-08,849.5,ASK
86,1712300757.126397,8292154.95214819,831.8,-2.169825675298625e-09,849.5,ASK
87,1712300758.2807405,8292339.67809816,831.6,-8.339284113409207e-09,849.5,ASK
88,1712300758.2815723,8292399.74306327,831.6,-2.7115779315126957e-09,849.5,ASK
89,1712300758.4488945,8292426.55785582,831.5,-1.210529292469269e-09,849.5,ASK
90,1712300758.4497397,8292510.74306327,831.5,-3.800464218395777e-09,849.5,ASK
91,1712300760.1362667,8293151.16459062,831.5,-2.8911244304240922e-08,849.5,ASK
92,1712300760.137346,8293213.25839698,831.5,-2.8031681147248147e-09,849.5,ASK
93,1712300760.1475148,8293213.25839698,831.5,-0.0,849.5,ASK
94,1712300777.9062548,8293223.25839698,831.1,-4.5141169025914915e-10,849.5,ASK
95,1712300777.9073377,8293266.74175763,831.1,-1.9628897329172736e-09,849.5,ASK
96,1712300778.9124146,8293387.06422183,831.1,-5.431496694054911e-09,849.5,ASK
97,1712300778.918643,8294496.99948834,831.1,-5.010377547333613e-08,849.5,ASK
98,1712300778.9237213,8294659.53345412,831.1,-7.336973221745296e-09,849.5,ASK
99,1712300779.1336377,8294859.53345412,831.0,-9.028233805182985e-09,849.5,ASK
100,1712300779.1399896,8294869.53345412,831.0,-4.5141169025914915e-10,849.5,ASK
101,1712300779.1414895,8295869.53345412,831.0,-4.514116902591493e-08,849.5,ASK
102,1712300779.1436012,8296469.41347811,830.9,-2.7079285558194648e-08,849.5,ASK
103,1712300779.1444235,8296949.41347811,831.0,-2.166776113243916e-08,849.5,ASK
104,1712300779.145253,8296985.51890595,830.9,-1.6298412208690815e-09,849.5,ASK
105,1712300779.146079,8306997.55260029,831.0,-4.519549052893535e-07,849.5,ASK
106,1712300779.1469147,8307370.64202139,830.9,-1.6841692619655086e-08,849.5,ASK
107,1712300787.5367782,8307376.84202139,830.7,-2.798752479690807e-10,849.5,ASK
108,1712300787.5386877,8307473.16953492,830.5,-4.348336570100184e-09,849.5,ASK
109,1712300787.540607,8307533.35973595,830.7,-2.7170560384041203e-09,849.5,ASK
110,1712300787.54644,8307570.64202139,830.4,-1.682965948709598e-09,849.5,ASK
111,1712300790.1485288,8307570.64202139,830.4,-0.0,849.5,ASK
112,1712300794.0125346,8307922.55909846,830.8,1.5877360080417112e-08,849.5,BID
113,1712300794.996416,8307957.16327546,830.7,1.561228523178656e-09,849.5,BID
114,1712300795.114561,8307967.16327546,830.4,-4.511676504193722e-10,849.5,ASK
115,1712300795.11654,8307979.88099002,830.4,-5.737821396837862e-10,849.5,ASK
116,1712300795.1180902,8308009.51678431,830.3,-1.337071167828519e-09,849.5,ASK
117,1712300795.1190782,8309616.27215358,830.1,-7.24916044751936e-08,849.5,ASK
118,1712300795.1200116,8312224.40685928,830.4,-1.1767060071478809e-07,849.5,ASK
119,1712300795.1211257,8312295.21967546,830.2,-3.1948451895639797e-09,849.5,ASK
120,1712300801.5564184,8312305.21967546,830.2,-4.511676504193722e-10,849.5,ASK
121,1712300801.5576756,8312491.85617546,830.1,-8.420435118750524e-09,849.5,ASK
122,1712300805.3242612,8312843.77325253,830.7,1.5877360080417112e-08,849.5,BID
123,1712300809.8360376,8312935.16344648,830.1,-4.123229907596586e-09,849.5,ASK
124,1712300809.837002,8317009.16916379,830.1,-1.838059587273477e-07,849.5,ASK
125,1712300812.656629,8317361.02435989,830.1,1.5874568211258206e-08,849.5,BID
126,1712300814.2964509,8317712.87955599,830.1,1.5874568211216188e-08,849.5,BID
127,1712300815.0665154,8322843.77325253,830.1,2.314893253619535e-07,849.5,BID
128,1712300820.189114,8322843.77325253,830.1,0.0,849.5,BID
129,1712300826.9066155,8322855.81129273,830.7,5.428069140403476e-10,849.5,BID
130,1712300831.5357256,8324274.2805645,830.1,-6.396015591096885e-08,849.5,ASK
131,1712300838.776688,8324286.32875727,830.0,-5.432647032721824e-10,849.5,ASK
132,1712300838.7787116,8328390.26851631,830.0,-1.850506260949072e-07,849.5,ASK
133,1712300838.7807534,8330003.04604171,830.0,-7.272170361902797e-08,849.5,ASK
134,1712300838.7827427,8330223.78688284,829.8,-9.953418727897458e-09,849.5,ASK
135,1712300838.7847288,8332733.42543705,830.0,-1.1316203769939393e-07,849.5,ASK
136,1712300838.7976768,8332923.1735084,829.6,-8.555924663930063e-09,849.5,ASK
137,1712300838.79883,8332929.2600457,829.7,-2.74447873065034e-10,849.5,ASK
138,1712300838.7999988,8332953.35643124,830.0,-1.0865294065443647e-09,849.5,ASK
139,1712300838.8011775,8333987.80703322,829.6,-4.664438144810381e-08,849.5,ASK
140,1712300838.8023808,8333997.80703322,830.0,-4.5090970374824684e-10,849.5,ASK
141,1712300838.8035722,8334146.90922651,829.8,-6.723162580435362e-09,849.5,ASK
142,1712300838.8047452,8334183.06687385,829.7,-1.63038340505648e-09,849.5,ASK
143,1712300838.805938,8334193.06687385,829.8,-4.5090970374824684e-10,849.5,ASK
144,1712300838.807337,8334203.06687385,829.7,-4.5090970374824684e-10,849.5,ASK
145,1712300850.209816,8334203.06687385,829.7,-0.0,849.5,ASK
146,1712300854.356563,8334555.10777818,830.1,1.5867120749992854e-08,849.5,BID
147,1712300855.506929,8334567.1617801,829.6,-5.432956841991371e-10,849.5,ASK
148,1712300855.507926,8343832.71117812,829.6,-4.176150819552352e-07,849.5,ASK
149,1712300855.508913,8343842.71117812,829.6,-4.5071809993747526e-10,849.5,ASK
150,1712300856.6292453,8344194.81402877,829.6,1.586991278273139e-08,849.5,BID
151,1712300862.046744,8344546.97884753,829.6,1.5872705797633597e-08,849.5,BID
152,1712300880.1313746,8344546.97884753,829.6,0.0,849.5,BID
153,1712300880.4766426,8344555.10777818,829.6,3.662439607716512e-10,849.5,BID
154,1712300882.8468173,8344906.90111507,829.6,1.5849831990538204e-08,849.5,BID
155,1712300884.156977,8345258.75631117,829.6,1.5852619019123172e-08,849.5,BID
156,1712300884.9609675,8345264.78451753,829.6,2.7159712251341566e-10,849.5,BID
157,1712300885.0368388,8347218.13465495,829.6,8.800698663178004e-08,849.5,BID
158,1712300895.479274,8347569.98985105,830.1,1.5852619019123172e-08,849.5,BID
159,1712300899.9368486,8347922.0927017,829.9,1.586377694223897e-08,849.5,BID
160,1712300900.9568057,8348274.25752046,829.9,1.586656887726795e-08,849.5,BID
161,1712300901.9977512,8348626.42233922,829.9,1.586656887726795e-08,849.5,BID
162,1712300905.679306,8348662.57127282,829.9,1.6286679255292631e-09,849.5,BID
163,1712300910.1397033,8348662.57127282,829.9,0.0,849.5,BID
164,1712300913.8278022,8350303.75056067,829.7,7.393094698905711e-08,849.5,BID
165,1712300913.8301358,8351072.50017991,829.8,3.4630212414113185e-08,849.5,BID
166,1712300916.3167815,8351287.42322984,829.7,9.681736010624786e-09,849.5,BID
167,1712300919.2467308,8351639.7120503,829.7,1.5869714115402486e-08,849.5,BID
168,1712300920.5576658,8351788.91034635,829.7,6.721003243071637e-09,849.5,BID
169,1712300920.5595412,8351992.00087076,830.0,9.148710872288889e-09,849.5,BID
170,1712300921.0766752,8352102.46149154,829.7,-4.97596963339598e-09,849.5,ASK
171,1712300921.9806514,8352454.750312,829.8,1.5869714115360525e-08,849.5,BID
172,1712300924.3287857,8352807.03913246,829.8,1.5869714115402486e-08,849.5,BID
173,1712300929.7528124,8353159.26594116,829.9,1.5866920643522866e-08,849.5,BID
174,1712300931.9169352,8353511.49274986,830.0,1.5866920643522866e-08,849.5,BID
175,1712300933.7467546,8353711.49274986,829.7,-9.00949061889667e-09,849.5,ASK
176,1712300934.4467735,8354019.49783957,829.7,-1.387484483159438e-08,849.5,ASK
177,1712300934.448217,8354488.49274986,829.7,-2.1127026222819183e-08,849.5,ASK
178,1712300935.4367485,8356019.49783957,829.7,-6.896787996614752e-08,849.5,ASK
179,1712300935.460293,8356367.18630993,829.7,1.5662480060029882e-08,849.5,BID
180,1712300935.516835,8356375.31524953,830.0,-3.661880253267288e-10,849.5,ASK
181,1712300935.5967374,8356727.48006829,830.1,1.5864128154618675e-08,849.5,BID
182,1712300936.3829458,8356927.48006829,830.0,-9.00949061889667e-09,849.5,ASK
183,1712300937.67671,8357529.81713611,830.1,2.7133750809696026e-08,849.5,BID
184,1712300939.006838,8357575.34215117,829.5,-2.0507859805346267e-09,849.5,ASK
185,1712300939.0087936,8357668.0096236,829.5,-4.174433617697497e-09,849.5,ASK
186,1712300939.0107038,8357729.81713611,830.0,-2.784271020664547e-09,849.5,ASK
187,1712300940.1268706,8358081.98195487,830.1,1.5864128154618675e-08,849.5,BID
188,1712300940.1905558,8358081.98195487,830.1,0.0,849.5,BID
189,1712300944.8071432,8358094.02869622,830.1,5.424840062544547e-10,849.5,BID
190,1712300947.8469808,8358101.36122379,829.5,-3.3019542929657555e-10,849.5,ASK
191,1712300947.8494904,8358221.78294064,830.0,-5.422782269161932e-09,849.5,ASK
192,1712300947.8519757,8358294.02869622,829.5,-3.253341777795713e-09,849.5,ASK
193,1712300952.056801,8358646.00767603,830.0,1.5850175705438882e-08,849.5,BID
194,1712300970.2072048,8358646.00767603,830.0,0.0,849.5,BID
195,1712300970.949916,8364646.00767603,830.0,2.701838889692492e-07,849.5,BID
196,1712300989.7114248,8364670.11567988,829.6,-1.0855990392507151e-09,849.5,ASK
197,1712300989.714017,8367182.98384834,829.5,-1.1315608237026874e-07,849.5,ASK
198,1712300989.715453,8367192.98384834,829.4,-4.503064816154152e-10,849.5,ASK
199,1712300989.7165427,8367313.56747308,829.3,-5.429958779716202e-09,849.5,ASK
200,1712300989.7176335,8368371.47649973,829.2,-4.763832916598512e-08,849.5,ASK
201,1712300989.718732,8369389.66525796,829.5,-4.584969973388464e-08,849.5,ASK
202,1712300989.7198482,8369409.66525796,829.3,-9.006129632308302e-10,849.5,ASK
203,1712300989.7209475,8369530.17408963,829.4,-5.4265907993130685e-09,849.5,ASK
204,1712300997.047231,8369540.17408963,830.0,4.503064816154152e-10,849.5,BID
205,1712301000.1689992,8369540.17408963,830.0,0.0,849.5,BID
206,1712301017.7869718,8369640.17408963,830.0,4.544268255136625e-09,849.5,BID
207,1712301025.0168183,8370610.85983109,830.0,4.411056400630212e-08,849.5,BID
208,1712301029.417041,8371073.82527478,829.4,-2.1038391689871068e-08,849.5,ASK
209,1712301030.146949,8371073.82527478,829.4,-0.0,849.5,ASK
210,1712301039.4999363,8373166.54717465,829.4,-9.50933974511258e-08,849.5,ASK
211,1712301042.2871237,8373266.54717465,830.0,4.544005462791771e-09,849.5,BID
212,1712301043.9570978,8374125.24435295,830.0,3.9019246690769833e-08,849.5,BID
213,1712301044.0598493,8375556.40631677,830.0,6.503207781739959e-08,849.5,BID
214,1712301044.917064,8376257.73550411,830.1,3.1868436584887425e-08,849.5,BID
215,1712301044.919195,8376437.16686132,830.1,8.153370673564308e-09,849.5,BID
216,1712301045.0196693,8382424.39731724,830.1,2.72060078986942e-07,849.5,BID
217,1712301045.103078,8382602.4906731,830.1,8.092571819130766e-09,849.5,BID
218,1712301045.8980064,8382868.93198408,830.1,-1.2107107726081442e-08,849.5,ASK
219,1712301060.2270818,8382868.93198408,830.1,-0.0,849.5,ASK
220,1712301063.0872602,8384961.65388396,829.6,-9.505111571973721e-08,849.5,ASK
221,1712301065.6573098,8388210.03571796,830.2,1.4754101709508084e-07,849.5,BID
222,1712301065.66758,8396368.02602796,830.2,3.705346998283706e-07,849.5,BID
223,1712301065.677169,8397308.30081361,830.2,4.2707140143273656e-08,849.5,BID
224,1712301065.6973765,8430331.69077361,830.2,1.499917433236514e-06,849.5,BID
225,1712301065.7071345,8437959.32676661,830.2,3.464460860662982e-07,849.5,BID
226,1712301065.72042,8442781.23341075,830.2,2.1901027864625853e-07,849.5,BID
227,1712301065.7372758,8443844.71891937,830.2,4.830335275411662e-08,849.5,BID
228,1712301065.7971256,8451791.34398937,830.2,3.6093452223786563e-07,849.5,BID
229,1712301065.8590407,8452650.55718311,830.2,3.9025334761715866e-08,849.5,BID
230,1712301065.937152,8454727.6283635,830.2,9.434026238111773e-08,849.5,BID
231,1712301065.9906783,8454938.30282545,830.2,9.568802554840549e-09,849.5,BID
232,1712301066.427146,8458628.5666793,830.1,-1.676112323518677e-07,849.5,ASK
233,1712301066.4298868,8460998.90888606,830.1,-1.0766058853924729e-07,849.5,ASK
234,1712301066.8871124,8461483.89750044,830.2,2.2028110333658675e-08,849.5,BID
235,1712301067.287171,8464690.46868367,830.2,1.4564198358994785e-07,849.5,BID
236,1712301067.2906964,8465917.28066624,830.2,5.57216167749394e-08,849.5,BID
237,1712301067.312287,8473563.27702107,830.2,3.472800109547425e-07,849.5,BID
238,1712301079.6787438,8474169.1558453,830.3,-2.7518925585549905e-08,849.5,ASK
239,1712301090.2080462,8474169.1558453,830.3,-0.0,849.5,ASK
240,1712301099.9171257,8476029.1558453,830.5,-8.4191083347478e-08,849.5,ASK
241,1712301105.457229,8477859.41969915,830.5,-8.284510573513356e-08,849.5,ASK
242,1712301105.461087,8480730.40554978,830.5,-1.2995237045153118e-07,849.5,ASK
243,1712301120.139197,8480730.40554978,830.5,-0.0,849.5,ASK
244,1712301126.3172493,8482823.67394804,831.6,9.472638539458517e-08,849.5,BID
245,1712301148.6875632,8483323.67394804,830.7,-2.2626430866030743e-08,849.5,ASK
246,1712301148.7208045,8483332.67394804,831.6,4.0727575558855335e-10,849.5,BID
247,1712301150.162444,8483332.67394804,831.6,0.0,849.5,BID
248,1712301151.8674717,8484522.24904043,830.1,-5.382640708998135e-08,849.5,ASK
249,1712301151.870522,8484536.33307177,830.1,-6.37280327412879e-10,849.5,ASK
250,1712301156.527424,8484636.33307177,831.4,4.524843150660583e-09,849.5,BID
251,1712301159.6773558,8486935.18326599,830.1,-1.0401936555708857e-07,849.5,ASK
252,1712301163.8896408,8490310.90625332,830.1,1.5274617037745765e-07,849.5,BID
253,1712301166.7474506,8490317.81470175,830.1,3.125964556760201e-10,849.5,BID
254,1712301171.0569525,8490558.74952887,831.5,1.0901923022455056e-08,849.5,BID
255,1712301180.1982574,8490558.74952887,831.5,0.0,849.5,BID
256,1712301181.180237,8490565.74952887,832.2,3.1665306894390947e-10,849.5,BID
257,1712301210.205814,8490565.74952887,832.2,0.0,849.5,BID
258,1712301214.3936098,8490577.76154088,832.5,5.433770664238476e-10,849.5,BID
259,1712301218.7259295,8490938.81581938,830.9,-1.6332702173524072e-08,849.5,ASK
260,1712301240.1450949,8490938.81581938,830.9,-0.0,849.5,ASK
261,1712301253.754738,8491251.50373278,831.0,-1.4144596119962074e-08,849.5,ASK
262,1712301253.7568324,8492099.81581938,831.0,-3.837382685570042e-08,849.5,ASK
263,1712301270.134197,8492099.81581938,831.0,-0.0,849.5,ASK
264,1712301287.7139947,8496741.92414149,831.3,2.099789568236675e-07,849.5,BID
265,1712301300.1771867,8496741.92414149,831.3,0.0,849.5,BID
266,1712301330.1344028,8496741.92414149,831.3,0.0,849.5,BID
267,1712301360.1722329,8496741.92414149,831.3,0.0,849.5,BID
268,1712301385.2518556,8497518.92414149,831.7,-3.5232268091887696e-08,849.5,ASK
269,1712301385.521903,8497579.42035989,831.8,2.743138977113086e-09,849.5,BID
270,1712301385.627756,8498066.37797889,832.1,2.208059379914756e-08,849.5,BID
271,1712301390.1416698,8498066.37797889,832.1,0.0,849.5,BID
272,1712301400.2673824,8498126.40919512,832.1,2.721917949925713e-09,849.5,BID
273,1712301418.741315,8500056.67714448,832.1,8.752164806026388e-08,849.5,BID
274,1712301420.202952,8500056.67714448,832.1,0.0,849.5,BID
275,1712301421.7210617,8500452.86925735,832.3,1.7962678726022862e-08,849.5,BID
276,1712301423.1132371,8501268.72276789,832.3,-3.6989415037108624e-08,849.5,ASK
277,1712301440.200909,8502468.62677557,833.8,5.4401613489921976e-08,849.5,BID
278,1712301441.996247,8502479.53711185,833.8,-4.946561504615906e-10,849.5,ASK
279,1712301450.20047,8502479.53711185,833.8,-0.0,849.5,ASK
280,1712301457.610643,8503688.85092017,834.0,5.4823221072648654e-08,849.5,BID
281,1712301472.6402829,8503712.83173551,834.0,1.0871500282497971e-09,849.5,BID
282,1712301480.1499507,8503712.83173551,834.0,0.0,849.5,BID
283,1712301485.9900963,8503832.73581224,833.6,5.4354966894687706e-09,849.5,BID
284,1712301493.8998325,8506035.34431224,833.1,-9.984874189897885e-08,849.5,ASK
285,1712301494.3598034,8506035.34438263,833.1,-3.1909778976899013e-15,849.5,ASK
286,1712301494.3630888,8508435.10488524,833.0,-1.0878604483924828e-07,849.5,ASK
287,1712301494.3797507,8508460.24521029,833.0,1.1396622809971735e-09,849.5,BID
288,1712301494.3822556,8508460.24521158,833.0,5.851519364661167e-17,849.5,BID
289,1712301510.1446075,8508460.24521158,833.0,0.0,849.5,BID
290,1712301536.489054,8510460.24521158,833.7,9.06478331600398e-08,849.5,BID
291,1712301540.2034724,8510460.24521158,833.7,0.0,849.5,BID
292,1712301545.081735,8511660.12546353,833.0,-5.437916284354911e-08,849.5,ASK
293,1712301545.0889168,8514647.44092858,833.0,-1.353866053508588e-07,849.5,ASK
294,1712301545.0988476,8514647.44092944,833.0,-3.900018912807354e-17,849.5,ASK
295,1712301545.949063,8514671.43037408,833.0,1.0872134235560786e-09,849.5,BID
296,1712301554.8628013,8514971.43037408,832.2,-1.3596147471013846e-08,849.5,ASK
297,1712301554.8661256,8544300.4188428,831.9,-1.3292041746545896e-06,849.5,ASK
298,1712301570.1984644,8544300.4188428,831.9,-0.0,849.5,ASK
299,1712301600.1599183,8544300.4188428,831.9,-0.0,849.5,ASK
300,1712301630.14133,8544300.4188428,831.9,-0.0,849.5,ASK
301,1712301638.0182283,8545300.4188428,832.1,-4.5359092416547966e-08,849.5,ASK
302,1712301643.0777757,8546614.17811057,832.1,-5.9590928039864644e-08,849.5,ASK
303,1712301660.19192,8546614.17811057,832.1,-0.0,849.5,ASK
304,1712301663.897231,8546734.35597381,832.7,-5.450682802938442e-09,849.5,ASK
305,1712301669.2200575,8546758.34541845,833.7,1.088044418690957e-09,849.5,BID
306,1712301690.1987102,8546758.34541845,833.7,0.0,849.5,BID
307,1712301719.0265374,8546783.54037946,833.5,1.142714549292664e-09,849.5,BID
308,1712301719.036459,8546861.1182384,833.5,3.518534840093618e-09,849.5,BID
309,1712301720.1403153,8546861.1182384,833.5,0.0,849.5,BID
310,1712301750.1279578,8546861.1182384,833.5,0.0,849.5,BID
311,1712301751.9562175,8546873.11583888,833.5,5.441476711647282e-10,849.5,BID
312,1712301764.486056,8546933.10384127,833.5,2.720738355570201e-09,849.5,BID
313,1712301765.8761632,8546961.1182384,833.5,1.2705848127453695e-09,849.5,BID
314,1712301765.8795516,8547532.98386526,833.5,2.593679874718064e-08,849.5,BID
315,1712301767.795944,8548108.73053672,833.7,2.6112822393372543e-08,849.5,BID
316,1712301767.9058435,8548703.13053672,833.7,-2.69588386698878e-08,849.5,ASK
317,1712301767.908532,8548732.74391325,833.7,-1.3431060570985424e-09,849.5,ASK
318,1712301767.9558144,8548890.7948364,832.8,-7.168353530999154e-09,849.5,ASK
319,1712301780.2156382,8548890.7948364,832.8,-0.0,849.5,ASK
320,1712301784.905761,8548999.47867511,832.8,-4.928945594055192e-09,849.5,ASK
321,1712301786.0158055,8549011.48491835,832.9,5.444978795530891e-10,849.5,BID
322,1712301786.6157725,8549131.54735081,832.9,5.444978798234035e-09,849.5,BID
323,1712301793.8458066,8549164.81258895,832.8,-1.5086194130616975e-09,849.5,ASK
324,1712301793.8492472,8549278.60327551,832.8,-5.160547417309648e-09,849.5,ASK
325,1712301802.0156496,8549655.16884052,832.8,-1.7077710950943498e-08,849.5,ASK
326,1712301810.195464,8549655.16884052,832.8,-0.0,849.5,ASK
327,1712301812.1258204,8550573.22153652,832.8,-4.163361555403595e-08,849.5,ASK
328,1712301814.0658128,8550973.22153652,832.8,-1.8139967666518512e-08,849.5,ASK
329,1712301815.2955115,8550983.22153652,832.8,-4.5349919166296276e-10,849.5,ASK
330,1712301815.2976663,8551103.2983857,832.8,-5.445475404026726e-09,849.5,ASK
331,1712301815.2997627,8551322.84821668,832.7,-9.95656708794417e-09,849.5,ASK
332,1712301815.3017528,8552291.51254802,832.8,-4.392884912551167e-08,849.5,ASK
333,1712301839.9288418,8552658.40421914,832.7,-1.66385076280457e-08,849.5,ASK
334,1712301840.139011,8552658.40421914,832.7,-0.0,849.5,ASK
335,1712301847.3351386,8553180.67871485,832.7,-2.3682420061125856e-08,849.5,ASK
336,1712301852.055275,8553420.86125357,832.7,-1.0891023436941053e-08,849.5,ASK
337,1712301852.0592124,8553754.62632319,832.7,-1.5134502345696357e-08,849.5,ASK
338,1712301870.1565046,8553754.62632319,832.7,-0.0,849.5,ASK
339,1712301897.7545278,8553765.62632319,832.7,4.987718918270173e-10,849.5,BID
340,1712301900.2078514,8553765.62632319,832.7,0.0,849.5,BID
341,1712301900.3065956,8553777.63545012,832.7,5.45475477603983e-10,849.5,BID
342,1712301910.8045514,8554378.07886128,832.4,-2.7273186335506348e-08,849.5,ASK
343,1712301910.806474,8554379.02052833,832.2,-4.277215878577165e-11,849.5,ASK
344,1712301911.604772,8554802.02965526,832.7,1.921381186959299e-08,849.5,BID
345,1712301911.6082788,8554879.02052833,832.7,3.4970596535079917e-09,849.5,BID
346,1712301917.0647087,8555235.7101206,832.7,1.620146300735069e-08,849.5,BID
347,1712301930.1862135,8555235.7101206,832.7,0.0,849.5,BID
348,1712301945.3043108,8555355.80138996,832.7,5.454451542510931e-09,849.5,BID
349,1712301960.1340988,8555355.80138996,832.7,0.0,849.5,BID
350,1712301980.9439445,8558090.79855796,832.7,1.2422086839017668e-07,849.5,BID
351,1712301981.024183,8559712.23673533,832.8,7.364411955915394e-08,849.5,BID
352,1712301981.0278313,8559731.92249778,832.8,8.941078750848673e-10,849.5,BID
353,1712301981.0313146,8559731.92249833,832.8,2.504145254395815e-17,849.5,BID
354,1712301981.0339842,8564643.31180178,832.8,2.2307044826781579e-07,849.5,BID
355,1712301981.0471077,8564710.64763978,832.8,3.0583272143497478e-09,849.5,BID
356,1712301981.0639017,8564730.13864378,832.9,8.8526213890579e-10,849.5,BID
357,1712301986.7043402,8564735.95635187,832.9,2.6423455184146036e-10,849.5,BID
358,1712301986.7083576,8564930.13864378,832.9,8.819567789428493e-09,849.5,BID
359,1712301990.1262472,8564930.13864378,832.9,0.0,849.5,BID
360,1712301999.2539587,8566036.88595724,832.9,5.0249172079856484e-08,849.5,BID
361,1712301999.2580483,8566156.97643943,832.9,5.4524164923191435e-09,849.5,BID
362,1712302006.2338257,8566356.97643943,832.9,9.080513947277256e-09,849.5,BID
363,1712302008.28352,8566368.98268267,832.9,5.451142959801221e-10,849.5,BID
364,1712302018.883822,8566868.98268267,832.9,2.2701284868193144e-08,849.5,BID
365,1712302020.223459,8566868.98268267,832.9,0.0,849.5,BID
366,1712302045.4434357,8566968.98268267,832.9,4.539924111219416e-09,849.5,BID
367,1712302045.563825,8567300.83021567,832.9,1.5065626163182552e-08,849.5,BID
368,1712302050.193303,8567300.83021567,832.9,0.0,849.5,BID
369,1712302050.7456348,8567300.83021623,832.9,2.545294991415555e-17,849.5,BID
370,1712302061.583645,8567334.88324188,832.9,-1.54595627744219e-09,849.5,ASK
371,1712302065.9832504,8567342.08266592,833.4,3.2684305067003276e-10,849.5,BID
372,1712302080.1331186,8567342.08266592,833.4,0.0,849.5,BID
373,1712302098.0133834,8567682.46004252,833.4,1.545259815001292e-08,849.5,BID
374,1712302098.0177417,8570119.17499992,833.4,1.1062303088133705e-07,849.5,BID
375,1712302099.4929388,8570119.17500012,833.4,9.04804449224532e-18,849.5,BID
376,1712302110.1359863,8570119.17500012,833.4,0.0,849.5,BID
377,1712302136.6327186,8571259.17500012,833.6,-5.1748771693249807e-08,849.5,ASK
378,1712302138.5230875,8571849.08243852,834.0,2.6778057324450576e-08,849.5,BID
379,1712302138.524995,8572439.5311675,834.0,2.68026284847204e-08,849.5,BID
380,1712302138.526675,8572458.2157675,834.0,8.48162368106883e-10,849.5,BID
381,1712302140.1936636,8572458.2157675,834.0,0.0,849.5,BID
382,1712302143.142985,8572518.16780586,834.0,2.7212014965284104e-09,849.5,BID
383,1712302146.3758216,8572540.53491941,833.6,-1.0152352535356438e-09,849.5,ASK
384,1712302157.9230168,8574163.22665902,833.6,-7.365339546589981e-08,849.5,ASK
385,1712302170.1824944,8574163.22665902,833.6,-0.0,849.5,ASK
386,1712302187.9125786,8574859.23468302,833.6,3.158951637911376e-08,849.5,BID
387,1712302187.9525344,8578524.46549175,833.6,1.6635277852148457e-07,849.5,BID
388,1712302200.294055,8578524.46549175,833.6,0.0,849.5,BID
389,1712302223.9929736,8578560.45397543,833.6,-1.6364247524774395e-09,849.5,ASK
390,1712302223.997046,8578851.36722674,833.6,-1.3228055104956903e-08,849.5,ASK
391,1712302230.2019343,8578851.36722674,833.6,-0.0,849.5,ASK
392,1712302260.1317694,8578851.36722674,833.6,-0.0,849.5,ASK
393,1712302263.4319718,8578857.56854067,833.6,-2.819751440497971e-10,849.5,ASK
394,1712302263.5218537,8578977.53015295,833.6,5.454681586364031e-09,849.5,BID
395,1712302265.4918811,8579651.36722674,833.6,3.0639523833825565e-08,849.5,BID
396,1712302282.3217795,8583773.59661074,833.6,-1.8743870049947305e-07,849.5,ASK
397,1712302290.125142,8583773.59661074,833.6,-0.0,849.5,ASK
398,1712302304.3817177,8583773.59661108,833.6,-1.549627467575373e-17,849.5,ASK
399,1712302306.231837,8585055.32975104,833.6,5.826982364546577e-08,849.5,BID
400,1712302320.1814034,8585055.32975104,833.6,0.0,849.5,BID
401,1712302337.4516227,8586055.32975104,833.6,-4.545953567399028e-08,849.5,ASK
402,1712302350.190443,8586055.32975104,833.6,-0.0,849.5,ASK
403,1712302358.5313802,8587804.9289837,834.0,7.953295482543025e-08,849.5,BID
404,1712302358.5353863,8590203.01051848,834.1,1.090115420795922e-07,849.5,BID
405,1712302380.1232164,8590203.01051848,834.1,0.0,849.5,BID
406,1712302382.7344549,8590233.01051848,834.5,1.3635199683354923e-09,849.5,BID
407,1712302387.691174,8590545.47747148,834.1,-1.4201830995350703e-08,849.5,ASK
408,1712302391.1049376,8590557.46069496,834.3,5.446454832990666e-10,849.5,BID
409,1712302399.0511267,8590557.46069515,834.1,-8.63516310665882e-18,849.5,ASK
410,1712302399.0552225,8591156.90920196,834.1,-2.7245333634133903e-08,849.5,ASK
411,1712302399.0712123,8591156.90920252,834.1,-2.548219701082652e-17,849.5,ASK
412,1712302410.1208968,8591156.90920252,834.1,-0.0,849.5,ASK
413,1712302413.8113055,8594419.32747652,833.6,-1.4827371998316505e-07,849.5,ASK
414,1712302413.8309588,8595521.49274568,833.6,-5.009233359103008e-08,849.5,ASK
415,1712302413.8994594,8595621.49274568,833.5,-4.544902202296578e-09,849.5,ASK
416,1712302427.2608078,8595741.48314644,833.4,-5.453446366663152e-09,849.5,ASK
417,1712302427.2629356,8595751.48314644,833.5,-4.5449022022965775e-10,849.5,ASK
418,1712302440.1967995,8595751.48314644,833.5,-0.0,849.5,ASK
419,1712302442.7835083,8596951.96333851,833.0,-5.455115497676455e-08,849.5,ASK
420,1712302442.7874491,8597747.26945028,832.9,-3.613959417560216e-08,849.5,ASK
421,1712302470.195031,8597747.26945028,832.9,-0.0,849.5,ASK
422,1712302500.1347663,8597747.26945028,832.9,-0.0,849.5,ASK
423,1712302506.160563,8597753.26609216,833.8,2.7292034271496656e-10,849.5,BID
424,1712302516.2805574,8598253.26609216,833.8,2.2756098178023856e-08,849.5,BID
425,1712302526.4630094,8600249.87802067,833.8,9.087019413715369e-08,849.5,BID
426,1712302526.46744,8602328.18051138,833.8,9.458811104442696e-08,849.5,BID
427,1712302530.1502535,8602328.18051138,833.8,0.0,849.5,BID
428,1712302539.697554,8604698.56457238,834.5,1.0786263433583788e-07,849.5,BID
429,1712302541.664539,8604698.56457283,834.5,2.0426759376334082e-17,849.5,BID
430,1712302541.8431356,8605499.29812405,834.7,3.64368085563747e-08,849.5,BID
431,1712302541.846321,8605563.29872983,834.7,2.912301872073642e-09,849.5,BID
432,1712302541.9417424,8609085.56605687,834.7,1.6027825995807377e-07,849.5,BID
433,1712302560.1820064,8609085.56605687,834.7,0.0,849.5,BID
434,1712302562.060227,8609205.30970687,834.7,-5.447451265352496e-09,849.5,ASK
435,1712302562.440409,8609205.30970726,834.7,-1.7709947484332528e-17,849.5,ASK
436,1712302571.253227,8609976.25345875,833.8,-3.507224403589986e-08,849.5,ASK
437,1712302571.2577662,8610697.00654326,833.2,-3.2788939557179074e-08,849.5,ASK
438,1712302579.9105873,8611226.72021284,834.4,2.4098057806089595e-08,849.5,BID
439,1712302590.182947,8611226.72021284,834.4,0.0,849.5,BID
440,1712302592.6201897,8611248.32366939,833.7,-9.827178270624804e-10,849.5,ASK
441,1712302604.8599167,8611487.84462747,835.0,1.0895548816523496e-08,849.5,BID
442,1712302610.450061,8611493.83265142,835.0,2.7238872031353e-10,849.5,BID
443,1712302620.1546257,8611493.83265142,835.0,0.0,849.5,BID
444,1712302624.7400615,8611852.9345376,835.0,1.6334989936594406e-08,849.5,BID
445,1712302625.479984,8611972.69501664,835.0,5.447719143725234e-09,849.5,BID
446,1712302632.4499948,8612451.7369328,835.0,2.1790876575155124e-08,849.5,BID
447,1712302650.1302776,8612451.7369328,835.0,0.0,849.5,BID
448,1712302656.080124,8612811.01836992,835.0,1.6342562824538898e-08,849.5,BID
449,1712302656.0830564,8617332.18139287,835.0,2.0565323756928495e-07,849.5,BID
450,1712302661.2597797,8618085.68954485,835.2,3.427467450356535e-08,849.5,BID
451,1712302662.6097133,8633283.84954485,834.8,6.913156621935857e-07,849.5,BID
452,1712302666.4846764,8636426.8166008,835.4,1.4296351344747617e-07,849.5,BID
453,1712302666.4872975,8638087.38907278,835.4,7.55341276896207e-08,849.5,BID
454,1712302666.713405,8638112.65131454,835.7,1.1490985350196675e-09,849.5,BID
455,1712302666.7154503,8638204.88952678,835.7,4.195621099846423e-09,849.5,BID
456,1712302666.9251385,8638329.04504817,835.7,5.647437353212009e-09,849.5,BID
457,1712302666.9669693,8638445.96512817,835.9,5.31832027885585e-09,849.5,BID
458,1712302667.7697594,8638981.63657216,835.9,2.436597976464204e-08,849.5,BID
459,1712302669.329914,8639015.61038422,836.0,1.545359989748549e-09,849.5,BID
460,1712302669.6098988,8639670.45879175,836.0,2.9786958453360466e-08,849.5,BID
461,1712302669.6196706,8639708.59151722,836.0,1.734535651643268e-09,849.5,BID
462,1712302676.0597184,8639828.08918465,836.0,5.435566482385821e-09,849.5,BID
463,1712302678.7696822,8639838.28948465,835.9,-4.6397900466197616e-10,849.5,ASK
464,1712302680.179536,8639838.28948465,835.9,-0.0,849.5,ASK
465,1712302680.9205365,8640077.52393441,836.0,1.0870701712254272e-08,849.5,BID
466,1712302696.8396642,8640300.77512324,836.0,1.0144429797199912e-08,849.5,BID
467,1712302696.8994915,8646240.97690252,836.0,2.6991999570993e-07,849.5,BID
468,1712302701.0803502,8646252.93147515,836.5,5.432101993637081e-10,849.5,BID
469,1712302701.0852578,8646264.88604778,836.5,5.432101994483458e-10,849.5,BID
470,1712302701.0896666,8646279.28604777,836.7,6.54329276972501e-10,849.5,BID
471,1712302701.091911,8646303.19519303,836.5,1.086420398812053e-09,849.5,BID
472,1712302701.093904,8652181.30090252,836.7,2.670983792877575e-07,849.5,BID
473,1712302701.4796352,8652934.258952,836.2,-3.4214062255306634e-08,849.5,ASK
474,1712302710.189469,8652934.258952,836.2,-0.0,849.5,ASK
475,1712302722.4395308,8655871.56475637,836.2,-1.334034125685264e-07,849.5,ASK
476,1712302722.443237,8658853.92911114,836.2,-1.3544983360507498e-07,849.5,ASK
477,1712302740.1236792,8658853.92911114,836.2,-0.0,849.5,ASK
478,1712302750.0693767,8658869.90759284,836.2,-7.255304772268108e-10,849.5,ASK
479,1712302751.9094534,8658973.5177263,836.2,-4.704596530694581e-09,849.5,ASK
480,1712302751.9240575,8659093.10634084,836.2,-5.4301269797573796e-09,849.5,ASK
481,1712302752.0093462,8659398.60807439,836.1,-1.3871832298462241e-08,849.5,ASK
482,1712302752.0193334,8659398.60807501,836.2,-2.816401131419369e-17,849.5,ASK
483,1712302752.022781,8659546.26505384,836.1,-6.7046193952574515e-09,849.5,ASK
484,1712302752.4236815,8659546.26505453,836.1,-3.1293345904659653e-17,849.5,ASK
485,1712302753.099263,8659844.97334301,836.1,1.3563364226494184e-08,849.5,BID
486,1712302755.509351,8661044.97334301,836.0,-5.4488066449835983e-08,849.5,ASK
487,1712302756.8096411,8661164.73382205,835.0,-5.437930783349914e-09,849.5,ASK
488,1712302756.8207529,8663218.15382201,835.0,-9.323907117273901e-08,849.5,ASK
489,1712302757.3712373,8663727.66867586,834.8,-2.3135399344798042e-08,849.5,ASK
490,1712302757.3746724,8663752.35260201,834.8,-1.1208161735959096e-09,849.5,ASK
491,1712302770.1305249,8663752.35260201,834.8,-0.0,849.5,ASK
492,1712302800.159156,8663752.35260201,834.8,-0.0,849.5,ASK
493,1712302820.7725928,8664052.23571778,834.8,-1.364493380201963e-08,849.5,ASK
494,1712302820.7772071,8664950.2443126,834.8,-4.086014578869351e-08,849.5,ASK
495,1712302821.2490387,8665249.3070516,834.8,-1.3607605969564024e-08,849.5,ASK
496,1712302827.249153,8665249.30705212,834.8,-2.364578560631025e-17,849.5,ASK
497,1712302830.130301,8665249.30705212,834.8,-0.0,849.5,ASK
498,1712302843.7690587,8665526.99173813,834.4,-1.2634168206631585e-08,849.5,ASK
499,1712302843.7789502,8665601.99173813,834.4,-3.412369004271271e-09,849.5,ASK
500,1712302843.8689425,8669928.78975253,834.4,1.968617524277712e-07,849.5,BID
501,1712302843.938945,8669952.74758674,835.5,1.090039611580214e-09,849.5,BID
502,1712302860.1888523,8669952.74758674,835.5,0.0,849.5,BID
503,1712302862.9287455,8670012.19358674,834.8,2.704206304182813e-09,849.5,BID
504,1712302870.1888664,8670036.15142095,834.8,1.0898450073245067e-09,849.5,BID
505,1712302872.3189504,8670722.40855232,834.8,3.121792653712888e-08,849.5,BID
506,1712302890.2005315,8670722.40855232,834.8,0.0,849.5,BID
507,1712302898.0237887,8675328.91100305,834.8,2.0954427357287729e-07,849.5,BID
508,1712302899.3088524,8677731.66620422,834.8,1.0929845334674925e-07,849.5,BID
509,1712302920.1508622,8677731.66620422,834.8,0.0,849.5,BID
510,1712302931.3486629,8677800.70155581,834.8,-3.13949973442069e-09,849.5,ASK
511,1712302935.1887672,8677869.62674842,835.3,3.134490067836922e-09,849.5,BID
512,1712302947.7487516,8679677.22652457,835.6,8.220366647459345e-08,849.5,BID
513,1712302947.7535796,8680263.32688018,835.3,2.6653908010475285e-08,849.5,BID
514,1712302950.1360807,8680263.32688018,835.3,0.0,849.5,BID
515,1712302950.7485163,8682657.67621575,835.3,1.0887662501642657e-07,849.5,BID
516,1712302966.9286647,8682664.85926375,835.3,3.2662987476960425e-10,849.5,BID
517,1712302969.138554,8682784.57673052,835.3,5.443831250423244e-09,849.5,BID
518,1712302977.3285654,8683981.7513983,835.3,5.44383125080439e-08,849.5,BID
519,1712302980.1885104,8683981.7513983,835.3,0.0,849.5,BID
520,1712302980.198462,8684259.75491151,834.9,-1.2639680200645418e-08,849.5,ASK
521,1712302984.7785652,8686527.20373232,835.3,1.030916035393954e-07,849.5,BID
522,1712302988.5913558,8686567.20373232,835.4,1.8186360387639163e-09,849.5,BID
523,1712302994.5484622,8686588.56702538,835.5,9.713013666867374e-10,849.5,BID
524,1712303007.0883615,8687176.75067041,835.6,2.6742299356599003e-08,849.5,BID
525,1712303010.1782866,8687176.75067041,835.6,0.0,849.5,BID
526,1712303018.308313,8687320.36005289,835.6,-6.528537776421424e-09,849.5,ASK
527,1712303020.6982417,8688112.30491708,835.6,-3.600211820065408e-08,849.5,ASK
528,1712303025.9984171,8688166.3034796,834.8,-2.454795426332379e-09,849.5,ASK
529,1712303026.0033357,8688172.95378487,835.3,-3.0232543602617474e-10,849.5,ASK
530,1712303026.0081067,8688223.70760433,834.8,-2.307288158502905e-09,849.5,ASK
531,1712303026.7184105,8689113.29041504,834.8,4.044077681233093e-08,849.5,BID
532,1712303040.1481214,8689113.29041504,834.8,0.0,849.5,BID
533,1712303061.152448,8690309.74889793,835.8,5.438746401028837e-08,849.5,BID
534,1712303068.538076,8690321.71348275,835.8,5.43874639696466e-10,849.5,BID
535,1712303070.12984,8690321.71348275,835.8,0.0,849.5,BID
536,1712303080.9583728,8690333.67806757,835.8,5.438496706809405e-10,849.5,BID
537,1712303100.1508389,8690333.67806757,835.8,0.0,849.5,BID
538,1712303103.692633,8690453.32391585,835.7,5.4759023897868705e-09,849.5,BID
539,1712303112.9980662,8690572.98408098,835.5,5.4765576375119555e-09,849.5,BID
540,1712303130.1291614,8690572.98408098,835.5,0.0,849.5,BID
541,1712303132.29815,8690692.67288998,835.5,-5.4778184661929385e-09,849.5,ASK
542,1712303132.3978474,8690692.67289007,835.5,-4.1771521657205655e-18,849.5,ASK
543,1712303141.0978403,8690812.36169916,835.2,5.477818470284842e-09,849.5,BID
544,1712303144.8899145,8691115.42005046,834.6,-1.3870124090626882e-08,849.5,ASK
545,1712303144.8922453,8693508.33701624,834.6,-1.0951704551772241e-07,849.5,ASK
546,1712303160.1476734,8693508.33701624,834.6,-0.0,849.5,ASK
547,1712303171.490601,8693558.59226244,834.6,-2.2997826868594242e-09,849.5,ASK
548,1712303190.137588,8693558.59226244,834.6,-0.0,849.5,ASK
549,1712303198.3005743,8693564.59226244,834.3,-2.7457172493366973e-10,849.5,ASK
550,1712303198.3055203,8693925.29052007,834.3,-1.6506257129704668e-08,849.5,ASK
551,1712303213.818335,8694302.56569411,834.1,-1.726484921848477e-08,849.5,ASK
552,1712303213.8234072,8695450.54124247,834.3,-5.253360441575093e-08,849.5,ASK
553,1712303213.8283858,8696049.48709776,834.2,-2.740893277154597e-08,849.5,ASK
554,1712303213.8325777,8696528.87348318,834.4,-2.1937657792344603e-08,849.5,ASK
555,1712303213.834794,8696677.48547513,834.3,-6.800775162646864e-09,849.5,ASK
556,1712303213.8370445,8696825.47876211,834.2,-6.772462014131497e-09,849.5,ASK
557,1712303219.6177745,8698033.2082307,834.2,-5.5268060573980695e-08,849.5,ASK
558,1712303220.192425,8698033.2082307,834.2,-0.0,849.5,ASK
559,1712303221.7085996,8698181.21926055,834.1,-6.772117101704263e-09,849.5,ASK
560,1712303221.713663,8700536.70266539,834.1,-1.0777311302406556e-07,849.5,ASK
561,1712303221.7185528,8700643.37764853,834.2,-4.8808219116156195e-09,849.5,ASK
562,1712303225.8278513,8701643.37764853,834.2,-4.575413811133512e-08,849.5,ASK
563,1712303225.831889,8701817.67266397,834.2,-7.97471820853119e-09,849.5,ASK
564,1712303225.8779073,8703991.71813644,834.2,9.947157680767773e-08,849.5,BID
565,1712303225.8885674,8707267.6723205,834.2,1.498884601839293e-07,849.5,BID
566,1712303232.1129563,8708970.6398675,835.0,7.791781234453462e-08,849.5,BID
567,1712303232.1688583,8708970.63986816,835.0,3.0254421810664175e-17,849.5,BID
568,1712303250.1902456,8708970.63986816,835.0,0.0,849.5,BID
569,1712303280.1283052,8708970.63986816,835.0,0.0,849.5,BID
570,1712303284.2402596,8710223.99617994,834.8,5.732230504816831e-08,849.5,BID
571,1712303285.2103271,8714465.22156594,834.4,-1.939726261952751e-07,849.5,ASK
572,1712303285.2156942,8717616.78201407,834.4,-1.4413675320228525e-07,849.5,ASK
573,1712303285.2883904,8717764.81079104,834.0,-6.770102507658578e-09,849.5,ASK
574,1712303285.293415,8724964.34916034,834.0,-3.292711982477432e-07,849.5,ASK
575,1712303297.3585556,8725112.48450951,833.4,-6.774976591895614e-09,849.5,ASK
576,1712303297.3640776,8726049.86802887,833.3,-4.2871275740838784e-08,849.5,ASK
577,1712303310.1332817,8726049.86802887,833.3,-0.0,849.5,ASK
578,1712303319.398713,8726549.86802887,833.4,-2.2852630808599483e-08,849.5,ASK
579,1712303328.54879,8726555.89203649,833.4,-2.7532884426935105e-10,849.5,ASK
580,1712303340.1988587,8726555.89203649,833.4,-0.0,849.5,ASK
581,1712303341.3022535,8726735.87763765,833.5,-8.226130431016663e-09,849.5,ASK
582,1712303348.4300454,8727809.24834827,833.7,-4.905774356083559e-08,849.5,ASK
583,1712303348.4341478,8728871.99285438,833.7,-4.857207946483924e-08,849.5,ASK
584,1712303358.3690832,8728878.68619618,834.5,3.0591504164147126e-10,849.5,BID
585,1712303370.189022,8728878.68619618,834.5,0.0,849.5,BID
586,1712303380.8893833,8728886.12324262,835.0,3.3987552064976724e-10,849.5,BID
587,1712303380.894603,8728890.66115715,835.2,2.0738421841729357e-10,849.5,BID
588,1712303380.9692774,8732011.29685715,835.0,1.426140998052609e-07,849.5,BID
589,1712303382.559285,8732800.46785427,834.6,-3.606537967463984e-08,849.5,ASK
590,1712303382.6793065,8734369.24722972,834.6,7.169374445811187e-08,849.5,BID
591,1712303382.699375,8735677.74915672,834.6,5.979897762896887e-08,849.5,BID
592,1712303382.7045994,8742840.65585715,834.6,3.273472424451247e-07,849.5,BID
593,1712303382.77924,8743395.24892315,835.0,2.53450894207245e-08,849.5,BID
594,1712303386.069276,8743395.24892409,835.0,4.290224855529978e-17,849.5,BID
595,1712303386.0742748,8744179.88192315,835.2,3.585799163885878e-08,849.5,BID
596,1712303386.269311,8744891.19123183,835.8,3.250707435682218e-08,849.5,BID
597,1712303386.2745123,8744891.19131536,835.2,3.817363762822259e-15,849.5,BID
598,1712303386.2791798,8744897.75937047,835.5,3.001623249363286e-10,849.5,BID
599,1712303386.281522,8745376.40003099,835.7,2.1874038975479098e-08,849.5,BID
600,1712303397.7393477,8745974.70085664,835.5,2.7342548719412723e-08,849.5,BID
601,1712303400.1745749,8745974.70085664,835.5,0.0,849.5,BID
602,1712303405.849306,8746154.19110433,834.6,-8.222555807656057e-09,849.5,ASK
603,1712303430.1300418,8746154.19110433,834.6,-0.0,849.5,ASK
604,1712303442.7097106,8752138.63155914,835.5,2.7414892209802205e-07,849.5,BID
605,1712303447.6097825,8752249.90882181,834.7,-5.097643103915664e-09,849.5,ASK
606,1712303447.614704,8752272.78928195,834.7,-1.0481603972302543e-09,849.5,ASK
607,1712303460.189674,8752272.78928195,834.7,-0.0,849.5,ASK
608,1712303469.2098362,8752326.64924604,835.5,2.466762629047993e-09,849.5,BID
609,1712303490.2104805,8752326.64924604,835.5,0.0,849.5,BID
610,1712303500.5899556,8752340.40213904,835.4,6.298751427830163e-10,849.5,BID
611,1712303500.5924726,8752840.40213904,835.5,2.2899732544629e-08,849.5,BID
612,1712303500.594836,8752847.05244431,835.4,3.0458042409888245e-10,849.5,BID
613,1712303500.5972066,8753433.04669738,835.5,2.6838223335946915e-08,849.5,BID
614,1712303503.441549,8757043.94669738,835.5,-1.6537728849081877e-07,849.5,ASK
615,1712303520.1535366,8757043.94669738,835.5,-0.0,849.5,ASK
616,1712303521.6339362,8757224.28062138,835.5,-8.257706662681356e-09,849.5,ASK
617,1712303522.261041,8757224.28062185,835.5,-2.1579067100806682e-17,849.5,ASK
618,1712303545.9801877,8757343.96943094,835.5,5.480694116487483e-09,849.5,BID
619,1712303550.1258056,8757343.96943094,835.5,0.0,849.5,BID
620,1712303559.293286,8757349.95172335,835.8,2.739331999671804e-10,849.5,BID
621,1712303570.8474452,8757589.30069415,835.6,-1.0959950632105705e-08,849.5,ASK
622,1712303578.1307652,8757709.24565705,835.8,5.492360662915692e-09,849.5,BID
623,1712303580.195131,8757709.24565705,835.8,0.0,849.5,BID
624,1712303580.7275436,8758905.10620966,835.8,5.47584950114696e-08,849.5,BID
625,1712303582.3004284,8760461.95020366,835.6,-7.128793895995273e-08,849.5,ASK
626,1712303582.590353,8760461.95020376,835.6,-4.520400960755816e-18,849.5,ASK
627,1712303582.6003845,8760581.75372598,835.2,-5.485807320520237e-09,849.5,ASK
628,1712303582.610243,8760754.52946776,835.2,-7.911407039656451e-09,849.5,ASK
629,1712303583.2302458,8760898.13885023,835.6,6.575878463817376e-09,849.5,BID
630,1712303595.703366,8760898.13885078,835.2,-2.5160722328735202e-17,849.5,ASK
631,1712303610.1922662,8760898.13885078,835.2,-0.0,849.5,ASK
632,1712303628.6406407,8761001.36885023,835.2,4.726328449943873e-09,849.5,BID
633,1712303628.646246,8762093.90685078,835.2,5.002124830186316e-08,849.5,BID
634,1712303630.3105593,8765784.17070463,835.2,1.6895669023857004e-07,849.5,BID
635,1712303632.6005602,8767544.14035763,835.2,-8.057923749304956e-08,849.5,ASK
636,1712303632.6405716,8767732.88333954,835.2,-8.641493072591004e-09,849.5,ASK
637,1712303640.140443,8767732.88333954,835.2,-0.0,849.5,ASK
638,1712303667.5707178,8793608.73013754,835.2,-1.1844017898697958e-06,849.5,ASK
639,1712303667.671985,8793608.73013836,835.2,-3.751347412820622e-17,849.5,ASK
640,1712303670.1333148,8793608.73013836,835.2,-0.0,849.5,ASK
641,1712303679.910785,8793682.99464395,834.6,-3.3959116342742206e-09,849.5,ASK
642,1712303685.290826,8793690.18371655,834.6,-3.2873652206229036e-10,849.5,ASK
643,1712303685.2965856,8793757.29820731,834.6,-3.0689611164998673e-09,849.5,ASK
644,1712303685.3024166,8793768.05349711,834.6,-4.91809828566297e-10,849.5,ASK
645,1712303700.1585538,8793768.05349711,834.6,-0.0,849.5,ASK
646,1712303730.1466875,8793768.05349711,834.6,-0.0,849.5,ASK
647,1712303736.6109445,8799758.94733847,834.6,-2.74541290204067e-07,849.5,ASK
648,1712303736.615703,8800868.97536711,834.6,-5.086862415117997e-08,849.5,ASK
649,1712303736.6335516,8802615.61322153,834.6,-8.004218114517535e-08,849.5,ASK
650,1712303737.5999048,8802800.26630721,834.5,-8.461992104241541e-09,849.5,ASK
651,1712303737.6089444,8805255.39200453,834.5,-1.1250965121466677e-07,849.5,ASK
652,1712303738.4125214,8805255.39200547,834.5,-4.3020624311790146e-17,849.5,ASK
653,1712303738.448059,8805455.39200547,834.4,-9.165286432174662e-09,849.5,ASK
654,1712303738.4513848,8805575.23860182,834.4,-5.492141917385782e-09,849.5,ASK
655,1712303738.4540615,8806208.24800699,834.4,-2.9008562563201092e-08,849.5,ASK
656,1712303739.4834852,8817451.94881275,834.4,-5.15258692212274e-07,849.5,ASK
657,1712303740.5791202,8817526.94881275,834.3,-3.436982412065498e-09,849.5,ASK
658,1712303746.971438,8818725.27116146,834.4,5.491483782002405e-08,849.5,BID
659,1712303747.0510714,8819317.70401437,834.3,-2.7149083943790858e-08,849.5,ASK
660,1712303760.1834054,8819317.70401437,834.3,-0.0,849.5,ASK
661,1712303790.2109282,8819317.70401437,834.3,-0.0,849.5,ASK
662,1712303820.1366966,8819317.70401437,834.3,-0.0,849.5,ASK
663,1712303824.7430713,8819439.50377756,834.3,-5.576200376248669e-09,849.5,ASK
664,1712303824.7509518,8821811.62468103,834.3,-1.0859973064020669e-07,849.5,ASK
665,1712303831.5511873,8822581.62198383,834.2,-3.525178651539243e-08,849.5,ASK
666,1712303831.5566373,8826068.01673329,834.2,-1.596130830191119e-07,849.5,ASK
667,1712303850.1457708,8826068.01673329,834.2,-0.0,849.5,ASK
668,1712303858.3166952,8826083.10251295,834.0,-6.904746446688934e-10,849.5,ASK
669,1712303858.3215349,8826811.01673329,834.0,-3.331656195337789e-08,849.5,ASK
670,1712303869.3013756,8828538.67495842,834.0,-7.90747462865711e-08,849.5,ASK
671,1712303880.2111657,8828538.67495842,834.0,-0.0,849.5,ASK
672,1712303883.6715188,8829137.79266575,834.0,2.7418972387851708e-08,849.5,BID
673,1712303908.4715545,8829637.79266575,833.7,-2.2882792523440425e-08,849.5,ASK
674,1712303908.4833448,8829781.72933361,833.7,-6.587345814291073e-09,849.5,ASK
675,1712303908.4878786,8830330.80647498,833.7,-2.5128836610695525e-08,849.5,ASK
676,1712303910.1911416,8830330.80647498,833.7,-0.0,849.5,ASK
677,1712303927.8913064,8830630.56666682,834.0,1.3717762442311974e-08,849.5,BID
678,1712303928.3312402,8831779.52381494,833.6,-5.2579100372289095e-08,849.5,ASK
679,1712303928.3362558,8831830.18278967,833.7,-2.3182790771727153e-09,849.5,ASK
680,1712303940.1318607,8831830.18278967,833.7,-0.0,849.5,ASK
681,1712303943.8201706,8833081.0336569,833.6,-5.7238732915137554e-08,849.5,ASK
682,1712303944.2367945,8834229.4150349,833.6,5.2549745698723353e-08,849.5,BID
683,1712303951.1115353,8834229.41503536,833.6,2.1052882000870658e-17,849.5,BID
684,1712303963.1213248,8834247.40064687,834.0,8.230186671164935e-10,849.5,BID
685,1712303964.7530224,8834247.50144332,833.4,-4.612429294386727e-12,849.5,ASK
686,1712303964.7564096,8834367.44866608,833.7,-5.488765469436465e-09,849.5,ASK
687,1712303969.0816064,8835180.55865306,833.4,-3.720778119489208e-08,849.5,ASK
688,1712303969.0877378,8836380.46266073,833.4,-5.4907412880377136e-08,849.5,ASK
689,1712303969.0925686,8837967.16068912,833.4,-7.260704456722596e-08,849.5,ASK
690,1712303970.132753,8837967.16068912,833.4,-0.0,849.5,ASK
691,1712303974.0716248,8838115.31381524,833.3,-6.7778765684066065e-09,849.5,ASK
692,1712303974.077607,8839596.4559975,833.3,-6.776096566098793e-08,849.5,ASK
693,1712303985.414286,8839603.4559975,833.2,-3.2024390724118285e-10,849.5,ASK
694,1712303985.4209626,8839703.4559975,833.3,-4.574912960588328e-09,849.5,ASK
695,1712303985.4269328,8840903.33624945,833.0,-5.4893477157984566e-08,849.5,ASK
696,1712303985.429952,8840939.34633227,833.1,-1.647429946070461e-09,849.5,ASK
697,1712303985.4328394,8842024.77128342,833.3,-4.965724676758204e-08,849.5,ASK
698,1712303985.435561,8863778.48067837,832.8,-9.952132705183076e-07,849.5,ASK
699,1712303985.4383018,8863878.48067837,833.0,-4.574912960588328e-09,849.5,ASK
700,1712304000.1813564,8863878.48067837,833.0,-0.0,849.5,ASK
701,1712304004.7826872,8864348.76922822,833.0,-2.1603778192315123e-08,849.5,ASK
702,1712304005.6614351,8864354.76658938,833.7,2.7550247672165965e-10,849.5,BID
703,1712304015.8814356,8864453.64077013,833.0,-4.542011219562786e-09,849.5,ASK
704,1712304018.0453448,8864469.24701263,833.0,-7.16908377842693e-10,849.5,ASK
705,1712304018.0545702,8864476.24701263,833.0,-3.215609807946973e-10,849.5,ASK
706,1712304018.0575223,8864566.36008367,832.8,-4.13954964368938e-09,849.5,ASK
707,1712304018.0602355,8864597.22135403,833.0,-1.417682909391499e-09,849.5,ASK
708,1712304025.3230116,8864869.11640087,833.0,1.2490119704989532e-08,849.5,BID
709,1712304026.1914632,8865045.61553015,833.7,8.107890445832988e-09,849.5,BID
710,1712304026.2013297,8865141.01140087,833.7,4.382227107457078e-09,849.5,BID
711,1712304030.1246378,8865141.01140087,833.7,0.0,849.5,BID
712,1712304030.3404555,8865500.59389744,833.0,-1.6517444776603052e-08,849.5,ASK
713,1712304037.3814085,8866336.87346518,833.0,-3.84145549622319e-08,849.5,ASK
714,1712304038.441316,8867599.74096518,833.7,5.8009898675161454e-08,849.5,BID
715,1712304042.9014535,8867801.67626151,833.0,-9.275910639144348e-09,849.5,ASK
716,1712304043.1355176,8868802.67612697,833.0,4.59809922807869e-08,849.5,BID
717,1712304052.72149,8872360.97112661,833.1,-1.63450506395583e-07,849.5,ASK
718,1712304053.981507,8872932.40007524,833.1,2.6248624982484466e-08,849.5,BID
719,1712304055.1712012,8873803.28407471,833.1,4.000411172757396e-08,849.5,BID
720,1712304059.2611656,8873843.21080954,834.0,1.834037095641091e-09,849.5,BID
721,1712304059.271476,8873953.28407471,834.0,5.0562224139878025e-09,849.5,BID
722,1712304060.2669156,8873953.28407471,834.0,0.0,849.5,BID
723,1712304069.5212822,8873977.28791471,833.2,-1.1022461659084182e-09,849.5,ASK
724,1712304083.521176,8873977.28791532,833.2,-2.796892355869423e-17,849.5,ASK
725,1712304090.1912425,8873977.28791532,833.2,-0.0,849.5,ASK
726,1712304116.921157,8873987.28791532,833.6,4.591953427625096e-10,849.5,BID
727,1712304120.147642,8873987.28791532,833.6,0.0,849.5,BID
728,1712304137.8691342,8878841.79182867,833.6,2.2291647351415297e-07,849.5,BID
729,1712304137.96605,8878912.07500032,834.0,3.227369274237512e-09,849.5,BID
730,1712304137.9711735,8880840.37103971,834.0,8.85464221812394e-08,849.5,BID
731,1712304138.4814248,8881617.37103971,834.0,-3.5679464475074714e-08,849.5,ASK
732,1712304150.1226754,8881617.37103971,834.0,-0.0,849.5,ASK
733,1712304180.192098,8881617.37103971,834.0,-0.0,849.5,ASK
734,1712304197.572966,8882025.21360971,834.0,1.872246451258414e-08,849.5,BID
735,1712304197.6115637,8882025.21360998,834.0,1.2398484094871105e-17,849.5,BID
736,1712304210.192961,8882025.21360998,834.0,0.0,849.5,BID
737,1712304210.8011742,8882400.28731798,834.0,-1.721790478934067e-08,849.5,ASK
738,1712304210.8267276,8882624.73399367,834.0,-1.0303312148757848e-08,849.5,ASK
739,1712304240.1313455,8882624.73399367,834.0,-0.0,849.5,ASK
740,1712304242.3413084,8882636.72440134,834.0,5.504117051521664e-10,849.5,BID
741,1712304251.561317,8882672.69562436,834.0,1.651235115969521e-09,849.5,BID
742,1712304260.271586,8890734.80954076,834.0,3.700859879009413e-07,849.5,BID
743,1712304260.2773695,8894663.10329822,834.0,1.8032571743223642e-07,849.5,BID
744,1712304270.1259942,8894663.10329822,834.0,0.0,849.5,BID
745,1712304299.341334,8894675.09370589,834.0,5.50158148520117e-10,849.5,BID
746,1712304300.1473136,8894711.09514594,833.3,-1.6518608997510215e-09,849.5,ASK
747,1712304300.1523728,8894718.88891093,833.4,-3.5760279673891674e-10,849.5,ASK
748,1712304300.156617,8894838.85052189,833.3,-5.504221340592328e-09,849.5,ASK
749,1712304300.2111804,8894838.85052189,833.3,-0.0,849.5,ASK
750,1712304300.2244503,8894838.85052321,833.3,-6.057067658346646e-17,849.5,ASK
751,1712304318.3212423,8895947.92724741,833.0,-5.0940198433982984e-08,849.5,ASK
752,1712304318.3314967,8896548.16734344,833.0,-2.7569192403492643e-08,849.5,ASK
753,1712304330.217501,8896548.16734344,833.0,-0.0,849.5,ASK
754,1712304341.001299,8896554.16326621,833.9,2.75376369839854e-10,849.5,BID
755,1712304355.3412068,8896798.16734344,833.9,1.1206441374775865e-08,849.5,BID
756,1712304359.254883,8897995.34434344,834.0,5.4983072488232544e-08,849.5,BID
757,1712304360.123387,8897995.34434344,834.0,0.0,849.5,BID
758,1712304371.6612823,8899033.66357637,834.0,4.7684525592456014e-08,849.5,BID
759,1712304371.6650338,8908724.06301937,834.0,4.450289329006938e-07,849.5,BID
760,1712304373.9963727,8908814.66978723,834.0,-4.1610909283140954e-09,849.5,ASK
761,1712304390.1395912,8908814.66978723,834.0,-0.0,849.5,ASK
762,1712304398.441328,8910412.83055339,833.0,-7.336469240022225e-08,849.5,ASK
763,1712304398.4478152,8910912.83055339,833.9,-2.2952851162932385e-08,849.5,ASK
764,1712304404.951178,8910918.8228832,834.4,2.750821084877591e-10,849.5,BID
765,1712304411.3711765,8911635.9427402,834.0,-3.29198906874173e-08,849.5,ASK
766,1712304411.391197,8911635.94274053,834.0,-1.5134567975398272e-17,849.5,ASK
767,1712304411.3972332,8912135.94274053,833.9,-2.2952851162932385e-08,849.5,ASK
768,1712304420.19112,8912135.94274053,833.9,-0.0,849.5,ASK
769,1712304435.5513687,8913061.20641818,834.2,4.24694820108278e-08,849.5,BID
770,1712304450.2101965,8913061.20641818,834.2,0.0,849.5,BID
771,1712304480.141336,8913061.20641818,834.2,0.0,849.5,BID
772,1712304491.541283,8913361.1698562,834.1,1.3767794878779425e-08,849.5,BID
773,1712304510.1223464,8913361.1698562,834.1,0.0,849.5,BID
774,1712304512.6613886,8913960.69023989,834.0,-2.7516616479753523e-08,849.5,ASK
775,1712304540.1874945,8913960.69023989,834.0,-0.0,849.5,ASK
776,1712304543.2411528,8914027.1698562,834.0,3.051192547000076e-09,849.5,BID
777,1712304544.3642504,8923243.50668338,834.1,4.229991055666322e-07,849.5,BID
778,1712304544.5211222,8923615.89853478,834.5,1.709154331234603e-08,849.5,BID
779,1712304570.1923752,8923615.89853478,834.5,0.0,849.5,BID
780,1712304582.6083586,8923722.83562287,834.5,4.9062419957314325e-09,849.5,BID
781,1712304587.0812206,8924118.09146469,834.5,-1.813422120291314e-08,849.5,ASK
782,1712304593.3658538,8924318.09146469,834.6,9.175940888993e-09,849.5,BID
783,1712304593.3828895,8924437.90934069,834.6,5.497208738101507e-09,849.5,BID
784,1712304593.3858712,8924437.90934152,834.6,3.8028635974990994e-17,849.5,BID
785,1712304593.4461071,8924457.93145952,834.8,9.186088562166036e-10,849.5,BID
786,1712304593.451439,8924577.72063058,834.8,5.495891763965262e-09,849.5,BID
787,1712304593.455896,8925152.00331852,834.9,2.6347919990533665e-08,849.5,BID
788,1712304593.4610038,8925466.01774803,834.9,1.4406889217356568e-08,849.5,BID
789,1712304593.474682,8925970.66735035,834.9,2.31531746027128e-08,849.5,BID
790,1712304593.612988,8928094.53218424,834.9,9.744229085990629e-08,849.5,BID
791,1712304598.0224936,8929401.73724596,834.5,-5.997418188070723e-08,849.5,ASK
792,1712304600.182689,8929401.73724596,834.5,-0.0,849.5,ASK
793,1712304620.391062,8931587.49786369,835.0,1.0041315418693761e-07,849.5,BID
794,1712304620.3950157,8937186.16838369,835.0,2.572011599104896e-07,849.5,BID
795,1712304620.4110012,8937305.90018446,835.2,5.500441207659122e-09,849.5,BID
796,1712304625.0570076,8940305.90018446,835.0,1.3781905489438353e-07,849.5,BID
797,1712304630.1410615,8940305.90018446,835.0,0.0,849.5,BID
798,1712304660.1910326,8940305.90018446,835.0,0.0,849.5,BID
799,1712304690.1828156,8940305.90018446,835.0,0.0,849.5,BID
800,1712304694.581066,8940317.86906536,835.5,5.496167237524397e-10,849.5,BID
1001,1712304695.4611137,8940325.90018446,835.5,3.6879282243471755e-10,849.5,BID
801,1712304695.4611137,8940325.90018446,835.5,3.687928224347176e-10,849.5,BID
802,1712304696.8262937,8941430.91703203,835.5,-5.0742901075273176e-08,849.5,ASK
803,1712304705.8111372,8943525.64049353,835.5,-9.619070118325002e-08,849.5,ASK
804,1712304715.19108,8943535.64049353,835.5,-4.5920477309357854e-10,849.5,ASK
805,1712304715.19638,8944696.67448909,835.5,-5.331523524848032e-08,849.5,ASK
806,1712304715.3546655,8945410.89160809,835.5,3.279719100694804e-08,849.5,BID
807,1712304715.3709786,8945410.89160888,835.5,3.6351760582024404e-17,849.5,BID
808,1712304715.7110896,8945510.89160888,835.1,-4.5920477309357875e-09,849.5,ASK
809,1712304718.3662572,8945558.75567492,835.7,2.1979407584444766e-09,849.5,BID
810,1712304718.463979,8946178.32446179,835.7,2.8450894419081817e-08,849.5,BID
811,1712304720.135564,8946178.32446179,835.7,0.0,849.5,BID
812,1712304730.4312675,8946811.96093482,835.1,-2.9090334967744402e-08,849.5,ASK
813,1712304742.8211665,8947019.58046925,835.1,-9.531840510325432e-09,849.5,ASK
814,1712304742.826515,8947159.41342338,835.1,-6.4197495698075836e-09,849.5,ASK
815,1712304742.8812327,8949078.13095238,835.1,8.808857760384006e-08,849.5,BID
816,1712304742.8881798,8949078.13095243,835.1,2.308885753637388e-18,849.5,BID
817,1712304750.133518,8949078.13095243,835.1,0.0,849.5,BID
818,1712304752.9714165,8949199.93071562,835.9,5.591221752331389e-09,849.5,BID
819,1712304752.9783814,8949235.7827909,835.9,1.6457905821436667e-09,849.5,BID
820,1712304752.9840045,8949316.36495232,836.4,3.6991265170628393e-09,849.5,BID
1020,1712304752.9840045,8949316.36495232,836.4,3.699126517062839e-09,849.5,BID
821,1712304752.9870608,8949450.91418486,836.0,6.1764865221416685e-09,849.5,BID
822,1712304766.2711797,8949462.87018677,836.4,5.488406233019914e-10,849.5,BID
823,1712304768.6110208,8949686.48283133,836.4,1.0264945100154485e-08,849.5,BID
824,1712304768.6208868,8950235.60783133,836.4,2.520759945952349e-08,849.5,BID
825,1712304779.6410372,8950243.71654134,836.5,3.7223057428180606e-10,849.5,BID
826,1712304780.1934257,8950243.71654134,836.5,0.0,849.5,BID
827,1712304783.2017272,8950291.51930838,836.8,2.194289256029872e-09,849.5,BID
828,1712304783.207193,8950448.42397327,837.0,7.202391026805172e-09,849.5,BID
829,1712304783.2123148,8950469.97311729,836.8,9.891698353072554e-10,849.5,BID
830,1712304783.21537,8950533.11614781,837.0,2.898452998501555e-09,849.5,BID
831,1712304783.2184412,8952342.52507422,836.8,8.305725406321512e-08,849.5,BID
832,1712304783.2215507,8952798.15947821,836.9,2.091497499534198e-08,849.5,BID
833,1712304783.2246468,8953820.9969864,837.0,4.6951285330382583e-08,849.5,BID
1033,1712304783.2246468,8953820.9969864,837.0,4.695128533038258e-08,849.5,BID
834,1712304784.9729557,8954597.9969864,837.0,-3.566661215450412e-08,849.5,ASK
835,1712304784.9823415,8954797.9969864,837.0,-9.18059514916451e-09,849.5,ASK
836,1712304786.4312768,8954858.64715622,837.0,-2.784023274208816e-09,849.5,ASK
837,1712304787.6858108,8955058.64715622,837.0,-9.18059514916451e-09,849.5,ASK
838,1712304790.2510464,8955258.64715622,837.0,-9.18059514916451e-09,849.5,ASK
839,1712304791.461131,8955358.64715622,837.0,-4.590297574582255e-09,849.5,ASK
840,1712304792.7811005,8955558.64715622,837.0,-9.18059514916451e-09,849.5,ASK
841,1712304795.4311156,8955758.64715622,837.0,-9.18059514916451e-09,849.5,ASK
842,1712304796.6012738,8956227.48859101,837.3,2.1521217009793823e-08,849.5,BID
843,1712304796.6086638,8956355.80468637,837.3,5.8900906130914485e-09,849.5,BID
844,1712304797.9912002,8956555.80468637,837.0,-9.18059514916451e-09,849.5,ASK
845,1712304800.660956,8956755.80468637,837.0,-9.18059514916451e-09,849.5,ASK
846,1712304802.1511278,8957532.80468637,837.0,-3.566661215450412e-08,849.5,ASK
847,1712304803.170958,8957732.80468637,837.0,-9.18059514916451e-09,849.5,ASK
848,1712304805.72393,8957932.80468637,837.0,-9.18059514916451e-09,849.5,ASK
849,1712304808.211084,8958132.80468637,837.0,-9.18059514916451e-09,849.5,ASK
850,1712304810.1956236,8958132.80468637,837.0,-0.0,849.5,ASK
851,1712304810.820998,8958332.80468637,837.0,-9.177813410013076e-09,849.5,ASK
852,1712304813.3137095,8958532.80468637,837.0,-9.177813410013076e-09,849.5,ASK
853,1712304816.8509886,8958732.80468637,837.0,-9.177813410013076e-09,849.5,ASK
854,1712304818.3911974,8959317.03413418,837.1,2.680974430317481e-08,849.5,BID
855,1712304818.9510343,8960094.03413418,837.0,-3.5655805097900795e-08,849.5,ASK
856,1712304819.3510978,8960294.03413418,837.0,-9.177813410013076e-09,849.5,ASK
857,1712304821.940901,8960494.03413418,837.0,-9.177813410013076e-09,849.5,ASK
858,1712304824.4508464,8960694.03413418,837.0,-9.177813410013076e-09,849.5,ASK
859,1712304828.391523,8960894.03413418,837.0,-9.177813410013076e-09,849.5,ASK
860,1712304831.0809538,8961094.03413418,837.0,-9.177813410013076e-09,849.5,ASK
861,1712304833.6310284,8961294.03413418,837.0,-9.177813410013076e-09,849.5,ASK
862,1712304835.990979,8962071.03413418,837.0,-3.5655805097900795e-08,849.5,ASK
863,1712304836.1809664,8962271.03413418,837.0,-9.177813410013076e-09,849.5,ASK
864,1712304837.0909765,8964796.34278164,837.0,-1.1588405784545857e-07,849.5,ASK
865,1712304838.6909618,8964996.34278164,837.0,-9.177813410013076e-09,849.5,ASK
866,1712304840.1249504,8964996.34278164,837.0,-0.0,849.5,ASK
867,1712304841.2211995,8965196.34278164,837.0,-9.175394543514496e-09,849.5,ASK
868,1712304843.7310257,8965396.34278164,837.0,-9.175394543514496e-09,849.5,ASK
869,1712304845.3911252,8965778.47854542,837.1,1.7531232009310872e-08,849.5,BID
870,1712304845.3977456,8969138.40946864,837.1,1.5414345929748157e-07,849.5,BID
871,1712304845.410815,8969138.40946904,837.1,1.837229194916428e-17,849.5,BID
1071,1712304845.410815,8969138.40946904,837.1,1.8372291949164278e-17,849.5,BID
872,1712304845.5911725,8970241.05156204,837.3,5.05858812177654e-08,849.5,BID
873,1712304845.6009223,8970241.05156223,837.3,8.71615711076631e-18,849.5,BID
874,1712304845.8966863,8970355.86970098,837.0,-5.267508618928591e-09,849.5,ASK
875,1712304846.2814572,8970555.86970098,837.0,-9.175394543514496e-09,849.5,ASK
876,1712304848.8710446,8970755.86970098,837.0,-9.175394543514496e-09,849.5,ASK
877,1712304850.4352274,8971584.90376132,837.0,-3.803357296817373e-08,849.5,ASK
878,1712304851.3809886,8971784.90376132,837.0,-9.175394543514496e-09,849.5,ASK
879,1712304852.981084,8972561.90376132,837.0,-3.5646407801553824e-08,849.5,ASK
880,1712304853.8510177,8972761.90376132,837.0,-9.175394543514496e-09,849.5,ASK
881,1712304856.4409745,8972961.90376132,837.0,-9.175394543514496e-09,849.5,ASK
882,1712304859.1110833,8973161.90376132,837.0,-9.175394543514496e-09,849.5,ASK
883,1712304862.4609957,8973361.90376132,837.0,-9.175394543514496e-09,849.5,ASK
884,1712304864.9188032,8973561.90376132,837.0,-9.175394543514496e-09,849.5,ASK
885,1712304865.7310512,8973787.42152031,837.0,-1.034607207649886e-08,849.5,ASK
1085,1712304865.7310512,8973787.42152031,837.0,-1.0346072076498861e-08,849.5,ASK
886,1712304867.9247231,8973987.42152031,837.0,-9.175394543514496e-09,849.5,ASK
887,1712304870.1420324,8973987.42152031,837.0,-0.0,849.5,ASK
888,1712304870.4608738,8974187.42152031,837.0,-9.172227547514066e-09,849.5,ASK
889,1712304871.0811136,8974964.42152031,837.0,-3.5634104022092155e-08,849.5,ASK
890,1712304872.98108,8975164.42152031,837.0,-9.172227547514066e-09,849.5,ASK
891,1712304873.061045,8976359.16465054,837.0,-5.4792279256552494e-08,849.5,ASK
892,1712304875.711025,8976559.16465054,837.0,-9.172227547514066e-09,849.5,ASK
893,1712304878.9509711,8976759.16465054,837.0,-9.172227547514066e-09,849.5,ASK
894,1712304881.4209185,8976959.16465054,837.0,-9.172227547514066e-09,849.5,ASK
895,1712304885.5308409,8977304.99260752,837.0,-1.5860063568566652e-08,849.5,ASK
896,1712304885.6943448,8977816.88956996,837.0,-2.3476177101888258e-08,849.5,ASK
897,1712304886.2509458,8978016.88956996,837.0,-9.172227547514066e-09,849.5,ASK
898,1712304886.3110566,8980250.99638383,837.0,-1.0245868031135345e-07,849.5,ASK
899,1712304891.1910183,8981445.31144414,837.3,5.4772647482849113e-08,849.5,BID
900,1712304895.7110014,8981900.17364063,837.0,-2.08604978448494e-08,849.5,ASK
901,1712304900.160881,8981900.17364063,837.0,-0.0,849.5,ASK
902,1712304902.90101,8981957.58271,837.1,-2.638305302531881e-09,849.5,ASK
903,1712304909.7409034,8982017.24858112,837.3,2.7420194384763676e-09,849.5,BID
904,1712304911.1108484,8982687.37858112,837.1,-3.0796658990819746e-08,849.5,ASK
905,1712304917.1308894,8983154.58264197,837.1,-2.1470944654270853e-08,849.5,ASK
906,1712304917.1368923,8985581.44708112,837.1,-1.115295786632082e-07,849.5,ASK
907,1712304930.130832,8985581.44708112,837.1,-0.0,849.5,ASK
908,1712304931.5224438,8985814.80549449,837.1,-1.0722758055094317e-08,849.5,ASK
909,1712304931.5278602,8985878.88056709,837.1,-2.944232826021898e-09,849.5,ASK
910,1712304937.0910137,8985934.26555165,837.1,-2.544925553584541e-09,849.5,ASK
911,1712304937.0987527,8986463.04196709,837.1,-2.4297137978236445e-08,849.5,ASK
912,1712304943.151501,8986531.32695404,837.1,-3.137677289178789e-09,849.5,ASK
913,1712304943.1582355,8987164.80750201,837.1,-2.9108265480736143e-08,849.5,ASK
914,1712304943.9208262,8987224.53752231,837.1,2.744578809278717e-09,849.5,BID
915,1712304952.694936,8989520.00190336,837.0,-1.0547598788831896e-07,849.5,ASK
916,1712304960.190711,8989520.00190336,837.0,-0.0,849.5,ASK
917,1712304963.8636506,8989533.14250782,837.1,6.037158843571182e-10,849.5,BID
918,1712304973.1108022,8989545.08851188,837.1,5.488326224929146e-10,849.5,BID
919,1712304974.5108263,8989584.06646502,837.1,1.7907554803913107e-09,849.5,BID
920,1712304974.5808322,8994671.04336402,837.3,2.3370985459037613e-07,849.5,BID
921,1712304974.5856776,8994681.77981402,837.2,4.93262347770475e-10,849.5,BID
922,1712304974.720991,8995474.08242252,837.3,3.6400583509697615e-08,849.5,BID
923,1712304974.7292442,9004403.65862647,837.3,4.102495445948479e-07,849.5,BID
924,1712304975.629105,9004403.65862664,837.1,7.7873335660301e-18,849.5,BID
925,1712304975.6335862,9005598.25903264,837.1,5.4883262244584827e-08,849.5,BID
926,1712304975.9514928,9005902.41570312,837.6,1.3973802641867656e-08,849.5,BID
927,1712304975.9575846,9006130.53320598,837.5,1.0480351981464924e-08,849.5,BID
928,1712304975.9633389,9013108.53320598,837.8,3.205887106843891e-07,849.5,BID
929,1712304975.9683733,9015497.16332661,837.7,1.0974030534171545e-07,849.5,BID
930,1712304975.971794,9020373.85867971,838.0,2.240489360348101e-07,849.5,BID
931,1712304975.9754317,9020544.94680685,837.4,7.860263985841967e-09,849.5,BID
932,1712304975.9788766,9021264.975608,837.7,3.308012396338544e-08,849.5,BID
933,1712304975.9823372,9021291.86466446,837.9,1.23535797387973e-09,849.5,BID
934,1712304975.9858215,9021424.83221827,838.0,6.108898916476498e-09,849.5,BID
1134,1712304975.9858215,9021424.83221827,838.0,6.1088989164764985e-09,849.5,BID
935,1712304976.0108333,9022121.11271022,838.0,-3.1989060646165035e-08,849.5,ASK
936,1712304976.556981,9022898.11271022,838.0,-3.5697539151873075e-08,849.5,ASK
937,1712304976.5707383,9029464.60748132,838.0,-3.016830169650789e-07,849.5,ASK
938,1712304978.7207575,9029703.2709658,838.0,1.0964863682568254e-08,849.5,BID
939,1712304979.3696508,9030241.60741022,838.0,2.47326722028179e-08,849.5,BID
940,1712304979.4834569,9030419.26141926,838.0,-8.161918845828188e-09,849.5,ASK
941,1712304980.084338,9030595.59751926,837.0,-8.101370442218554e-09,849.5,ASK
942,1712304981.9117258,9031311.6734233,837.9,3.289851688567424e-08,849.5,BID
943,1712304982.0309322,9036755.16711644,837.0,-2.5008922681323616e-07,849.5,ASK
1144,1712304982.090883,9037205.16711644,837.0,-2.067425047405776e-08,849.5,ASK
944,1712304982.090883,9037205.16711644,837.0,-2.0674250474057762e-08,849.5,ASK
945,1712304983.4738634,9037321.76501451,837.0,-5.356831443206808e-09,849.5,ASK
946,1712304990.183814,9037321.76501451,837.0,-0.0,849.5,ASK
947,1712305011.1916788,9038516.08001451,837.3,-5.47694053374842e-08,849.5,ASK
948,1712305013.0719752,9038516.08007482,837.3,-2.7657485682270445e-15,849.5,ASK
949,1712305013.0756228,9039949.42933423,837.2,-6.573114009189058e-08,849.5,ASK
950,1712305013.0807312,9040254.33502212,837.1,-1.3982494743605329e-08,849.5,ASK
951,1712305020.1406832,9040254.33502212,837.1,-0.0,849.5,ASK
952,1712305021.4053802,9041144.02974039,837.1,-4.079540558232755e-08,849.5,ASK
953,1712305021.670864,9041336.16467372,837.0,-8.81001355946029e-09,849.5,ASK
954,1712305021.756761,9041561.67013388,837.1,1.034016109047259e-08,849.5,BID
955,1712305029.1807551,9043362.91013388,837.0,-8.25927307897665e-08,849.5,ASK
956,1712305035.0807483,9043413.9512036,837.6,2.340399575070628e-09,849.5,BID
957,1712305048.710719,9043449.76782251,837.6,-1.642308833602309e-09,849.5,ASK
958,1712305050.13057,9043449.76782251,837.6,-0.0,849.5,ASK
959,1712305050.5005991,9053592.73832251,837.6,-4.650312562058974e-07,849.5,ASK
960,1712305054.3207254,9053592.73836207,837.6,-1.813765648723943e-15,849.5,ASK
961,1712305073.250952,9055467.59401403,837.6,8.59577062790035e-08,849.5,BID
962,1712305075.228438,9055520.11474833,837.6,-2.407951699038737e-09,849.5,ASK
963,1712305075.6750476,9055646.46782114,837.6,-5.792990147597423e-09,849.5,ASK
964,1712305080.216022,9055646.46782114,837.6,-0.0,849.5,ASK
965,1712305083.3948774,9055980.51295614,837.6,-1.5308011040418305e-08,849.5,ASK
966,1712305096.2771287,9057174.40025317,837.6,5.47112890115604e-08,849.5,BID
967,1712305110.1920695,9057174.40025317,837.6,0.0,849.5,BID
968,1712305114.6805558,9057293.78898287,837.6,5.470808048205093e-09,849.5,BID
969,1712305125.2941046,9062388.77092398,837.6,2.3346984492364906e-07,849.5,BID
970,1712305125.30164,9064991.16219203,837.6,1.1925064559699898e-07,849.5,BID
971,1712305127.2907145,9068295.98280267,837.6,1.514384082976178e-07,849.5,BID
972,1712305127.298003,9069426.96217885,837.6,5.182542011348351e-08,849.5,BID
973,1712305127.45062,9069556.96217885,837.6,-5.957053467684105e-09,849.5,ASK
974,1712305128.0705807,9069900.49567885,837.6,-1.574190328795794e-08,849.5,ASK
975,1712305133.4745748,9070030.49567885,837.6,-5.957053467684105e-09,849.5,ASK
976,1712305136.47062,9072502.17567885,837.6,-1.1326099934618213e-07,849.5,ASK
977,1712305139.400527,9072742.87021082,837.6,-1.1029463048722734e-08,849.5,ASK
978,1712305140.1524577,9072742.87021082,837.6,-0.0,849.5,ASK
979,1712305141.320711,9072754.17080082,837.6,-5.1752320912798e-10,849.5,ASK
980,1712305142.0706434,9073331.37070082,837.6,-2.6433517593118703e-08,849.5,ASK
981,1712305143.6108556,9075331.37070082,837.6,-9.159224592085013e-08,849.5,ASK
982,1712305145.5205176,9075715.2589808,837.6,-1.7580594873032382e-08,849.5,ASK
983,1712305149.2236965,9076374.0789808,837.6,-3.0171401728800884e-08,849.5,ASK
984,1712305149.3005905,9076709.64585147,837.6,-1.5367661670683434e-08,849.5,ASK
985,1712305150.7210624,9077720.45575147,837.6,-4.629117446996131e-08,849.5,ASK
986,1712305152.2306027,9083468.17575147,837.6,-2.63223291862125e-07,849.5,ASK
987,1712305152.410699,9086703.39529047,837.6,-1.481605118120009e-07,849.5,ASK
988,1712305152.4391017,9086715.33416344,837.6,-5.467540945723548e-10,849.5,ASK
989,1712305152.442858,9087719.80026076,837.6,-4.600065290242205e-08,849.5,ASK
990,1712305160.5206397,9094093.98026076,837.0,-2.919127310518685e-07,849.5,ASK
991,1712305160.5279458,9094103.98026076,837.1,-4.5796122960425047e-10,849.5,ASK
992,1712305162.2245483,9094288.63580739,837.0,-8.456508118782887e-09,849.5,ASK
993,1712305170.131672,9094288.63580739,837.0,-0.0,849.5,ASK
994,1712305173.0906446,9094507.83470739,837.1,-1.0030171946813954e-08,849.5,ASK
995,1712305187.8206146,9097243.12551292,837.1,-1.2516229371526294e-07,849.5,ASK
996,1712305187.8286457,9097986.7005971,837.1,-3.402474168278316e-08,849.5,ASK
997,1712305200.2449715,9097986.7005971,837.1,-0.0,849.5,ASK
998,1712305202.2804513,9098006.86738945,837.7,9.245375883451512e-10,849.5,BID
999,1712305202.285307,9104828.10850922,837.8,3.1271675261870186e-07,849.5,BID
1000,1712305202.3804698,9117669.86092669,837.8,-5.887244041681969e-07,849.5,ASK
1201,1712305206.09066,9117799.94962669,837.1,-5.963858351018052e-09,849.5,ASK
1202,1712305207.0707824,9117814.58669927,837.1,-6.71030055186744e-10,849.5,ASK
1203,1712305230.1322622,9117814.58669927,837.1,-0.0,849.5,ASK
1204,1712305230.7128766,9118159.58669927,837.1,-1.580433502996899e-08,849.5,ASK
1205,1712305231.610462,9118219.53873763,837.1,-2.7463828985014427e-09,849.5,ASK
1206,1712305247.2519643,9118390.57690366,837.1,-7.835201387941341e-09,849.5,ASK
1207,1712305247.2540734,9119241.76475495,837.1,-3.899263181221832e-08,849.5,ASK
1208,1712305247.255921,9153942.37260383,837.0,-1.589623281702272e-06,849.5,ASK
1209,1712305247.25711,9154061.83264444,837.1,-5.472424650720647e-09,849.5,ASK
1210,1712305254.7320335,9155255.29248444,837.8,5.467199755411032e-08,849.5,BID
1211,1712305254.7358797,9156100.91024174,837.1,-3.87374676627793e-08,849.5,ASK
1212,1712305254.784675,9156100.91024182,837.8,3.669067603353285e-18,849.5,BID
1213,1712305254.7886636,9156141.24382652,837.9,1.8476680740723195e-09,849.5,BID
1214,1712305254.7926078,9157294.37008182,838.0,5.2824329480038e-08,849.5,BID
1215,1712305254.839563,9159231.47495116,838.0,8.873812853109443e-08,849.5,BID
1216,1712305254.845309,9161549.14829464,838.0,1.0617184350843464e-07,849.5,BID
1217,1712305254.8511815,9162957.03395396,838.0,6.44947728804552e-08,849.5,BID
1218,1712305255.0115511,9163500.89155396,838.0,-2.4913935417450543e-08,849.5,ASK
1219,1712305255.1040435,9163877.10145679,838.3,1.7234050277955443e-08,849.5,BID
1220,1712305255.108132,9164400.87389768,838.3,2.3993840971848773e-08,849.5,BID
1221,1712305255.1657152,9164772.52098806,838.6,1.70250293602744e-08,849.5,BID
1222,1712305255.197749,9164883.06130464,838.6,5.063815065353615e-09,849.5,BID
1223,1712305255.263525,9166015.68360391,837.1,-5.188505008721162e-08,849.5,ASK
1224,1712305255.3316135,9166610.65463209,838.7,2.7255424528883866e-08,849.5,BID
1225,1712305255.338124,9169244.85723391,838.7,1.2067194335067512e-07,849.5,BID
1226,1712305255.470507,9169554.65463209,838.7,1.4191715571726905e-08,849.5,BID
1227,1712305255.471841,9169582.41852791,838.8,1.2718548153318683e-09,849.5,BID
1228,1712305255.4731314,9170030.89589236,838.8,2.0544598611903825e-08,849.5,BID
1229,1712305255.4921565,9170807.89589236,838.8,-3.559411106749537e-08,849.5,ASK
1230,1712305255.5823884,9171400.04579236,837.2,-2.7126189587162923e-08,849.5,ASK
1231,1712305255.72724,9173592.75579236,838.8,-1.0044731438718097e-07,849.5,ASK
1232,1712305255.7520616,9173819.24285876,838.9,1.0375297035737581e-08,849.5,BID
1233,1712305256.174652,9173950.78985352,839.0,6.026123992413366e-09,849.5,BID
1234,1712305256.5304446,9174702.07985352,838.8,-3.4416344535221073e-08,849.5,ASK
1235,1712305256.612176,9175605.08658045,838.8,-4.136643723685838e-08,849.5,ASK
1236,1712305256.8303387,9175611.26294431,839.2,2.829371702296019e-10,849.5,BID
1237,1712305257.0641508,9175955.30274431,839.0,-1.576034858792685e-08,849.5,ASK
1238,1712305257.1955943,9177073.31544431,839.0,-5.1215789213168304e-08,849.5,ASK
1239,1712305257.244141,9177273.31544431,839.0,-9.161933350706661e-09,849.5,ASK
1240,1712305257.339095,9177604.86135062,839.8,1.5188007481600553e-08,849.5,BID
1241,1712305257.7916255,9177975.93320441,839.9,1.6998677963755532e-08,849.5,BID
1242,1712305257.8673236,9178975.93320441,839.9,4.58096667535333e-08,849.5,BID
1243,1712305257.8687022,9184336.4695086,839.9,2.4556438171511015e-07,849.5,BID
1244,1712305257.9813216,9185947.8695086,839.2,-7.381769700666062e-08,849.5,ASK
1245,1712305258.2330596,9186318.94136239,839.9,1.6998677963755532e-08,849.5,BID
1246,1712305258.5928507,9186739.39333285,839.9,1.926076465263414e-08,849.5,BID
1247,1712305258.5942798,9187151.13210633,839.9,1.886161600262997e-08,849.5,BID
1248,1712305258.8411202,9187175.13882821,840.0,1.0997399291807e-09,849.5,BID
1249,1712305258.8456578,9187802.60682612,840.0,2.8744099882699345e-08,849.5,BID
1250,1712305258.8490424,9188346.12838528,840.0,2.489854149848972e-08,849.5,BID
1251,1712305259.4766605,9189763.08518528,839.4,-6.491031881218693e-08,849.5,ASK
1252,1712305260.215407,9189763.08518528,839.4,-0.0,849.5,ASK
1253,1712305260.4831748,9189855.37985456,840.2,4.2163439681100714e-09,849.5,BID
1254,1712305260.791276,9189890.37985456,839.7,-1.5989226683984102e-09,849.5,ASK
1255,1712305264.48058,9190090.37985456,839.7,-9.136700962276632e-09,849.5,ASK
1256,1712305268.300674,9190179.16119399,840.2,4.055842746980331e-09,849.5,BID
1257,1712305268.3030975,9190927.17829166,840.7,3.417204268043103e-08,849.5,BID
1258,1712305268.3054123,9190940.26885456,840.3,5.98022793249999e-10,849.5,BID
1259,1712305268.324917,9191642.12891789,839.6,-3.2063427580023546e-08,849.5,ASK
1260,1712305268.3272882,9191880.33758868,839.6,-1.0882206958204732e-08,849.5,ASK
1261,1712305268.4204774,9192995.45222655,840.8,5.094234492430844e-08,849.5,BID
1262,1712305268.422825,9192995.4522285,840.7,8.909149009272112e-17,849.5,BID
1263,1712305268.5859444,9193223.7845255,840.1,1.0431019588640905e-08,849.5,BID
1264,1712305268.5889118,9193223.78452595,840.1,2.0507210231466855e-17,849.5,BID
1265,1712305268.8079915,9193863.52958795,840.9,2.9225796617983573e-08,849.5,BID
1266,1712305268.9008396,9193863.52958878,840.9,3.786601059337241e-17,849.5,BID
1267,1712305268.9032652,9195293.52677803,841.0,6.532728347535961e-08,849.5,BID
1268,1712305268.905666,9195449.59027895,841.0,7.129527695174309e-09,849.5,BID
1269,1712305269.950671,9195449.59028017,841.0,5.573536390709871e-17,849.5,BID
1270,1712305269.953167,9196898.34213295,841.5,6.618406223700194e-08,849.5,BID
1271,1712305270.4774091,9197260.83609095,840.0,1.6559994474394605e-08,849.5,BID
1272,1712305270.510668,9197260.83609138,840.0,1.9656288645098933e-17,849.5,BID
1273,1712305271.3266113,9198152.45139538,841.5,4.073211203013264e-08,849.5,BID
1274,1712305271.4042034,9198171.13599538,842.0,8.53578014053637e-10,849.5,BID
1275,1712305271.4056349,9198171.13599625,841.5,3.973803808338183e-17,849.5,BID
1276,1712305271.4096289,9200286.85581059,842.0,9.66534963179242e-08,849.5,BID
1277,1712305271.4110668,9200293.03763838,841.6,2.824075595498054e-10,849.5,BID
1278,1712305271.41246,9200353.03763838,842.0,2.741010288682989e-09,849.5,BID
1279,1712305272.4406674,9201302.68134384,842.0,4.3383052787535284e-08,849.5,BID
1280,1712305272.520398,9201672.82772151,842.0,1.6909583825187382e-08,849.5,BID
1281,1712305273.322091,9201689.65171957,840.6,-7.68579196324248e-10,849.5,ASK
1282,1712305273.8108077,9201927.06264593,842.0,1.0845763196671092e-08,849.5,BID
1283,1712305274.470765,9202045.76810911,842.0,5.422881598250453e-09,849.5,BID
1284,1712305274.6504772,9202738.00382199,841.9,3.1623753519977006e-08,849.5,BID
1285,1712305274.6520092,9203068.34293634,842.0,1.5091048519851008e-08,849.5,BID
1286,1712305274.794431,9204991.36194614,842.0,-8.785024818652316e-08,849.5,ASK
1287,1712305274.7962458,9205641.51533166,842.0,-2.9701285315539123e-08,849.5,ASK
1288,1712305274.7983496,9206163.01002186,840.7,-2.382370518887681e-08,849.5,ASK
1289,1712305275.4906204,9206940.01002186,840.7,-3.549608323844471e-08,849.5,ASK
1290,1712305276.2506464,9207140.01002186,840.3,-9.136700962276632e-09,849.5,ASK
1291,1712305278.900741,9207169.63652186,839.8,-1.3534423552631291e-09,849.5,ASK
1292,1712305278.912517,9207199.26302186,839.8,-1.353442355348221e-09,849.5,ASK
1293,1712305280.4505827,9207842.88530084,841.1,2.9402921478452738e-08,849.5,BID
1294,1712305280.4531577,9208490.95122686,841.1,2.960592284947224e-08,849.5,BID
1295,1712305280.511837,9208490.95122761,841.1,3.4292139930627136e-17,849.5,BID
1296,1712305280.5132964,9209125.71791574,841.2,2.899836705124388e-08,849.5,BID
1297,1712305280.5739737,9209529.59692652,839.9,-1.845060873217489e-08,849.5,ASK
1298,1712305280.712706,9209923.77554852,841.3,1.80074609746777e-08,849.5,BID
1299,1712305282.760714,9209923.77554884,841.3,1.463585128552821e-17,849.5,BID
1300,1712305283.8907268,9210042.57554884,841.3,-5.4272003716263564e-09,849.5,ASK
1301,1712305284.490769,9210042.63921189,841.3,-2.9083511902093704e-12,849.5,ASK
1302,1712305284.4934,9210161.50287526,841.3,-5.4301087374524175e-09,849.5,ASK
1303,1712305284.4963813,9210242.57554884,840.3,-3.7036838736340045e-09,849.5,ASK
1304,1712305287.1823823,9210533.67350483,840.3,-1.3298374872994497e-08,849.5,ASK
1305,1712305290.1931622,9210533.67350483,840.3,-0.0,849.5,ASK
1306,1712305293.7107055,9211297.92779533,840.5,-3.4885967742186526e-08,849.5,ASK
1307,1712305295.410582,9211303.87097849,841.3,2.712888871724277e-10,849.5,BID
1308,1712305320.1449614,9211303.87097849,841.3,0.0,849.5,BID
1309,1712305323.830925,9211309.8666683,841.3,2.736775747437868e-10,849.5,BID
1310,1712305323.8408947,9211428.6666683,841.3,5.422711464926516e-09,849.5,BID
1311,1712305323.8435216,9211440.65416085,841.6,5.471777212803833e-10,849.5,BID
1312,1712305328.6600037,9211810.80053852,842.0,1.6895597692837536e-08,849.5,BID
1313,1712305329.729396,9212635.46260352,842.0,3.7642293220657216e-08,849.5,BID
1314,1712305329.9666698,9212635.46260418,842.0,3.0097709350972225e-17,849.5,BID
1315,1712305329.9682531,9212649.86260417,842.2,6.572983588980894e-10,849.5,BID
1316,1712305329.9697652,9212664.26260416,842.2,6.57298358983111e-10,849.5,BID
1317,1712305333.4308746,9212864.26260416,841.0,-9.129143880433552e-09,849.5,ASK
1318,1712305333.9309278,9213087.30769499,842.3,1.018105363005508e-08,849.5,BID
1319,1712305333.9409597,9213101.70769498,842.3,6.572983588980894e-10,849.5,BID
1320,1712305336.26339,9213339.1527858,842.3,1.0838351989038191e-08,849.5,BID
1321,1712305338.5713067,9213695.26939685,842.3,1.6255198902459384e-08,849.5,BID
1322,1712305338.71466,9213802.46260415,842.3,4.8929110622039284e-09,849.5,BID
1323,1712305338.7173817,9213932.71448767,842.3,5.945440926749242e-09,849.5,BID
1324,1712305344.920977,9214170.15957849,842.3,1.083835198895317e-08,849.5,BID
1325,1712305347.1509783,9216544.61048671,842.2,1.0838351989089205e-07,849.5,BID
1326,1712305350.1408913,9216544.61048671,842.2,0.0,849.5,BID
1327,1712305351.951203,9216782.08377096,842.2,-1.0837455720308536e-08,849.5,ASK
1328,1712305351.9535823,9217321.61048671,842.2,-2.4622125012193546e-08,849.5,ASK
1329,1712305352.3311596,9217446.62655111,842.4,5.705298878309239e-09,849.5,BID
1330,1712305352.3346505,9284482.38990409,842.6,3.0592793598196423e-06,849.5,BID
1331,1712305352.338104,9290066.68703459,842.3,2.54847921407048e-07,849.5,BID
1332,1712305352.8311484,9290190.02025961,842.2,-5.628499935097642e-09,849.5,ASK
1333,1712305353.012302,9291356.4202596,842.2,-5.3230443971780426e-08,849.5,ASK
1334,1712305354.4210863,9291400.77856425,842.2,-2.02435892519834e-09,849.5,ASK
1335,1712305354.4246497,9291556.4202596,842.3,-7.102946282652903e-09,849.5,ASK
1336,1712305355.641073,9293413.93052258,842.3,8.477031548463567e-08,849.5,BID
1337,1712305358.351081,9293563.89655004,842.2,-6.843928517227389e-09,849.5,ASK
1338,1712305367.7737532,9294340.89655004,842.2,-3.5459580732502075e-08,849.5,ASK
1339,1712305372.5013971,9294563.0495548,842.3,-1.0138291386425218e-08,849.5,ASK
1340,1712305372.5310426,9294775.86380629,842.3,-9.712103129645343e-09,849.5,ASK
1341,1712305372.631362,9294987.74371376,842.3,-9.669462914458818e-09,849.5,ASK
1342,1712305380.174664,9294987.74371376,842.3,-0.0,849.5,ASK
1343,1712305382.8117816,9295192.9894827,842.3,-9.338536697108156e-09,849.5,ASK
1344,1712305384.261858,9295528.12200415,842.3,-1.5248291675412825e-08,849.5,ASK
1345,1712305384.2640011,9295915.54189845,842.3,-1.7627329999530253e-08,849.5,ASK
1346,1712305384.2812114,9296692.54189845,842.3,-3.5352948083287984e-08,849.5,ASK
1347,1712305394.5412502,9296698.47921294,842.3,-2.7014359190996844e-10,849.5,ASK
1348,1712305394.5449426,9297464.18753118,842.3,-3.483918458393015e-08,849.5,ASK
1349,1712305394.6811254,9298186.87284209,842.3,-3.2881668310346535e-08,849.5,ASK
1350,1712305394.9012184,9298259.48349909,842.3,-3.303733316835137e-09,849.5,ASK
1351,1712305395.0040052,9298664.42769423,842.3,-1.8424673239921093e-08,849.5,ASK
1352,1712305397.4311476,9300057.56039146,842.3,-6.338654815741363e-08,849.5,ASK
1353,1712305399.2813685,9301298.13782243,842.3,-5.6445391905296495e-08,849.5,ASK
1354,1712305400.3012478,9348787.15598697,842.3,-2.1607165942050097e-06,849.5,ASK
1355,1712305401.6312983,9349564.15598697,842.3,-3.5352948083287984e-08,849.5,ASK
1356,1712305402.9715457,9351653.85503283,842.3,-9.507982223675609e-08,849.5,ASK
1357,1712305406.0716765,9352518.75042603,842.3,-3.9352126040260344e-08,849.5,ASK
1358,1712305406.1211832,9353379.84856487,842.3,-3.917935366416622e-08,849.5,ASK
1359,1712305406.2312355,9363379.41455387,842.3,-4.5497314963254694e-07,849.5,ASK
1360,1712305406.7511044,9366012.21755387,842.4,-1.1979066637396213e-07,849.5,ASK
1361,1712305407.2912846,9367883.35414787,842.5,8.513538592586746e-08,849.5,BID
1362,1712305407.9978683,9368271.89772265,842.5,1.7678456663192335e-08,849.5,BID
1363,1712305408.012537,9369247.06004787,842.5,4.4369193122635154e-08,849.5,BID
1364,1712305408.5119438,9369519.80124787,842.5,1.2409530867149744e-08,849.5,BID
1365,1712305408.7619789,9369889.68405109,842.6,1.6829404812288752e-08,849.5,BID
1366,1712305408.7637925,9369957.86938599,842.6,3.102384304645285e-09,849.5,BID
1367,1712305409.081268,9371078.57495878,842.6,5.099130750520696e-08,849.5,BID
1368,1712305409.1612363,9371587.98658277,842.6,2.3177867047466937e-08,849.5,BID
1369,1712305409.164727,9372708.69215556,842.7,5.099130750520696e-08,849.5,BID
1370,1712305409.6613877,9375083.14306378,842.4,-1.0803582970990725e-07,849.5,ASK
1371,1712305409.664893,9375341.60015556,842.4,-1.1759614089407143e-08,849.5,ASK
1372,1712305410.123709,9375341.60015556,842.4,-0.0,849.5,ASK
1373,1712305410.7054205,9376439.00802591,842.7,4.9777982837528144e-08,849.5,BID
1374,1712305410.9412394,9376558.00802591,842.7,5.397792486921415e-09,849.5,BID
1375,1712305411.3566098,9378855.93685748,842.4,-1.042331343069567e-07,849.5,ASK
1376,1712305411.358383,9379191.02202591,842.4,-1.5199329450616272e-08,849.5,ASK
1377,1712305411.471301,9382772.68202591,842.7,1.6246266755216606e-07,849.5,BID
1378,1712305413.0860171,9385422.02002591,842.5,-1.201729138800243e-07,849.5,ASK
1379,1712305413.6555934,9389003.68002591,842.7,1.6246266755208154e-07,849.5,BID
1380,1712305418.251376,9389774.74412087,842.5,-3.4975159484988826e-08,849.5,ASK
1381,1712305418.2553432,9389780.68002591,842.5,-2.6925028255688184e-10,849.5,ASK
1382,1712305419.5411787,9391559.50472591,842.7,8.06867781615044e-08,849.5,BID
1383,1712305422.9714208,9393480.52128374,842.4,-8.7136544059693e-08,849.5,ASK
1384,1712305422.9752614,9393836.64663986,842.4,-1.615370396354649e-08,849.5,ASK
1385,1712305422.9789736,9394192.72972591,842.5,-1.6151786610135566e-08,849.5,ASK
1386,1712305424.6016717,9396161.72972591,842.4,-8.931305383822074e-08,849.5,ASK
1387,1712305427.1316426,9397206.57924884,842.6,4.739395718347082e-08,849.5,BID
1388,1712305427.1357484,9397363.65552403,843.0,7.1249171268572245e-09,849.5,BID
1389,1712305427.1396809,9397369.80140752,843.3,2.787748212149453e-10,849.5,BID
1390,1712305427.1435907,9398557.02686164,843.3,5.3852072575887524e-08,849.5,BID
1391,1712305427.1457229,9398676.98850154,843.0,5.4414120888210035e-09,849.5,BID
1392,1712305427.147479,9399323.6826546,842.7,2.9333788577558072e-08,849.5,BID
1393,1712305427.1492488,9399720.51444804,843.5,1.8000131707518145e-08,849.5,BID
1394,1712305434.3103154,9406579.33762039,842.4,-3.111134805784925e-07,849.5,ASK
1395,1712305434.3121686,9406585.27423007,842.4,-2.6928224476964545e-10,849.5,ASK
1396,1712305434.5413854,9406714.0063032,842.4,5.839235438381485e-09,849.5,BID
1397,1712305437.811221,9406949.4063032,842.2,-1.0677650011960604e-08,849.5,ASK
1398,1712305440.2166345,9406949.4063032,842.2,-0.0,849.5,ASK
1399,1712305442.732077,9408804.9366612,842.7,8.406456524669468e-08,849.5,BID
1400,1712305442.7358863,9416811.44480604,842.4,3.627338261743961e-07,849.5,BID
1401,1712305442.7376738,9419899.84321565,842.7,1.3991949444167362e-07,849.5,BID
1402,1712305453.311424,9420058.50857636,842.3,-7.188313847985488e-09,849.5,ASK
1403,1712305453.6315138,9420835.50857636,842.3,-3.5201885496012653e-08,849.5,ASK
1404,1712305470.1879756,9420835.50857636,842.3,-0.0,849.5,ASK
1405,1712305476.0617318,9422009.70332259,842.3,-5.3168562015467646e-08,849.5,ASK
1406,1712305476.0653946,9422021.77824429,842.4,-5.46762984043696e-10,849.5,ASK
1407,1712305476.823536,9422988.96888329,842.4,4.3795235531063904e-08,849.5,BID
1408,1712305490.43778,9422998.96888329,842.4,4.528087200712289e-10,849.5,BID
1409,1712305493.4819696,9424449.51877635,842.3,-6.5682164047543e-08,849.5,ASK
1410,1712305493.500038,9424993.22826227,842.3,-2.4619639641008732e-08,849.5,ASK
1411,1712305494.0315287,9425003.22826227,842.3,4.528087200712289e-10,849.5,BID
1412,1712305500.130154,9425003.22826227,842.3,0.0,849.5,BID
1413,1712305500.707716,9425270.03814364,842.3,1.2106342161518394e-08,849.5,BID
1414,1712305500.72989,9425363.00019207,842.3,4.2180985222444055e-09,849.5,BID
1415,1712305501.2416513,9425383.021251,842.2,-9.084438274867712e-10,849.5,ASK
1416,1712305501.2615626,9425638.63613109,842.3,1.1598375532546834e-08,849.5,BID
1417,1712305508.0217102,9425922.0663533,842.4,1.2860480396681676e-08,849.5,BID
1418,1712305508.0415835,9426444.49111477,842.3,-2.370471769448781e-08,849.5,ASK
1419,1712305523.6617343,9426563.21366018,842.3,-5.3869659911183025e-09,849.5,ASK
1420,1712305523.665034,9426785.17401862,842.3,-1.0071321315961272e-08,849.5,ASK
1421,1712305523.6682358,9427260.06419977,842.3,-2.154786394199184e-08,849.5,ASK
1422,1712305523.7485912,9427260.06420026,842.3,-2.2227821917929466e-17,849.5,ASK
1423,1712305523.7542937,9428075.63728526,842.2,-3.700615124907141e-08,849.5,ASK
1424,1712305523.8080945,9428839.89157576,842.2,-3.4677590993484656e-08,849.5,ASK
1425,1712305523.9817083,9430158.52481513,842.2,-5.983221123356355e-08,849.5,ASK
1426,1712305524.0017557,9431450.0587617,842.2,-5.8602596688237446e-08,849.5,ASK
1427,1712305524.0058737,9435024.69754497,842.2,-1.6219714199419017e-07,849.5,ASK
1428,1712305524.0120652,9435386.84549082,842.2,-1.6432251021002902e-08,849.5,ASK
1429,1712305530.124956,9435386.84549082,842.2,-0.0,849.5,ASK
1430,1712305531.0718548,9435505.25421994,842.0,-5.370595630736554e-09,849.5,ASK
1431,1712305531.0760896,9435739.9103957,842.0,-1.0643163233312178e-08,849.5,ASK
1432,1712305545.8919358,9435917.96863498,842.0,-8.076083655346477e-09,849.5,ASK
1433,1712305560.200385,9435917.96863498,842.0,-0.0,849.5,ASK
1434,1712305563.7618124,9436917.96863498,842.0,4.535549648768239e-08,849.5,BID
1435,1712305564.541725,9437917.96863498,842.0,4.535549648768239e-08,849.5,BID
1436,1712305577.7319474,9437977.29170503,842.0,2.690627295258922e-09,849.5,BID
1437,1712305584.7835991,9438277.25514305,841.6,1.3604990659595463e-08,849.5,BID
1438,1712305584.8818755,9438577.21858107,841.9,1.3604990659510982e-08,849.5,BID
1439,1712305590.1904483,9438577.21858107,841.9,0.0,849.5,BID
1440,1712305599.886542,9438587.21858107,841.9,4.535089118785383e-10,849.5,BID
1441,1712305599.8914611,9438595.14783124,841.9,3.5959856172479806e-10,849.5,BID
1442,1712305602.9157248,9439108.46577824,841.8,2.3279426359097083e-08,849.5,BID
1443,1712305603.018392,9439196.47074164,841.8,3.991103519221783e-09,849.5,BID
1444,1712305614.5719974,9439208.34158684,842.4,5.383534089109846e-10,849.5,BID
1445,1712305615.9419749,9439802.30689927,841.8,-2.6936856253401333e-08,849.5,ASK
1446,1712305620.1632757,9439802.30689927,841.8,-0.0,849.5,ASK
1447,1712305650.1380637,9439802.30689927,841.8,-0.0,849.5,ASK
1448,1712305659.6222005,9439861.70343052,841.8,-2.693559648311109e-09,849.5,ASK
1449,1712305671.4432366,9440061.70343052,842.3,9.069754046609393e-09,849.5,BID
1450,1712305671.4519937,9440240.26095159,842.3,8.097363996359676e-09,849.5,BID
1451,1712305677.1922665,9440461.13464579,842.3,1.0016350408803193e-08,849.5,BID
1452,1712305677.7722116,9440924.15257289,842.3,2.099729358987958e-08,849.5,BID
1453,1712305678.6520984,9441208.02411509,842.3,1.2873225342864256e-08,849.5,BID
1454,1712305680.1919918,9441208.02411509,842.3,0.0,849.5,BID
1455,1712305681.582312,9442208.02411509,842.1,4.534633544264072e-08,849.5,BID
1456,1712305694.4321218,9442570.36944844,841.9,-1.6431033032201857e-08,849.5,ASK
1457,1712305706.322166,9443227.90900286,842.1,2.98170092014883e-08,849.5,BID
1458,1712305706.422167,9443570.36944844,842.1,-1.5529326241152412e-08,849.5,ASK
1459,1712305710.193617,9443570.36944844,842.1,-0.0,849.5,ASK
1460,1712305711.0622394,9443926.70630554,841.9,-1.6157113190746426e-08,849.5,ASK
1461,1712305711.066146,9444564.36097219,841.9,-2.8912694324021883e-08,849.5,ASK
1462,1712305712.6723192,9444683.15403468,841.8,-5.386344181579361e-09,849.5,ASK
1463,1712305712.6767888,9445341.36097219,841.8,-2.9844580431192536e-08,849.5,ASK
1464,1712305712.8323338,9445484.79005259,841.8,-6.503396549386485e-09,849.5,ASK
1465,1712305712.836721,9446534.4971047,841.8,-4.759607466972211e-08,849.5,ASK
1466,1712305713.1522918,9446558.23820327,842.0,1.076474715487389e-09,849.5,BID
1467,1712305713.732252,9446795.85255517,841.7,-1.0773968235150483e-08,849.5,ASK
1468,1712305716.0622623,9451948.64216517,841.6,-2.3363905057314057e-07,849.5,ASK
1469,1712305722.74687,9451954.64264046,841.6,-2.7207502268179487e-10,849.5,ASK
1470,1712305728.1222584,9453736.11532454,841.7,8.077597147043394e-08,849.5,BID
1471,1712305730.3923624,9454092.5368524,841.7,1.6160952353190236e-08,849.5,BID
1472,1712305736.503121,9454151.94044037,841.7,2.693492058513137e-09,849.5,BID
1473,1712305738.448541,9454175.69000078,841.7,1.0768583943329571e-09,849.5,BID
1474,1712305740.143782,9454175.69000078,841.7,0.0,849.5,BID
1475,1712305744.350284,9454935.69000078,841.6,-3.4446164620561936e-08,849.5,ASK
1476,1712305744.3525045,9454951.63225278,841.6,-7.22565048476087e-10,849.5,ASK
1477,1712305746.2468264,9454951.63225363,841.6,-3.849658886406041e-17,849.5,ASK
1478,1712305746.2490916,9456733.27262773,841.5,-8.075089160642431e-08,849.5,ASK
1479,1712305746.2512424,9456753.27262773,841.5,-9.06478016330577e-10,849.5,ASK
1480,1712305746.3979113,9456788.27262773,841.1,-1.5863365285785095e-09,849.5,ASK
1481,1712305746.400164,9457145.03324073,840.9,-1.6169782638856957e-08,849.5,ASK
1482,1712305746.402306,9457225.03324073,840.9,-3.625912065322308e-09,849.5,ASK
1483,1712305746.441052,9457225.03324135,840.9,-2.811264055204412e-17,849.5,ASK
1484,1712305746.715969,9457230.98256326,840.6,-2.6964647612351125e-10,849.5,ASK
1485,1712305746.72833,9457349.70510867,840.6,-5.380968872913847e-09,849.5,ASK
1486,1712305746.8283098,9457359.70510867,840.5,-4.5323900816528844e-10,849.5,ASK
1487,1712305750.216613,9457710.37166229,840.0,-1.5893576095958163e-08,849.5,ASK
1488,1712305750.2212262,9457730.37166229,840.0,-9.06478016330577e-10,849.5,ASK
1489,1712305750.225279,9458079.388448,840.0,-1.5818802178786914e-08,849.5,ASK
