,time,acc_trade_volume,trade_price,dev,high,ask_bid
0,1712300395.4597926,954289.72999524,7058.0,0.0,7511.0,ASK
1,1712300395.5358462,954389.45394215,7064.0,5.671904922788819e-09,7511.0,BID
2,1712300395.5973556,954671.67328615,7064.0,-1.6051523592265498e-08,7511.0,ASK
3,1712300395.6352525,954768.37440418,7064.0,-5.499978334076004e-09,7511.0,ASK
4,1712300395.6368532,954785.57833381,7064.0,-9.784916881371002e-10,7511.0,ASK
5,1712300400.825196,954785.57833381,7064.0,-0.0,7511.0,ASK
6,1712300423.0451455,954787.02227491,7058.0,8.212745746041531e-11,7511.0,BID
7,1712300430.695783,954787.02227491,7058.0,0.0,7511.0,BID
8,1712300430.875198,954795.24545202,7058.0,4.677117624826422e-10,7511.0,BID
9,1712300441.085683,954937.02909018,7053.0,-8.064264506071858e-09,7511.0,ASK
10,1712300441.0954616,955156.84545202,7053.0,-1.2502551829288171e-08,7511.0,ASK
11,1712300441.1653392,955372.33808802,7053.0,-1.2256630161050004e-08,7511.0,ASK
12,1712300441.3154228,955425.27310002,7053.0,-3.010798311711237e-09,7511.0,ASK
13,1712300441.3169742,955438.16545239,7053.0,-7.332816463600488e-10,7511.0,ASK
14,1712300441.318516,955473.73914263,7053.0,-2.0233339423061664e-09,7511.0,ASK
15,1712300460.975417,955473.73914263,7053.0,-0.0,7511.0,ASK
16,1712300485.385666,955499.08411587,7046.0,-1.4411555578745763e-09,7511.0,ASK
17,1712300490.9557955,955499.08411587,7046.0,-0.0,7511.0,ASK
18,1712300520.6657915,955499.08411587,7046.0,-0.0,7511.0,ASK
19,1712300550.6656573,955499.08411587,7046.0,-0.0,7511.0,ASK
20,1712300569.5857973,955599.57219544,7046.0,-5.713854280667698e-09,7511.0,ASK
21,1712300569.5956905,955663.49391587,7046.0,-3.634653955669401e-09,7511.0,ASK
22,1712300569.7559278,955664.38676987,7042.0,-5.076858540440795e-11,7511.0,ASK
23,1712300569.757469,955705.48917659,7046.0,-2.337124598141954e-09,7511.0,ASK
24,1712300569.758823,955862.39366027,7041.0,-8.921748326442744e-09,7511.0,ASK
25,1712300569.7601886,955869.49391587,7042.0,-4.037277458896308e-10,7511.0,ASK
26,1712300571.4957983,956087.59195233,7041.0,-1.2401275898242918e-08,7511.0,ASK
27,1712300577.8664398,956092.6039389,7047.0,2.8498664757715343e-10,7511.0,BID
28,1712300577.8681686,956093.26008326,7050.0,3.7309034822426776e-11,7511.0,BID
29,1712300580.8958435,956093.26008326,7050.0,0.0,7511.0,BID
30,1712300581.9356987,956206.61498088,7041.0,-6.443941326225229e-09,7511.0,ASK
31,1712300584.7587738,956209.45105575,7048.0,1.6122373574086042e-10,7511.0,BID
32,1712300590.9759085,956631.99105575,7041.0,-2.4020338116401608e-08,7511.0,ASK
33,1712300593.3863623,956726.89272583,7041.0,-5.394921671629806e-09,7511.0,ASK
34,1712300596.955828,956848.49272583,7041.0,-6.912654695303685e-09,7511.0,ASK
35,1712300601.6559985,956875.28251504,7041.0,-1.522932254681308e-09,7511.0,ASK
36,1712300602.026113,957241.90731504,7041.0,-2.084169938433548e-08,7511.0,ASK
37,1712300604.8758345,957261.13068402,7041.0,-1.0928002618348015e-09,7511.0,ASK
38,1712300604.8771822,957333.56357704,7041.0,-4.117628108792114e-09,7511.0,ASK
39,1712300608.815845,957333.56357707,7041.0,-1.7074230396904637e-18,7511.0,ASK
40,1712300608.817016,957579.96357704,7040.0,-1.4007221354569838e-08,7511.0,ASK
41,1712300609.0558193,957698.19897704,7040.0,-6.7213856329054325e-09,7511.0,ASK
42,1712300610.9558835,957698.19897704,7040.0,-0.0,7511.0,ASK
43,1712300613.9958718,957812.59897704,7040.0,-6.499177841534347e-09,7511.0,ASK
44,1712300614.555909,957845.39897704,7040.0,-1.863400639876129e-09,7511.0,ASK
45,1712300620.4561152,957912.92627145,7040.0,-3.836292793080691e-09,7511.0,ASK
46,1712300620.4576988,958254.7481008,7040.0,-1.9419238278527852e-08,7511.0,ASK
47,1712300630.8160534,958268.01875025,7044.0,7.539188011214839e-10,7511.0,BID
48,1712300630.8266132,958274.09196343,7044.0,3.450252843248388e-10,7511.0,BID
49,1712300640.695995,958274.09196343,7044.0,0.0,7511.0,BID
50,1712300649.3360386,958274.09196365,7040.0,-1.249034622683896e-17,7511.0,ASK
51,1712300649.3458748,958320.20103265,7040.0,-2.6188988764646604e-09,7511.0,ASK
52,1712300650.5659475,958337.24890875,7039.0,-9.68283778719252e-10,7511.0,ASK
53,1712300651.20761,958391.40058298,7038.0,-3.0757020663252836e-09,7511.0,ASK
54,1712300651.209099,958581.65756074,7038.0,-1.0806199216367716e-08,7511.0,ASK
55,1712300651.210581,958581.65756075,7039.0,-5.686446667592114e-19,7511.0,ASK
56,1712300651.265894,959450.98977736,7038.0,-4.93762553599697e-08,7511.0,ASK
57,1712300651.326296,959540.02625912,7037.0,-5.0570863195172674e-09,7511.0,ASK
58,1712300651.328181,959554.23686022,7037.0,-8.071324809155846e-10,7511.0,ASK
59,1712300651.3300812,959999.22016477,7037.0,-2.5274122891783363e-08,7511.0,ASK
60,1712300651.426237,960053.371839,7035.0,-3.0757020663252836e-09,7511.0,ASK
61,1712300651.4281473,960057.637444,7033.0,-2.422774604676685e-10,7511.0,ASK
62,1712300651.4376717,960061.89276314,7033.0,-2.4169324509329837e-10,7511.0,ASK
63,1712300651.43951,960064.73933302,7026.0,-1.6167922758502062e-10,7511.0,ASK
64,1712300651.441016,960178.53734155,7030.0,-6.46348935570514e-09,7511.0,ASK
65,1712300651.4424975,960304.99199678,7025.0,-7.182360470251613e-09,7511.0,ASK
66,1712300651.4440124,960312.10133845,7033.0,-4.0379576763566254e-10,7511.0,ASK
67,1712300651.4454894,960326.10133845,7020.0,-7.95170778019973e-10,7511.0,ASK
68,1712300651.4473794,960335.38338426,7029.0,-5.272008277406309e-10,7511.0,ASK
69,1712300651.4488697,960346.19170573,7030.0,-6.138900994590034e-10,7511.0,ASK
70,1712300651.4503703,960346.91822821,7028.0,-4.12649603996366e-11,7511.0,ASK
71,1712300651.451908,960349.76682527,7021.0,-1.6179436718032347e-10,7511.0,ASK
72,1712300651.4532115,960350.76682527,7023.0,-5.6797912715712355e-11,7511.0,ASK
73,1712300651.4540713,960528.8407925,7020.0,-1.0114229647665857e-08,7511.0,ASK
74,1712300651.4549458,960868.22016477,7017.0,-1.9276039963709217e-08,7511.0,ASK
75,1712300667.3260937,960872.6212469,7036.0,2.499722786696604e-10,7511.0,BID
76,1712300670.6759706,960872.6212469,7036.0,0.0,7511.0,BID
77,1712300700.956249,960872.6212469,7036.0,0.0,7511.0,BID
78,1712300710.156461,960927.52796863,7017.0,-3.1197007937760314e-09,7511.0,ASK
79,1712300710.158165,960928.29581063,7018.0,-4.362739608961994e-11,7511.0,ASK
80,1712300710.1602075,961095.71452517,7016.0,-9.512429083124509e-09,7511.0,ASK
81,1712300710.161872,961150.6212469,7021.0,-3.119700793769417e-09,7511.0,ASK
82,1712300710.163556,961160.6212469,7016.0,-5.68181944847466e-10,7511.0,ASK
83,1712300711.7726076,961165.15886668,7025.0,2.5781936316074794e-10,7511.0,BID
84,1712300720.716302,961173.53679258,7020.0,4.76018623167491e-10,7511.0,BID
85,1712300722.076224,961174.3916152,7019.0,4.8569477869402886e-11,7511.0,BID
86,1712300723.906361,961184.3916152,7019.0,5.68181944847466e-10,7511.0,BID
87,1712300725.9955535,961196.10043069,7016.0,-6.65273755697519e-10,7511.0,ASK
88,1712300727.2461734,961691.94876926,7016.0,-2.8173207335807648e-08,7511.0,ASK
89,1712300730.9559257,961691.94876926,7016.0,-0.0,7511.0,ASK
90,1712300746.9063764,961701.22550506,7016.0,-5.26915267956259e-10,7511.0,ASK
91,1712300746.9081888,961833.30055578,7016.0,-7.501815535133505e-09,7511.0,ASK
92,1712300755.316305,961915.31405578,7016.0,-4.6583374001157245e-09,7511.0,ASK
93,1712300758.6165383,961935.81743457,7016.0,-1.1645845653055095e-09,7511.0,ASK
94,1712300758.6184878,962260.9360896,7016.0,-1.8466623058413164e-08,7511.0,ASK
95,1712300758.6204371,962261.31405578,7015.0,-2.1468343530892425e-11,7511.0,ASK
96,1712300758.8363633,962270.9360896,7015.0,-5.46528071707534e-10,7511.0,ASK
97,1712300758.916474,962271.83136335,7013.0,-5.085122806944522e-11,7511.0,ASK
98,1712300758.9183075,962282.26461068,7013.0,-5.926047082745235e-10,7511.0,ASK
99,1712300760.6362047,962282.26461068,7013.0,-0.0,7511.0,ASK
100,1712300762.746342,962327.94134663,7013.0,-2.5938120542069595e-09,7511.0,ASK
101,1712300768.416518,962345.05486631,7012.0,-9.71813171687964e-10,7511.0,ASK
102,1712300768.4185064,962397.81728429,7012.0,-2.996181599220297e-09,7511.0,ASK
103,1712300768.4761984,962397.8172843,7012.0,-5.685282333370875e-19,7511.0,ASK
104,1712300768.539361,962873.99298698,7011.0,-2.7040248210503945e-08,7511.0,ASK
105,1712300776.8498063,962880.61658698,7011.0,-3.7612962408048407e-10,7511.0,ASK
106,1712300778.8377934,962891.02495795,7011.0,-5.91052699482817e-10,7511.0,ASK
107,1712300778.842916,963029.94372099,7010.0,-7.888680192112928e-09,7511.0,ASK
108,1712300778.8447678,963146.84924685,7010.0,-6.638630275847708e-09,7511.0,ASK
109,1712300780.874679,963307.62663276,7010.0,9.129950136420376e-09,7511.0,BID
110,1712300790.616253,963307.62663276,7010.0,0.0,7511.0,BID
111,1712300793.1563897,963319.82626258,7008.0,-6.92488949525175e-10,7511.0,ASK
112,1712300793.1575224,963336.03209876,7008.0,-9.198936884234243e-10,7511.0,ASK
113,1712300793.5966306,963338.09473994,7008.0,-1.1708193158880288e-10,7511.0,ASK
114,1712300793.606564,964337.88399189,7007.0,-5.675114893216776e-08,7511.0,ASK
115,1712300793.609184,964340.73787316,7008.0,-1.6199518115945363e-10,7511.0,ASK
116,1712300793.6113334,964392.03209876,7007.0,-2.911619854590616e-09,7511.0,ASK
117,1712300794.3465507,964392.24284681,7007.0,-1.1962715092309023e-11,7511.0,ASK
118,1712300794.349131,964396.52488681,7006.0,-2.4306191459586813e-10,7511.0,ASK
119,1712300795.2865658,964410.79022204,7005.0,8.097448163483736e-10,7511.0,BID
120,1712300799.2265313,964488.05158279,7004.0,-4.3855952462687375e-09,7511.0,ASK
121,1712300799.2285852,964501.74462204,7004.0,-7.77259515736817e-10,7511.0,ASK
122,1712300806.1462543,964524.48326129,7004.0,-1.2907159184572694e-09,7511.0,ASK
123,1712300820.9464674,964524.48326129,7004.0,-0.0,7511.0,ASK
124,1712300826.6298163,964574.48326129,7004.0,2.8367826585413063e-09,7511.0,BID
125,1712300828.3388035,964588.76081697,7004.0,8.10046447188708e-10,7511.0,BID
126,1712300830.187018,964638.76081697,7003.0,-2.8367826585413063e-09,7511.0,ASK
127,1712300830.1891425,965709.34779212,7002.0,-6.074045131131009e-08,7511.0,ASK
128,1712300830.1907997,965710.85303369,7003.0,-8.540086365740047e-11,7511.0,ASK
129,1712300830.192419,966019.11828151,7001.0,-1.7489630184931182e-08,7511.0,ASK
130,1712300830.194023,966784.40078311,7000.0,-4.3418802588478896e-08,7511.0,ASK
131,1712300830.1956532,967084.40078311,7001.0,-1.702069595124784e-08,7511.0,ASK
132,1712300830.1972532,967095.9288762,7000.0,-6.54053891277964e-10,7511.0,ASK
133,1712300830.198855,967145.9288762,7002.0,-2.8367826585413063e-09,7511.0,ASK
134,1712300830.201574,967165.62451905,7000.0,-1.1174451617147715e-09,7511.0,ASK
135,1712300830.2025,967187.62451905,7001.0,-1.248184369758175e-09,7511.0,ASK
136,1712300830.2034476,967191.56348147,7000.0,-2.2347960571307344e-10,7511.0,ASK
137,1712300830.2043765,967192.99184884,7001.0,-8.103935570717619e-11,7511.0,ASK
138,1712300830.2053251,967195.85144277,6994.0,-1.6224092941936828e-10,7511.0,ASK
139,1712300830.206277,967197.28001419,7000.0,-8.105093261619185e-11,7511.0,ASK
140,1712300830.207239,967198.01027735,6992.0,-4.1431957366898085e-11,7511.0,ASK
141,1712300830.2081928,967200.01027735,6991.0,-1.1347130634165226e-10,7511.0,ASK
142,1712300830.209155,967250.01027735,7000.0,-2.8367826585413063e-09,7511.0,ASK
143,1712300830.2101266,967394.50240896,6990.0,-8.197855464941259e-09,7511.0,ASK
144,1712300830.2111127,967544.22542135,6998.0,-8.494632902648324e-09,7511.0,ASK
145,1712300830.212084,967872.79684991,7000.0,-1.8641714612626992e-08,7511.0,ASK
146,1712300830.2130756,968090.00822329,6990.0,-1.2323629144841938e-08,7511.0,ASK
147,1712300830.214055,968235.72250899,7000.0,-8.267195175509864e-09,7511.0,ASK
148,1712300830.2164185,977337.82181301,6988.0,-5.164135492392998e-07,7511.0,ASK
149,1712300830.2174196,977480.82090506,6998.0,-8.113146890292586e-09,7511.0,ASK
150,1712300830.218407,977487.96886789,6995.0,-4.055443399959016e-10,7511.0,ASK
151,1712300830.219414,977492.62679646,7000.0,-2.6427061984525113e-10,7511.0,ASK
152,1712300830.2204027,977495.55466011,6990.0,-1.6611425657922716e-10,7511.0,ASK
153,1712300830.2214098,977496.55466011,6997.0,-5.673565317082613e-11,7511.0,ASK
154,1712300830.2224708,977526.19758362,6995.0,-1.6818106272289951e-09,7511.0,ASK
155,1712300830.2234898,977527.19758362,6996.0,-5.673565317082613e-11,7511.0,ASK
156,1712300830.224497,977627.19758362,7000.0,-5.673565317082613e-09,7511.0,ASK
157,1712300830.2268662,977773.03687443,6994.0,-8.274287422078272e-09,7511.0,ASK
158,1712300830.2278976,977774.95032182,6998.0,-1.0856068747746227e-10,7511.0,ASK
159,1712300830.2289133,977777.81073371,6992.0,-1.6228733691490384e-10,7511.0,ASK
160,1712300830.2300117,978606.07046467,6988.0,-4.699185683110888e-08,7511.0,ASK
161,1712300830.231067,978607.07046467,7000.0,-5.673565317082613e-11,7511.0,ASK
162,1712300830.232106,978637.07046467,6995.0,-1.702069595124784e-09,7511.0,ASK
163,1712300830.2331483,978904.34052903,6990.0,-1.5163741674473138e-08,7511.0,ASK
164,1712300830.2351642,978910.0515513,6988.0,-3.2401857876319993e-10,7511.0,ASK
165,1712300830.3491435,979577.0515513,6999.0,3.784268066494104e-08,7511.0,BID
166,1712300837.336656,979577.62499279,6999.0,3.2534577494106964e-11,7511.0,BID
167,1712300837.3390589,979579.08349036,7000.0,8.274881227612811e-11,7511.0,BID
168,1712300837.9812963,979847.95349036,6988.0,-1.5254515068046363e-08,7511.0,ASK
169,1712300838.0994377,979993.01830223,6988.0,8.230346853546898e-09,7511.0,BID
170,1712300838.1202254,980899.22192223,6988.0,5.1414054286463e-08,7511.0,BID
171,1712300838.12254,982167.88578423,6988.0,7.197847286479208e-08,7511.0,BID
172,1712300838.1566358,982456.7145622,6988.0,1.638688937266217e-08,7511.0,BID
173,1712300838.1590705,982486.22081984,6988.0,1.674056799830095e-09,7511.0,BID
174,1712300838.1767354,982619.49535235,6988.0,7.561417652989519e-09,7511.0,BID
175,1712300838.178583,982799.89796044,6988.0,1.0235259803711269e-08,7511.0,BID
176,1712300838.196592,982816.83120055,6988.0,9.607184379357752e-10,7511.0,BID
177,1712300838.1989822,983259.78152248,6988.0,2.5131075836925974e-08,7511.0,BID
178,1712300839.6066494,983285.72090433,6996.0,-1.4716877721111063e-09,7511.0,ASK
179,1712300840.5535235,983286.57853726,6996.0,4.865836446009717e-11,7511.0,BID
180,1712300846.1970265,983343.83853726,6987.0,-3.2486835005620327e-09,7511.0,ASK
181,1712300846.206521,983349.56427444,6986.0,-3.248534387971834e-10,7511.0,ASK
182,1712300846.296562,983371.55233644,6986.0,1.2475070595250688e-09,7511.0,BID
183,1712300846.3166282,983371.55233701,6986.0,3.234419198445226e-17,7511.0,BID
184,1712300847.712757,983401.59410436,6987.0,1.704439293004409e-09,7511.0,BID
185,1712300847.7465544,983423.5015164,6987.0,1.2429313313745067e-09,7511.0,BID
186,1712300849.506712,983444.57704384,6987.0,1.1957338152247587e-09,7511.0,BID
187,1712300850.1196418,983547.17704384,6990.0,5.8210780153320455e-09,7511.0,BID
188,1712300850.496577,983668.6515164,6990.0,6.891933544272543e-09,7511.0,BID
189,1712300850.9564662,983668.6515164,6990.0,0.0,7511.0,BID
190,1712300860.7774842,983823.06628359,6985.0,-8.694800791365818e-09,7511.0,ASK
191,1712300864.156605,983939.52093882,6985.0,-6.557339345695679e-09,7511.0,ASK
192,1712300867.81095,984013.34446089,6985.0,-4.156861612377314e-09,7511.0,ASK
193,1712300880.6065187,984013.34446089,6985.0,-0.0,7511.0,ASK
194,1712300881.6267412,984127.34446089,6996.0,6.418252260671735e-09,7511.0,BID
195,1712300882.526637,984396.29446089,6986.0,-1.5142008293924248e-08,7511.0,ASK
196,1712300882.5947742,984677.80696029,6986.0,1.5849282769132213e-08,7511.0,BID
197,1712300884.596835,984692.71344616,6994.0,-8.392419880166163e-10,7511.0,ASK
198,1712300891.4667122,984693.35914708,6996.0,3.635325780404887e-11,7511.0,BID
199,1712300895.0366976,984714.33931308,6994.0,-1.1811929636714251e-09,7511.0,ASK
200,1712300896.3304148,984857.49298712,6993.0,-8.059617473952883e-09,7511.0,ASK
201,1712300896.3335342,984857.49298808,6994.0,-5.405278418294804e-17,7511.0,ASK
202,1712300896.426693,984857.49298951,6993.0,-8.050568062557909e-17,7511.0,ASK
203,1712300896.4282427,984911.05067108,6992.0,-3.01532202467886e-09,7511.0,ASK
204,1712300896.4967546,984911.05067195,6992.0,-4.8979805529182817e-17,7511.0,ASK
205,1712300900.7274206,985054.00489226,6990.0,-8.048388137517807e-09,7511.0,ASK
206,1712300908.95684,985204.851465,6990.0,-8.492731197395707e-09,7511.0,ASK
207,1712300910.652047,985204.851465,6990.0,-0.0,7511.0,ASK
208,1712300914.37663,985295.09716,6990.0,-5.0784929026417585e-09,7511.0,ASK
209,1712300926.596954,985451.09042923,6990.0,-8.778376748542343e-09,7511.0,ASK
210,1712300926.5996213,985451.09043,6990.0,-4.3329401438287536e-17,7511.0,ASK
211,1712300926.7167866,985836.15233,6990.0,-2.1669001787027625e-08,7511.0,ASK
212,1712300940.4083204,985950.03436998,6995.0,6.408606324951488e-09,7511.0,BID
213,1712300940.4104335,986583.15233,6995.0,3.56281268208384e-08,7511.0,BID
214,1712300940.916845,986583.15233,6995.0,0.0,7511.0,BID
215,1712300960.736878,986584.01008553,6995.0,4.824323220331565e-11,7511.0,BID
216,1712300970.9570842,986584.01008553,6995.0,0.0,7511.0,BID
217,1712300982.30995,986585.44070069,6990.0,-8.046287508607557e-11,7511.0,ASK
218,1712300982.3121438,986926.19653489,6990.0,-1.9165317751466933e-08,7511.0,ASK
219,1712300982.3142846,986940.50268653,6990.0,-8.04628753093491e-10,7511.0,ASK
220,1712300982.3868752,986940.50268691,6990.0,-2.137140216636066e-17,7511.0,ASK
221,1712300982.946991,986962.50268691,6986.0,-1.2373580969558924e-09,7511.0,ASK
222,1712300982.9498456,987164.9099309,6986.0,-1.1384101919706416e-08,7511.0,ASK
223,1712300989.7770429,987178.12085677,6986.0,-7.430293678872649e-10,7511.0,ASK
224,1712300989.7790527,987504.34253021,6986.0,-1.8347864956071538e-08,7511.0,ASK
225,1712300990.2469397,987519.77820759,6986.0,-8.68157290367377e-10,7511.0,ASK
226,1712300990.2505028,987533.61416483,6986.0,-7.781833509093191e-10,7511.0,ASK
227,1712300990.251801,987910.02931051,6985.0,-2.1170924014730605e-08,7511.0,ASK
228,1712300990.2530797,987926.19335327,6986.0,-9.09123144933078e-10,7511.0,ASK
229,1712300991.0569618,988069.35727596,6985.0,-8.052047224206716e-09,7511.0,ASK
230,1712300991.0669963,988115.24497993,6986.0,-2.580887366270131e-09,7511.0,ASK
231,1712300991.069189,988116.67559509,6985.0,-8.046287508607557e-11,7511.0,ASK
232,1712300991.0714326,988409.88389718,6985.0,-1.64910757584401e-08,7511.0,ASK
233,1712300994.783574,988415.82121541,6982.0,-3.339358539160683e-10,7511.0,ASK
234,1712300994.7852,988559.02614165,6983.0,-8.05435340941211e-09,7511.0,ASK
235,1712300999.106984,988829.38001781,6985.0,1.5205661714089857e-08,7511.0,BID
236,1712301000.746852,988829.38001781,6985.0,0.0,7511.0,BID
237,1712301001.467044,988849.38001781,6985.0,-1.1345402776933714e-09,7511.0,ASK
238,1712301005.598345,988972.57469081,6985.0,-6.988465925789337e-09,7511.0,ASK
239,1712301005.6200976,988972.57469097,6985.0,-9.073749775711286e-18,7511.0,ASK
240,1712301010.017001,988981.09684423,6992.0,4.834363063046544e-10,7511.0,BID
241,1712301011.9714055,988985.78613829,6992.0,2.6600964925055646e-10,7511.0,BID
242,1712301013.307186,989102.07114531,6982.0,-6.5965012078019205e-09,7511.0,ASK
243,1712301013.3101912,989128.98081145,6985.0,-1.526505004761142e-09,7511.0,ASK
244,1712301030.6369345,989128.98081145,6985.0,-0.0,7511.0,ASK
245,1712301037.0471115,989168.98081145,6985.0,-2.268811250364985e-09,7511.0,ASK
246,1712301037.056933,989170.68159885,6985.0,-9.646913968404739e-11,7511.0,ASK
247,1712301037.2072856,989419.5459069,6985.0,1.4115653547954497e-08,7511.0,BID
248,1712301037.3199291,989742.36598089,6985.0,1.83104453928062e-08,7511.0,BID
249,1712301052.017196,989769.91726576,6985.0,1.562716626877594e-09,7511.0,BID
250,1712301052.0204046,989885.55040242,6992.0,6.558744034228691e-09,7511.0,BID
251,1712301052.0370474,990020.60346992,6992.0,7.6602479735078e-09,7511.0,BID
252,1712301052.0400865,990025.6515875,6992.0,2.8633064896722456e-10,7511.0,BID
253,1712301052.0970404,990311.44114104,6992.0,-1.6210063857705272e-08,7511.0,ASK
254,1712301052.1170645,990325.85698088,6992.0,-8.17670490315601e-10,7511.0,ASK
255,1712301060.957122,990325.85698088,6992.0,-0.0,7511.0,ASK
256,1712301067.9672184,990325.85698089,6992.0,5.675981668705792e-19,7511.0,BID
257,1712301067.9708402,990448.07930613,6992.0,6.929197365942423e-09,7511.0,BID
258,1712301068.508321,990519.15740613,6995.0,4.029658103212491e-09,7511.0,BID
259,1712301068.5103383,990900.84754697,6995.0,2.1639306185046683e-08,7511.0,BID
260,1712301088.6471868,990901.70481229,6999.0,4.8601273014297265e-11,7511.0,BID
261,1712301090.9719868,990901.70481229,6999.0,0.0,7511.0,BID
262,1712301116.789075,990907.7998973,6998.0,3.4547211603173913e-10,7511.0,BID
263,1712301120.6096246,990907.7998973,6998.0,0.0,7511.0,BID
264,1712301131.8473504,991284.82210733,6985.0,-2.1369734069784083e-08,7511.0,ASK
265,1712301150.6672149,991284.82210733,6985.0,-0.0,7511.0,ASK
266,1712301178.8468628,991362.43977078,6986.0,-4.398736292916392e-09,7511.0,ASK
267,1712301178.8501348,991512.16278317,6987.0,-8.48507954517515e-09,7511.0,ASK
268,1712301180.916703,991512.16278317,6987.0,-0.0,7511.0,ASK
269,1712301186.178271,991651.63445652,6997.0,7.903405811098236e-09,7511.0,BID
270,1712301186.1808743,992030.76644301,6997.0,2.1484175770082213e-08,7511.0,BID
271,1712301186.183801,992087.6620542,6997.0,3.2240891164813312e-09,7511.0,BID
272,1712301206.276235,992234.75337677,6999.0,8.335186533861692e-09,7511.0,BID
273,1712301206.2793682,992368.84365926,7000.0,7.598459905074448e-09,7511.0,BID
274,1712301206.2960072,992504.78762514,7001.0,7.703502109883122e-09,7511.0,BID
275,1712301206.516261,992517.83286202,7001.0,7.39231117601353e-10,7511.0,BID
276,1712301208.606011,992518.54633233,7008.0,4.043004044079721e-11,7511.0,BID
277,1712301210.945972,992518.54633233,7008.0,0.0,7511.0,BID
278,1712301212.865826,992519.40249671,7008.0,4.8496695940299473e-11,7511.0,BID
279,1712301240.6451008,992519.40249671,7008.0,0.0,7511.0,BID
280,1712301258.19468,992752.11988993,7008.0,1.3182072376799392e-08,7511.0,BID
281,1712301259.2048807,992847.71938993,7010.0,5.4151497262362365e-09,7511.0,BID
282,1712301270.620356,992847.71938993,7010.0,0.0,7511.0,BID
283,1712301300.736441,992847.71938993,7010.0,0.0,7511.0,BID
284,1712301321.9870045,992854.38783484,7010.0,3.780617880816929e-10,7511.0,BID
285,1712301330.6859446,992854.38783484,7010.0,0.0,7511.0,BID
286,1712301330.8232155,992862.98500781,7021.0,4.874080862220801e-10,7511.0,BID
287,1712301358.6623793,992919.92450958,7014.0,3.228127860723031e-09,7511.0,BID
288,1712301360.6321492,992919.92450958,7014.0,0.0,7511.0,BID
289,1712301382.8363028,993010.03015928,7017.0,5.1083161602462325e-09,7511.0,BID
290,1712301382.8378344,993038.54399482,7017.0,1.61652113229409e-09,7511.0,BID
291,1712301383.4917495,993046.45039117,7017.0,-4.4823351674964287e-10,7511.0,ASK
292,1712301390.6132848,993046.45039117,7017.0,-0.0,7511.0,ASK
293,1712301395.561605,993047.16386148,7022.0,4.044639252700719e-11,7511.0,BID
294,1712301406.7314298,993350.30453748,7025.0,1.71849432289172e-08,7511.0,BID
295,1712301406.734455,993363.23526148,7025.0,7.330384057346334e-10,7511.0,BID
296,1712301407.3216674,993431.10531799,7028.0,3.847530735423688e-09,7511.0,BID
297,1712301407.3255625,993451.82098291,7027.0,1.1743640949070392e-09,7511.0,BID
298,1712301407.3289106,993453.24832291,7028.0,8.091542577832484e-11,7511.0,BID
299,1712301420.9310312,993453.24832291,7028.0,0.0,7511.0,BID
300,1712301423.1210673,993454.67566291,7035.0,8.090231804193407e-11,7511.0,BID
301,1712301423.123652,993830.34274734,7035.0,2.1292991118999835e-08,7511.0,BID
302,1712301423.1261714,993932.99196777,7035.0,5.8182072094655744e-09,7511.0,BID
303,1712301436.4307427,993973.78755103,7036.0,2.3123132902844027e-09,7511.0,BID
304,1712301436.475485,993974.49808108,7037.0,4.027318514480815e-11,7511.0,BID
305,1712301436.530788,994100.03821105,7037.0,7.115674977444662e-09,7511.0,BID
306,1712301436.9938383,994292.88241105,7040.0,1.0930502053918677e-08,7511.0,BID
307,1712301436.9964762,994294.30977105,7042.0,8.090345165359159e-11,7511.0,BID
308,1712301440.4311385,994562.02977105,7048.0,1.5174498428648812e-08,7511.0,BID
309,1712301440.434398,994766.53785143,7047.0,1.1591616406593404e-08,7511.0,BID
310,1712301440.470713,995366.12127786,7048.0,-3.3984677133598354e-08,7511.0,ASK
311,1712301440.633496,995401.1546822,7042.0,1.985710216301185e-09,7511.0,BID
312,1712301440.6367073,995425.15468219,7042.0,1.3603315483926734e-09,7511.0,BID
313,1712301440.6393616,995752.64308219,7049.0,1.8562200101598447e-08,7511.0,BID
314,1712301440.6419437,995992.59371527,7048.0,1.3600517348825473e-08,7511.0,BID
315,1712301440.6446042,996258.86104746,7044.0,1.509216051814327e-08,7511.0,BID
316,1712301440.6472487,996679.20782659,7048.0,2.3825457714766162e-08,7511.0,BID
317,1712301445.9507525,997052.83111278,7022.0,-2.1177147651266258e-08,7511.0,ASK
318,1712301445.9526114,997078.10065577,7028.0,-1.4322898565470082e-09,7511.0,ASK
319,1712301445.9541976,997106.55825394,7028.0,-1.612990358256982e-09,7511.0,ASK
320,1712301450.925753,997106.55825394,7028.0,-0.0,7511.0,ASK
321,1712301471.4269135,997248.68446194,7036.0,-8.044051975827338e-09,7511.0,ASK
322,1712301475.5200355,997248.68446201,7036.0,-3.9664988566656854e-18,7511.0,ASK
323,1712301480.6462395,997248.68446201,7036.0,-0.0,7511.0,ASK
324,1712301495.219839,997332.87079966,7034.0,4.7645044451566185e-09,7511.0,BID
325,1712301495.2798617,997434.26143846,7034.0,-5.738177508903276e-09,7511.0,ASK
326,1712301495.2831347,998243.90593686,7034.0,-4.5821625210304015e-08,7511.0,ASK
327,1712301495.2997098,998321.58488981,7034.0,-4.3962206571335975e-09,7511.0,ASK
328,1712301507.5896883,998328.70435442,7023.0,-4.0292429541894676e-10,7511.0,ASK
329,1712301510.6606083,998328.70435442,7023.0,-0.0,7511.0,ASK
330,1712301540.959011,998328.70435442,7023.0,-0.0,7511.0,ASK
331,1712301559.8588932,998348.70435442,7025.0,-1.131408496258639e-09,7511.0,ASK
332,1712301559.8715985,998351.55214026,7024.0,-1.6110045474752987e-10,7511.0,ASK
333,1712301562.6509836,998355.82381902,7023.0,-2.4165068211470923e-10,7511.0,ASK
334,1712301562.6616273,998360.09549778,7023.0,-2.416506821212949e-10,7511.0,ASK
335,1712301562.6653118,998374.33645477,7022.0,-8.05616986663138e-10,7511.0,ASK
336,1712301562.668299,998392.32489717,7022.0,-1.0176138282912238e-09,7511.0,ASK
337,1712301570.9586232,998392.32489717,7022.0,-0.0,7511.0,ASK
338,1712301582.6283412,998488.77340306,7022.0,5.455995041407634e-09,7511.0,BID
339,1712301582.7109797,998514.68849334,7022.0,1.465990610849421e-09,7511.0,BID
340,1712301600.6683123,998514.68849334,7022.0,0.0,7511.0,BID
341,1712301630.6783707,998514.68849334,7022.0,0.0,7511.0,BID
342,1712301660.9171455,998514.68849334,7022.0,0.0,7511.0,BID
343,1712301661.4812524,998517.53627918,7023.0,-1.6125695653333323e-10,7511.0,ASK
344,1712301661.4841318,998521.83704818,7022.0,-2.4353268071720915e-10,7511.0,ASK
345,1712301661.597214,998525.74132525,7022.0,2.2108117434162447e-10,7511.0,BID
346,1712301672.1372044,998538.41912513,7036.0,7.17885241063586e-10,7511.0,BID
347,1712301681.429772,998609.48222916,7035.0,4.023975299342756e-09,7511.0,BID
348,1712301690.9768877,998609.48222916,7035.0,0.0,7511.0,BID
349,1712301696.3169804,998618.17847485,7030.0,4.924096296054712e-10,7511.0,BID
350,1712301720.676388,998618.17847485,7030.0,0.0,7511.0,BID
351,1712301723.266569,998743.71861479,7024.0,-7.1084651956833605e-09,7511.0,ASK
352,1712301723.3464766,998760.30468292,7024.0,-9.391537088581564e-10,7511.0,ASK
353,1712301738.686406,998770.30468292,7021.0,-5.662304661347023e-10,7511.0,ASK
354,1712301743.04639,998794.8968657,7020.0,-1.3924843118808399e-09,7511.0,ASK
355,1712301745.356187,998798.7865969,7020.0,-2.2024843104842628e-10,7511.0,ASK
356,1712301750.656141,998798.7865969,7020.0,-0.0,7511.0,ASK
357,1712301753.5062442,998799.7865969,7018.0,-5.661898004790544e-11,7511.0,ASK
358,1712301753.5101063,999184.51158977,7018.0,-2.1782736695237323e-08,7511.0,ASK
359,1712301754.0861402,999191.637142,7017.0,-4.0344149954344807e-10,7511.0,ASK
360,1712301764.4561334,999338.60689993,7020.0,8.321277791885656e-09,7511.0,BID
361,1712301764.46015,999476.53742691,7020.0,7.809485755075783e-09,7511.0,BID
362,1712301780.9660702,999476.53742691,7020.0,0.0,7511.0,BID
363,1712301785.3792057,999480.81275824,7020.0,-2.4199971967133936e-10,7511.0,ASK
364,1712301788.045774,999485.08808957,7017.0,-2.4199971967133936e-10,7511.0,ASK
365,1712301800.1756997,999489.3634209,7017.0,-2.419997196647498e-10,7511.0,ASK
366,1712301810.9489105,999489.3634209,7017.0,-0.0,7511.0,ASK
367,1712301825.3754709,999493.63875223,7017.0,-2.419984866740221e-10,7511.0,ASK
368,1712301840.6651318,999493.63875223,7017.0,-0.0,7511.0,ASK
369,1712301870.7365255,999493.63875223,7017.0,-0.0,7511.0,ASK
370,1712301882.4949975,999628.02964327,7021.0,7.606974645402592e-09,7511.0,BID
371,1712301882.4986076,1000056.80721817,7021.0,2.427024715396679e-08,7511.0,BID
372,1712301895.7948608,1000605.25037156,7021.0,3.1043719778902715e-08,7511.0,BID
373,1712301900.9746633,1000605.25037156,7021.0,0.0,7511.0,BID
374,1712301920.8148713,1000615.25037156,7011.0,-5.66149879020584e-10,7511.0,ASK
375,1712301930.9355316,1000615.25037156,7011.0,-0.0,7511.0,ASK
376,1712301940.4343777,1000630.88977412,7030.0,8.854210722461439e-10,7511.0,BID
377,1712301943.6643336,1001329.32733089,7030.0,3.9541876874224926e-08,7511.0,BID
378,1712301943.6681938,1001342.12732746,7030.0,7.24668774545163e-10,7511.0,BID
379,1712301958.423962,1001370.08495102,7020.0,-1.5828142369908275e-09,7511.0,ASK
380,1712301960.704221,1001370.08495102,7020.0,-0.0,7511.0,ASK
381,1712301972.61424,1001371.54055509,7020.0,-8.238393077894776e-11,7511.0,ASK
382,1712301990.678604,1001371.54055509,7020.0,-0.0,7511.0,ASK
383,1712302014.7739096,1001406.53561858,7020.0,-1.980641082462935e-09,7511.0,ASK
384,1712302020.9735126,1001406.53561858,7020.0,-0.0,7511.0,ASK
385,1712302050.934839,1001406.53561858,7020.0,-0.0,7511.0,ASK
386,1712302055.7935605,1001449.27066131,7020.0,-2.418672692240105e-09,7511.0,ASK
387,1712302080.6351955,1001449.27066131,7020.0,-0.0,7511.0,ASK
388,1712302110.6486623,1001449.27066131,7020.0,-0.0,7511.0,ASK
389,1712302119.5730083,1001549.27066131,7021.0,-5.659598005729757e-09,7511.0,ASK
390,1712302125.112981,1001570.3134087,7021.0,-1.19093491164126e-09,7511.0,ASK
391,1712302125.1170356,1001838.2534087,7021.0,-1.5164326896549147e-08,7511.0,ASK
392,1712302125.1208622,1001866.42560639,7021.0,-1.594433138633527e-09,7511.0,ASK
393,1712302125.1727097,1002315.43773639,7021.0,2.541228155496733e-08,7511.0,BID
394,1712302125.17472,1002377.05172568,7021.0,3.487104109105484e-09,7511.0,BID
395,1712302126.3494403,1002408.55172568,7032.0,-1.782773371804873e-09,7511.0,ASK
396,1712302127.5627,1002417.3492904,7037.0,4.97906797447968e-10,7511.0,BID
397,1712302131.2626843,1002513.85565382,7032.0,-5.4618722195168015e-09,7511.0,ASK
398,1712302134.8928769,1002551.29263856,7032.0,-2.1187828417484032e-09,7511.0,ASK
399,1712302138.9527204,1002627.06756355,7032.0,-4.288556143578535e-09,7511.0,ASK
400,1712302140.935274,1002627.06756355,7032.0,-0.0,7511.0,ASK
401,1712302145.1826906,1002803.87572186,7032.0,-1.0001948409915522e-08,7511.0,ASK
402,1712302170.932415,1002803.87572186,7032.0,-0.0,7511.0,ASK
403,1712302185.172418,1002806.61772915,7020.0,-1.5510306153928995e-10,7511.0,ASK
404,1712302201.0522506,1002806.61772915,7020.0,-0.0,7511.0,ASK
405,1712302220.6423476,1002825.34302453,7020.0,-1.059728671109418e-09,7511.0,ASK
406,1712302221.402203,1002946.32586431,7020.0,-6.846833730812641e-09,7511.0,ASK
407,1712302221.4063587,1002985.13466503,7020.0,-2.1963231009072363e-09,7511.0,ASK
408,1712302221.9122057,1003252.69345103,7020.0,1.5142069109056468e-08,7511.0,BID
409,1712302222.2821422,1003252.69345188,7020.0,4.810807495379547e-17,7511.0,BID
410,1712302222.2925308,1003261.60351766,7035.0,5.042511734513842e-10,7511.0,BID
411,1712302222.732121,1003263.05341105,7035.0,8.205443835179814e-11,7511.0,BID
412,1712302230.9720323,1003263.05341105,7035.0,0.0,7511.0,BID
413,1712302260.7018416,1003263.05341105,7035.0,0.0,7511.0,BID
414,1712302265.2319105,1003400.52078815,7018.0,-7.778339663055456e-09,7511.0,ASK
415,1712302290.087464,1003416.24840729,7009.0,-8.899185126129103e-10,7511.0,ASK
416,1712302290.0894125,1003424.38209255,7009.0,-4.602296777602333e-10,7511.0,ASK
417,1712302290.6567132,1003424.38209255,7009.0,-0.0,7511.0,ASK
418,1712302320.981574,1003424.38209255,7009.0,-0.0,7511.0,ASK
419,1712302321.211615,1003425.38209255,7009.0,-5.6579543773416304e-11,7511.0,ASK
420,1712302321.7715752,1003803.23012477,7014.0,-2.137846927868604e-08,7511.0,ASK
421,1712302350.921125,1003803.23012477,7014.0,-0.0,7511.0,ASK
422,1712302380.6810114,1003803.23012477,7014.0,-0.0,7511.0,ASK
423,1712302396.8910744,1003804.08555676,7014.0,4.839267611922871e-11,7511.0,BID
424,1712302402.2333272,1003814.08555676,7000.0,-5.65710385921593e-10,7511.0,ASK
425,1712302402.2375307,1003962.46623579,7000.0,-8.394049119741906e-09,7511.0,ASK
426,1712302402.2416687,1003984.35237864,7000.0,-1.2381218317964603e-09,7511.0,ASK
427,1712302402.2445712,1004055.67905481,7005.0,-4.035024150263094e-09,7511.0,ASK
428,1712302408.171027,1004116.43761211,7008.0,3.43717468982694e-09,7511.0,BID
429,1712302408.1809182,1004207.94761211,7005.0,5.176815741562444e-09,7511.0,BID
430,1712302410.636535,1004207.94761211,7005.0,0.0,7511.0,BID
431,1712302412.0912864,1004288.13836165,7000.0,-4.5357467196497155e-09,7511.0,ASK
432,1712302415.4009967,1004298.13836165,7000.0,-5.656196937504629e-10,7511.0,ASK
433,1712302441.0607936,1004298.13836165,7000.0,-0.0,7511.0,ASK
434,1712302468.2707586,1004336.60031183,7000.0,2.175405965385471e-09,7511.0,BID
435,1712302468.3907251,1004532.87674456,7006.0,-1.1101385151478924e-08,7511.0,ASK
436,1712302470.9506462,1004532.87674456,7006.0,-0.0,7511.0,ASK
437,1712302473.0257075,1004534.30307461,7011.0,8.066565356259898e-11,7511.0,BID
438,1712302500.6745934,1004534.30307461,7011.0,0.0,7511.0,BID
439,1712302526.9516444,1004804.97307461,7004.0,1.5362030765532167e-08,7511.0,BID
440,1712302526.9602022,1004829.04917452,7004.0,1.3664528301280171e-09,7511.0,BID
441,1712302527.051982,1004855.44917452,7004.0,-1.498347109802874e-09,7511.0,ASK
442,1712302527.980432,1004875.03043735,7004.0,-1.1113457790791339e-09,7511.0,ASK
443,1712302530.6883128,1004875.03043735,7004.0,-0.0,7511.0,ASK
444,1712302530.9504013,1004884.08267338,7010.0,5.13695259605034e-10,7511.0,BID
445,1712302536.3503578,1005161.71267338,7010.0,1.575491563096504e-08,7511.0,BID
446,1712302536.4708157,1005293.00807812,7010.0,-7.450736679792048e-09,7511.0,ASK
447,1712302536.480359,1005392.73520373,7010.0,-5.659303569873758e-09,7511.0,ASK
448,1712302536.4836128,1005438.42481703,7004.0,-2.592788973645938e-09,7511.0,ASK
449,1712302541.050392,1005496.83698649,7002.0,3.314767142108251e-09,7511.0,BID
450,1712302541.0539207,1005555.14607003,7002.0,3.30891723406438e-09,7511.0,BID
451,1712302541.1503973,1005555.14607047,7002.0,2.496529623739745e-17,7511.0,BID
452,1712302541.2904177,1005578.0957169,7004.0,1.302343922719831e-09,7511.0,BID
453,1712302541.293728,1005638.54504077,7004.0,3.430371348632546e-09,7511.0,BID
454,1712302541.2970238,1005697.09785056,7004.0,3.322748183544754e-09,7511.0,BID
455,1712302541.4104466,1005708.19376635,7009.0,-6.29669765950246e-10,7511.0,ASK
456,1712302541.4146626,1005754.54083933,7009.0,-2.630098420705641e-09,7511.0,ASK
457,1712302541.4902604,1005798.18076079,7009.0,-2.4764732944757343e-09,7511.0,ASK
458,1712302541.5102994,1005841.83827009,7009.0,-2.477471367216207e-09,7511.0,ASK
459,1712302554.650613,1005871.53945933,7009.0,-1.685479705417735e-09,7511.0,ASK
460,1712302560.9002242,1005871.53945933,7009.0,-0.0,7511.0,ASK
461,1712302566.7902555,1005914.34155933,7008.0,2.4279665256312033e-09,7511.0,BID
462,1712302577.242291,1005970.07080286,6999.0,-3.161263998485656e-09,7511.0,ASK
463,1712302577.2599382,1005998.64223143,6998.0,1.620725902646522e-09,7511.0,BID
464,1712302577.810187,1006141.31593666,6996.0,-8.093223939630205e-09,7511.0,ASK
465,1712302578.3503246,1006142.34305466,6994.0,-5.826368616959857e-11,7511.0,ASK
466,1712302590.900166,1006142.34305466,6994.0,-0.0,7511.0,ASK
467,1712302616.2800076,1006249.48635466,7010.0,6.0770939056236814e-09,7511.0,BID
468,1712302616.2899065,1006441.88635466,7009.0,1.0912794989907726e-08,7511.0,BID
469,1712302620.659744,1006441.88635466,7009.0,0.0,7511.0,BID
470,1712302638.9599774,1006522.67204256,7008.0,4.5815627587682705e-09,7511.0,BID
471,1712302650.6439695,1006522.67204256,7008.0,0.0,7511.0,BID
472,1712302662.111904,1006596.84022238,7009.0,4.206131919835269e-09,7511.0,BID
473,1712302680.8997617,1006596.84022238,7009.0,0.0,7511.0,BID
474,1712302697.0197124,1006621.07447238,7020.0,1.374301590870873e-09,7511.0,BID
475,1712302697.1196947,1006621.07447276,7020.0,2.1548287367296682e-17,7511.0,BID
476,1712302710.7815292,1006678.82627152,7029.0,3.275050348644176e-09,7511.0,BID
477,1712302710.7836554,1006761.86259884,7029.0,4.708912251713777e-09,7511.0,BID
478,1712302710.7857058,1007047.75259884,7028.0,1.6212553795327906e-08,7511.0,BID
479,1712302710.9695632,1007047.75259884,7028.0,0.0,7511.0,BID
480,1712302714.479076,1007427.09202183,7029.0,2.150811774134414e-08,7511.0,BID
481,1712302715.2139072,1007538.74262129,7028.0,6.330463151310145e-09,7511.0,BID
482,1712302715.2266674,1008013.8435748,7030.0,2.6937688591849498e-08,7511.0,BID
483,1712302730.5294716,1008091.24357479,7015.0,-4.388492764194327e-09,7511.0,ASK
484,1712302740.6193583,1008091.24357479,7015.0,-0.0,7511.0,ASK
485,1712302746.0997672,1008375.98161579,7023.0,1.6137615527979444e-08,7511.0,BID
486,1712302756.7284317,1008484.91672722,7015.0,-6.173930745539205e-09,7511.0,ASK
487,1712302757.1240666,1008506.91063664,7015.0,-1.246511540678637e-09,7511.0,ASK
488,1712302757.1267226,1008869.34402522,7015.0,-2.054102310623368e-08,7511.0,ASK
489,1712302757.3992696,1009009.05202522,7016.0,-7.917993613582431e-09,7511.0,ASK
490,1712302757.4192746,1009170.53821147,7016.0,-9.1522789776491e-09,7511.0,ASK
491,1712302758.0100884,1010226.47516448,7015.0,-5.984554964841039e-08,7511.0,ASK
492,1712302762.991205,1010233.6047809,7013.0,-4.0407319036902717e-10,7511.0,ASK
493,1712302763.5694246,1010246.73076178,7009.0,-7.439189794481303e-10,7511.0,ASK
494,1712302770.6681414,1010246.73076178,7009.0,-0.0,7511.0,ASK
495,1712302788.3592803,1010284.06175131,7019.0,2.113933363931933e-09,7511.0,BID
496,1712302800.6736062,1010284.06175131,7019.0,0.0,7511.0,BID
497,1712302824.9294462,1010285.51494977,7019.0,8.238245158095906e-11,7511.0,BID
498,1712302830.66937,1010285.51494977,7019.0,0.0,7511.0,BID
499,1712302860.8988872,1010285.51494977,7019.0,0.0,7511.0,BID
500,1712302890.9587965,1010285.51494977,7019.0,0.0,7511.0,BID
501,1712302920.668592,1010285.51494977,7019.0,0.0,7511.0,BID
502,1712302935.5089836,1010328.25608098,7019.0,2.423011882721023e-09,7511.0,BID
503,1712302950.6485896,1010328.25608098,7019.0,0.0,7511.0,BID
504,1712302980.9283297,1010328.25608098,7019.0,0.0,7511.0,BID
505,1712303010.8943934,1010328.25608098,7019.0,0.0,7511.0,BID
506,1712303040.669552,1010328.25608098,7019.0,0.0,7511.0,BID
507,1712303070.6580343,1010328.25608098,7019.0,0.0,7511.0,BID
508,1712303074.1762943,1010335.39078417,7008.0,-4.0446230866435846e-10,7511.0,ASK
509,1712303099.8380566,1010465.39078417,7008.0,-7.369626840199473e-09,7511.0,ASK
510,1712303100.6578348,1010465.39078417,7008.0,-0.0,7511.0,ASK
511,1712303107.078056,1010472.52548737,7008.0,-4.054008138253135e-10,7511.0,ASK
512,1712303129.5661943,1010501.01957484,7008.0,-1.619061918316264e-09,7511.0,ASK
513,1712303129.569946,1010505.92705006,7008.0,-2.788475416948501e-10,7511.0,ASK
514,1712303129.5767446,1010563.35716491,7008.0,-3.263235294549028e-09,7511.0,ASK
515,1712303129.7178326,1010772.49849105,7008.0,-1.1883614699225946e-08,7511.0,ASK
516,1712303130.6677868,1010772.49849105,7008.0,-0.0,7511.0,ASK
517,1712303140.2376914,1011486.27436542,7005.0,-4.055248408829425e-08,7511.0,ASK
518,1712303160.689535,1011486.27436542,7005.0,-0.0,7511.0,ASK
519,1712303161.5277724,1011629.87710515,7008.0,-8.156333422125707e-09,7511.0,ASK
520,1712303183.6176891,1011650.49630572,7005.0,-1.171127201766279e-09,7511.0,ASK
521,1712303183.7178848,1011659.65632145,7012.0,5.202696173264449e-10,7511.0,BID
522,1712303190.6878753,1011659.65632145,7012.0,0.0,7511.0,BID
523,1712303195.813274,1011813.11742145,7011.0,8.715666058884049e-09,7511.0,BID
524,1712303195.8167894,1012249.01879936,7012.0,2.47565724764939e-08,7511.0,BID
525,1712303198.637618,1012250.53297215,7004.0,-8.599589337626974e-11,7511.0,ASK
526,1712303208.021093,1012252.08297215,7003.0,-8.803066308442529e-11,7511.0,ASK
527,1712303211.0981476,1012429.075962,7004.0,1.0052135650640248e-08,7511.0,BID
528,1712303211.1025898,1012619.58296776,7004.0,1.0819650348416456e-08,7511.0,BID
529,1712303220.9593294,1012619.58296776,7004.0,0.0,7511.0,BID
530,1712303224.4879022,1012625.1758249,7003.0,-3.1751927002726233e-10,7511.0,ASK
531,1712303224.492682,1012815.07470393,7003.0,-1.0780992959274998e-08,7511.0,ASK
532,1712303227.158054,1012825.07470393,7003.0,-5.677228330335353e-10,7511.0,ASK
533,1712303232.0385563,1012903.10297874,7011.0,4.4298433231885405e-09,7511.0,BID
534,1712303232.1580396,1012933.6101072,7011.0,1.731959339701982e-09,7511.0,BID
535,1712303232.242765,1014519.98849081,7011.0,9.006232302062571e-08,7511.0,BID
536,1712303232.3378346,1014542.16838711,7013.0,1.259203356380337e-09,7511.0,BID
537,1712303232.817896,1014542.16838712,7013.0,5.683880723184444e-19,7511.0,BID
538,1712303250.9581065,1014542.16838712,7013.0,0.0,7511.0,BID
539,1712303276.3281188,1014899.15824861,7005.0,-2.0251633877916232e-08,7511.0,ASK
540,1712303280.5784922,1014899.15824861,7005.0,-0.0,7511.0,ASK
541,1712303308.4886353,1014906.61727787,7005.0,4.2308233247465084e-10,7511.0,BID
542,1712303310.6695805,1014906.61727787,7005.0,0.0,7511.0,BID
543,1712303312.0384693,1015025.06478669,7005.0,6.718421129829429e-09,7511.0,BID
544,1712303336.879449,1015492.97483166,7000.0,-2.6540167575498853e-08,7511.0,ASK
545,1712303336.8850904,1015521.48110303,7000.0,-1.6168945874215004e-09,7511.0,ASK
546,1712303336.8900928,1016035.56194697,7003.0,-2.9159005864886183e-08,7511.0,ASK
547,1712303336.8937037,1016050.49816125,7000.0,-8.471919639219463e-10,7511.0,ASK
548,1712303336.8960197,1016064.77367873,7006.0,-8.097168039424976e-10,7511.0,ASK
549,1712303336.898308,1016071.91245657,6995.0,-4.049162059957789e-10,7511.0,ASK
550,1712303336.9008749,1016363.11335444,7001.0,-1.6517107744718914e-08,7511.0,ASK
551,1712303336.9031231,1016440.90690101,6995.0,-4.4125014721420875e-09,7511.0,ASK
552,1712303340.9288452,1016440.90690101,6995.0,-0.0,7511.0,ASK
553,1712303343.5888464,1016457.90829011,6995.0,-9.637428388151046e-10,7511.0,ASK
554,1712303343.5928495,1017104.97945371,6995.0,-3.6679955764552046e-08,7511.0,ASK
555,1712303360.410302,1017188.20835771,7012.0,4.7179239143773745e-09,7511.0,BID
556,1712303360.5046215,1017188.20835816,7012.0,2.5505650155192545e-17,7511.0,BID
557,1712303363.609076,1017603.32438003,7016.0,2.3531318000072523e-08,7511.0,BID
558,1712303363.6131673,1017683.54285316,7016.0,4.547274258884152e-09,7511.0,BID
559,1712303363.68923,1018836.27175718,7016.0,6.534373278625668e-08,7511.0,BID
560,1712303363.769093,1018925.94195118,7018.0,5.083055673536143e-09,7511.0,BID
561,1712303363.7740784,1018925.94195193,7018.0,4.251821576970392e-17,7511.0,BID
562,1712303370.928984,1018925.94195193,7018.0,0.0,7511.0,BID
563,1712303393.729361,1018998.41893512,7018.0,4.104386027250355e-09,7511.0,BID
564,1712303393.7392194,1019025.94195193,7018.0,1.5586339366110876e-09,7511.0,BID
565,1712303400.7031336,1019025.94195193,7018.0,0.0,7511.0,BID
566,1712303400.9123266,1019056.14123917,7015.0,-1.7119035156738671e-09,7511.0,ASK
567,1712303401.869414,1019097.66525912,7015.0,-2.3538673337776997e-09,7511.0,ASK
568,1712303430.6645317,1019097.66525912,7015.0,-0.0,7511.0,ASK
569,1712303460.939671,1019097.66525912,7015.0,-0.0,7511.0,ASK
570,1712303463.0098677,1019099.1192862,7015.0,-8.242191473699109e-11,7511.0,ASK
571,1712303463.015299,1019218.81749126,7015.0,-6.7851248353501476e-09,7511.0,ASK
572,1712303471.859797,1019220.77076095,7019.0,1.1072161589559707e-10,7511.0,BID
573,1712303490.9499586,1019220.77076095,7019.0,0.0,7511.0,BID
574,1712303491.2035522,1019321.75736926,7008.0,-5.7241727430858125e-09,7511.0,ASK
575,1712303511.240202,1019613.20736926,7022.0,1.6520112655463275e-08,7511.0,BID
576,1712303511.2455246,1019790.41558668,7025.0,1.0044603586385576e-08,7511.0,BID
577,1712303511.2506278,1019965.975616,7022.0,9.951180175540802e-09,7511.0,BID
578,1712303520.6742697,1019965.975616,7022.0,0.0,7511.0,BID
579,1712303550.121849,1019967.24836934,7022.0,7.212144427303959e-11,7511.0,BID
580,1712303550.6754324,1019967.24836934,7022.0,0.0,7511.0,BID
581,1712303580.941942,1019967.24836934,7022.0,0.0,7511.0,BID
582,1712303583.9606938,1019977.22954347,7013.0,-5.655898174716766e-10,7511.0,ASK
583,1712303610.9005911,1019977.22954347,7013.0,-0.0,7511.0,ASK
584,1712303631.3307528,1019978.08387922,7023.0,4.841130692555399e-11,7511.0,BID
585,1712303640.690669,1019978.08387922,7023.0,0.0,7511.0,BID
586,1712303663.3540473,1020004.43996721,7023.0,1.493478683593668e-09,7511.0,BID
587,1712303663.358251,1020152.20970991,7024.0,8.373433905870573e-09,7511.0,BID
588,1712303663.3625855,1020549.06839178,7023.0,2.2488162203529832e-08,7511.0,BID
589,1712303663.3665855,1021387.66218144,7026.0,4.75192657393416e-08,7511.0,BID
590,1712303670.5922952,1021387.66218144,7026.0,0.0,7511.0,BID
591,1712303700.7149458,1021387.66218144,7026.0,0.0,7511.0,BID
592,1712303729.2513022,1021389.65050219,7021.0,1.1265394249079555e-10,7511.0,BID
593,1712303730.6353867,1021389.65050219,7021.0,0.0,7511.0,BID
594,1712303730.7922308,1021417.08439902,7014.0,-1.554343881095766e-09,7511.0,ASK
595,1712303741.4118242,1021499.32108958,7014.0,-4.659348891111075e-09,7511.0,ASK
596,1712303741.9710014,1021546.33409054,7013.0,-2.663652591064876e-09,7511.0,ASK
597,1712303741.9743683,1021833.22800277,7013.0,-1.6254774149017398e-08,7511.0,ASK
598,1712303760.9210474,1021833.22800277,7013.0,-0.0,7511.0,ASK
599,1712303770.8108883,1021927.44000212,7013.0,5.3369027143277315e-09,7511.0,BID
600,1712303775.731263,1021928.58025297,7016.0,6.459270473381582e-11,7511.0,BID
601,1712303775.7367928,1021930.00597112,7017.0,8.076379990891989e-11,7511.0,BID
602,1712303775.8310406,1021930.00597295,7017.0,1.0366824598747184e-16,7511.0,BID
603,1712303777.780997,1021931.43169293,7018.0,8.076390357716589e-11,7511.0,BID
604,1712303790.9609215,1021931.43169293,7018.0,0.0,7511.0,BID
605,1712303813.6446226,1021942.58253057,7008.0,-6.31645802924435e-10,7511.0,ASK
606,1712303820.6511476,1021942.58253057,7008.0,-0.0,7511.0,ASK
607,1712303850.6624403,1021942.58253057,7008.0,-0.0,7511.0,ASK
608,1712303851.5812583,1021958.00404987,7008.0,-8.73557228281566e-10,7511.0,ASK
609,1712303880.951072,1021958.00404987,7008.0,-0.0,7511.0,ASK
610,1712303888.4219582,1022015.16379036,7008.0,-3.237813202600742e-09,7511.0,ASK
611,1712303910.961188,1022015.16379036,7008.0,-0.0,7511.0,ASK
612,1712303911.241177,1022338.29379036,7023.0,1.83032818560922e-08,7511.0,BID
613,1712303911.3815062,1022399.09063233,7023.0,-3.443758656077552e-09,7511.0,ASK
614,1712303911.393993,1022514.32433398,7023.0,-6.527264322779068e-09,7511.0,ASK
615,1712303911.4313874,1022568.92433398,7023.0,-3.092746539603854e-09,7511.0,ASK
616,1712303911.5416827,1022759.43133898,7023.0,-1.0791023452094533e-08,7511.0,ASK
617,1712303911.6112063,1023142.41719341,7023.0,-2.1693739487291892e-08,7511.0,ASK
618,1712303920.8413558,1023173.46195572,7009.0,-1.7584904982982847e-09,7511.0,ASK
619,1712303925.289411,1023275.69706795,7009.0,-5.790975999554332e-09,7511.0,ASK
620,1712303935.5814133,1023318.50528713,7009.0,-2.4248163321526163e-09,7511.0,ASK
621,1712303940.6513395,1023318.50528713,7009.0,-0.0,7511.0,ASK
622,1712303950.3914115,1023319.36145152,7024.0,4.847120239147045e-11,7511.0,BID
623,1712303950.3969228,1023321.35266754,7024.0,1.1273142849346035e-10,7511.0,BID
624,1712303961.881318,1023339.50512582,7020.0,-1.0276898799878627e-09,7511.0,ASK
625,1712303964.4519632,1023358.94636039,7020.0,-1.1006531299381844e-09,7511.0,ASK
626,1712303965.4598014,1023377.37861327,7020.0,-1.0435302733007424e-09,7511.0,ASK
627,1712303965.691488,1023400.44614581,7020.0,-1.3059536830664895e-09,7511.0,ASK
628,1712303965.6969645,1023423.34725811,7020.0,-1.29653190702998e-09,7511.0,ASK
629,1712303970.592815,1023423.34725811,7020.0,-0.0,7511.0,ASK
630,1712303970.9312117,1023503.65569248,7020.0,-4.546421491556157e-09,7511.0,ASK
631,1712303972.2212973,1023691.04203937,7020.0,-1.0608316815129274e-08,7511.0,ASK
632,1712303986.671327,1023693.01184424,7021.0,1.1151460323219739e-10,7511.0,BID
633,1712304000.842164,1023693.01184424,7021.0,0.0,7511.0,BID
634,1712304014.8314936,1023694.46462874,7021.0,8.239010788000525e-11,7511.0,BID
635,1712304030.651387,1023694.46462874,7021.0,0.0,7511.0,BID
636,1712304042.2214663,1023704.46462874,7011.0,-5.6711824928174e-10,7511.0,ASK
637,1712304042.2266755,1023745.72720209,7009.0,-2.3400758359104663e-09,7511.0,ASK
638,1712304042.231768,1023813.68792193,7010.0,-3.854176445559846e-09,7511.0,ASK
639,1712304060.9312944,1023813.68792193,7010.0,-0.0,7511.0,ASK
640,1712304088.382544,1023831.68494149,7009.0,-1.02059545094856e-09,7511.0,ASK
641,1712304089.106622,1024007.15000849,7009.0,-9.950472553745216e-09,7511.0,ASK
642,1712304089.1110237,1024674.87521979,7009.0,-3.786612060214039e-08,7511.0,ASK
643,1712304089.7813964,1024675.5888328,7008.0,-4.0468378073885134e-11,7511.0,ASK
644,1712304090.9814131,1024675.5888328,7008.0,-0.0,7511.0,ASK
645,1712304092.2112978,1024775.5888328,7007.0,-5.668971621500321e-09,7511.0,ASK
646,1712304092.3711743,1024784.86053243,7011.0,5.256100208530045e-10,7511.0,BID
647,1712304096.171389,1024819.24460149,7008.0,-1.9492231173270803e-09,7511.0,ASK
648,1712304103.041211,1024927.55459635,7008.0,-6.140062871860166e-09,7511.0,ASK
649,1712304112.3668666,1024977.55459635,7008.0,-2.83448581075016e-09,7511.0,ASK
650,1712304120.6817749,1024977.55459635,7008.0,-0.0,7511.0,ASK
651,1712304123.001463,1025027.55459635,7008.0,-2.834145822851289e-09,7511.0,ASK
652,1712304127.967353,1025046.38607672,7008.0,-1.06742322857594e-09,7511.0,ASK
653,1712304128.1014607,1025074.49517903,7008.0,1.593305897921462e-09,7511.0,BID
654,1712304128.4013352,1025169.70455157,7008.0,5.396744909610924e-09,7511.0,BID
655,1712304128.6012993,1025169.70455158,7008.0,5.674933566833169e-19,7511.0,BID
656,1712304150.6228008,1025169.70455158,7008.0,0.0,7511.0,BID
657,1712304159.541217,1025360.7693938,7008.0,-1.0829285906581278e-08,7511.0,ASK
658,1712304159.5512211,1025370.04109342,7008.0,-5.25506863842657e-10,7511.0,ASK
659,1712304180.940543,1025370.04109342,7008.0,-0.0,7511.0,ASK
660,1712304197.9813683,1025383.27483014,7009.0,-7.500098596796743e-10,7511.0,ASK
661,1712304197.9883423,1025384.10245571,7010.0,-4.6904918139866015e-11,7511.0,ASK
662,1712304199.6412823,1025399.10245571,7020.0,8.501112069237572e-10,7511.0,BID
663,1712304199.7236865,1025404.88972018,7021.0,3.279878922258684e-10,7511.0,BID
664,1712304205.0013003,1025532.55593122,7009.0,-7.2353651167060495e-09,7511.0,ASK
665,1712304210.9712286,1025532.55593122,7009.0,-0.0,7511.0,ASK
666,1712304219.7413604,1025858.2457254,7010.0,-1.845697785448495e-08,7511.0,ASK
667,1712304219.9127276,1026547.93438012,7010.0,3.908494663979793e-08,7511.0,BID
668,1712304219.9155512,1026547.93438013,7010.0,5.673682588583353e-19,7511.0,BID
669,1712304233.3412166,1026633.31310306,7024.0,4.838448199857939e-09,7511.0,BID
670,1712304240.6022415,1026633.31310306,7024.0,0.0,7511.0,BID
671,1712304270.6538577,1026633.31310306,7024.0,0.0,7511.0,BID
672,1712304300.9712582,1026633.31310306,7024.0,0.0,7511.0,BID
673,1712304330.941208,1026633.31310306,7024.0,0.0,7511.0,BID
674,1712304340.871354,1027202.62707971,7026.0,3.2357280449593984e-08,7511.0,BID
675,1712304350.241172,1027706.55788238,7026.0,2.8641190938484503e-08,7511.0,BID
676,1712304350.251385,1027806.55788238,7026.0,5.683556311052217e-09,7511.0,BID
677,1712304360.6036851,1027806.55788238,7026.0,0.0,7511.0,BID
678,1712304390.6818664,1027806.55788238,7026.0,0.0,7511.0,BID
679,1712304420.9413888,1027806.55788238,7026.0,0.0,7511.0,BID
680,1712304431.2516356,1027948.66389346,7037.0,8.072892946784124e-09,7511.0,BID
681,1712304448.9436264,1027949.51847258,7039.0,4.854774050982802e-11,7511.0,BID
682,1712304448.9496148,1028032.30745265,7039.0,4.703154836305385e-09,7511.0,BID
683,1712304450.904534,1028032.30745265,7039.0,0.0,7511.0,BID
684,1712304455.5215302,1028033.90327405,7039.0,-9.064875278671519e-11,7511.0,ASK
685,1712304480.6534295,1028033.90327405,7039.0,-0.0,7511.0,ASK
686,1712304510.6412396,1028033.90327405,7039.0,-0.0,7511.0,ASK
687,1712304515.0212443,1028082.97168537,7031.0,-2.787271463706459e-09,7511.0,ASK
688,1712304516.3614523,1028117.31957329,7031.0,-1.9510900243670403e-09,7511.0,ASK
689,1712304524.1713116,1028137.48738483,7031.0,-1.1456080211050207e-09,7511.0,ASK
690,1712304527.7111423,1028155.48056291,7031.0,-1.0220806106110196e-09,7511.0,ASK
691,1712304533.9312668,1028197.46464512,7031.0,-2.384854759423762e-09,7511.0,ASK
692,1712304537.7811942,1028207.46464512,7029.0,-5.680378452708103e-10,7511.0,ASK
693,1712304540.9311666,1028207.46464512,7029.0,-0.0,7511.0,ASK
694,1712304570.9412692,1028207.46464512,7029.0,-0.0,7511.0,ASK
695,1712304600.726045,1028207.46464512,7029.0,-0.0,7511.0,ASK
696,1712304630.6551735,1028207.46464512,7029.0,-0.0,7511.0,ASK
697,1712304660.9411886,1028207.46464512,7029.0,-0.0,7511.0,ASK
698,1712304690.931029,1028207.46464512,7029.0,-0.0,7511.0,ASK
699,1712304709.0711937,1028633.66154712,7039.0,2.431298607845844e-08,7511.0,BID
700,1712304709.1111786,1028633.66154809,7039.0,5.534004880240376e-17,7511.0,BID
701,1712304720.6510413,1028633.66154809,7039.0,0.0,7511.0,BID
702,1712304727.0459664,1028636.50286077,7045.0,1.6205883924685372e-10,7511.0,BID
703,1712304728.171312,1028639.34821572,7039.0,-1.6228939662599835e-10,7511.0,ASK
704,1712304728.1773634,1028781.4542268,7033.0,-8.105244934255626e-09,7511.0,ASK
705,1712304728.1833186,1029427.84220077,7027.0,-3.6867777877713686e-08,7511.0,ASK
706,1712304743.5720224,1029513.08158077,7030.0,4.861765154710313e-09,7511.0,BID
707,1712304743.6109872,1029513.08158136,7030.0,3.3651191322771097e-17,7511.0,BID
708,1712304749.1712427,1029520.19800606,7027.0,-4.058967302750224e-10,7511.0,ASK
709,1712304749.1771894,1029726.80604724,7027.0,-1.1784221979243178e-08,7511.0,ASK
710,1712304749.1833804,1029729.64735992,7028.0,-1.6205883924685372e-10,7511.0,ASK
711,1712304749.186175,1029734.32181751,7027.0,-2.6661520799602336e-10,7511.0,ASK
712,1712304749.2723567,1029855.56463352,7027.0,6.9152790428203476e-09,7511.0,BID
713,1712304749.275182,1030094.43007752,7027.0,1.362407483846773e-08,7511.0,BID
714,1712304749.3934033,1030369.43007752,7032.0,1.5685067366122232e-08,7511.0,BID
715,1712304750.6709564,1030369.43007752,7032.0,0.0,7511.0,BID
716,1712304780.951023,1030369.43007752,7032.0,0.0,7511.0,BID
717,1712304783.301306,1030372.27543152,7039.0,1.621764941646809e-10,7511.0,BID
718,1712304783.4012108,1030372.27543248,7039.0,5.4721467976238224e-17,7511.0,BID
719,1712304810.920835,1030372.27543248,7039.0,0.0,7511.0,BID
720,1712304840.6386125,1030372.27543248,7039.0,0.0,7511.0,BID
721,1712304856.526165,1030373.27543248,7039.0,5.699688299984583e-11,7511.0,BID
722,1712304870.673395,1030373.27543248,7039.0,0.0,7511.0,BID
723,1712304882.0410223,1030392.27543248,7039.0,1.082940342520258e-09,7511.0,BID
724,1712304882.9309366,1030444.30824963,7039.0,-2.965707201406077e-09,7511.0,ASK
725,1712304883.0312026,1030444.30824964,7039.0,-5.706364721301342e-19,7511.0,ASK
726,1712304883.390931,1030594.03126202,7044.0,8.533741595258464e-09,7511.0,BID
727,1712304883.395919,1030599.71488172,7045.0,3.23948477089356e-10,7511.0,BID
728,1712304885.581062,1030644.63178543,7033.0,-2.560122478349948e-09,7511.0,ASK
729,1712304900.71112,1030644.63178543,7033.0,-0.0,7511.0,ASK
730,1712304927.8010397,1030694.63178543,7034.0,-2.852104505210844e-09,7511.0,ASK
731,1712304927.8073337,1030757.31716102,7033.0,-3.575704842621102e-09,7511.0,ASK
732,1712304930.6708214,1030757.31716102,7033.0,-0.0,7511.0,ASK
733,1712304955.5609405,1030769.20230217,7042.0,6.779226437429397e-10,7511.0,BID
734,1712304955.5664608,1030814.11920589,7042.0,2.5620382403845914e-09,7511.0,BID
735,1712304960.930807,1030814.11920589,7042.0,0.0,7511.0,BID
736,1712304977.7119946,1030815.53925701,7042.0,-8.099717398706366e-11,7511.0,ASK
737,1712304990.940882,1030815.53925701,7042.0,-0.0,7511.0,ASK
738,1712305020.6508176,1030815.53925701,7042.0,-0.0,7511.0,ASK
739,1712305045.3708153,1030824.07046702,7033.0,-4.86604670523511e-10,7511.0,ASK
740,1712305050.6406496,1030824.07046702,7033.0,-0.0,7511.0,ASK
741,1712305075.6595194,1030824.81694589,7033.0,-4.257764854193224e-11,7511.0,ASK
742,1712305080.9705718,1030824.81694589,7033.0,-0.0,7511.0,ASK
743,1712305106.3011143,1030838.1658394,7033.0,-7.61393723245298e-10,7511.0,ASK
744,1712305106.310598,1031058.40743904,7033.0,-1.2562132691897193e-08,7511.0,ASK
745,1712305109.3907073,1031065.14440304,7033.0,3.8426271806011236e-10,7511.0,BID
746,1712305110.9110856,1031065.14440304,7033.0,0.0,7511.0,BID
747,1712305136.130726,1031115.96913797,7033.0,2.898660010555576e-09,7511.0,BID
748,1712305140.6425922,1031115.96913797,7033.0,0.0,7511.0,BID
749,1712305152.6306307,1031175.18521655,7033.0,-3.377170191256736e-09,7511.0,ASK
750,1712305155.3144035,1031176.18521655,7032.0,-5.703130420387064e-11,7511.0,ASK
751,1712305155.3195436,1031219.83432487,7032.0,-2.489365574826132e-09,7511.0,ASK
752,1712305155.7906473,1031221.25679997,7030.0,-8.112561015220004e-11,7511.0,ASK
753,1712305155.7963388,1031271.89272312,7030.0,-2.887832736811209e-09,7511.0,ASK
754,1712305155.8769877,1031449.79101614,7030.0,-1.0145771666571276e-08,7511.0,ASK
755,1712305155.879903,1031498.69280634,7030.0,-2.7889328730120078e-09,7511.0,ASK
756,1712305170.6412866,1031498.69280634,7030.0,-0.0,7511.0,ASK
757,1712305180.820464,1031500.66807989,7037.0,1.126351416483956e-10,7511.0,BID
758,1712305197.1706586,1031503.5138397,7028.0,-1.6227249097687288e-10,7511.0,ASK
759,1712305197.1771045,1031569.67166807,7028.0,-3.7724883067254564e-09,7511.0,ASK
760,1712305200.7805226,1031569.67166807,7028.0,-0.0,7511.0,ASK
761,1712305209.6041763,1031591.31856342,7027.0,-1.2366553746820451e-09,7511.0,ASK
762,1712305209.7041235,1031621.57784831,7027.0,-1.7286685544658302e-09,7511.0,ASK
763,1712305213.9933443,1031675.86909699,7027.0,-3.101579390156057e-09,7511.0,ASK
764,1712305214.4406323,1031678.98534513,7027.0,-1.7802668460609408e-10,7511.0,ASK
765,1712305216.8106756,1031708.03331226,7027.0,-1.6594677478809371e-09,7511.0,ASK
766,1712305217.973579,1031744.28309198,7027.0,-2.070896735860886e-09,7511.0,ASK
767,1712305219.200531,1031824.86845512,7027.0,-4.603723574981802e-09,7511.0,ASK
768,1712305219.3298998,1031885.29495644,7027.0,-3.4520773728750403e-09,7511.0,ASK
769,1712305219.4861531,1032006.52565521,7027.0,-6.925731971569459e-09,7511.0,ASK
770,1712305223.4706316,1032569.67166807,7027.0,-3.217170556217736e-08,7511.0,ASK
771,1712305223.4834332,1033371.01569889,7026.0,-4.57796088844136e-08,7511.0,ASK
772,1712305223.4885747,1033399.47734681,7027.0,-1.625972191561499e-09,7511.0,ASK
773,1712305230.5906298,1033399.47734681,7027.0,-0.0,7511.0,ASK
774,1712305247.5305672,1033541.78558645,7035.0,8.123893834615998e-09,7511.0,BID
775,1712305255.1008573,1033791.34422184,7034.0,1.4246454488856564e-08,7511.0,BID
776,1712305258.5632825,1033978.87382587,7037.0,1.0705427864480909e-08,7511.0,BID
777,1712305258.571954,1034029.08926984,7037.0,2.8666290631020113e-09,7511.0,BID
778,1712305258.5956275,1034029.08927075,7037.0,5.1943222184839793e-17,7511.0,BID
779,1712305258.9666605,1034289.17187075,7040.0,1.4847231867789364e-08,7511.0,BID
780,1712305260.9147854,1034289.17187075,7040.0,0.0,7511.0,BID
781,1712305262.3279622,1034572.05006975,7045.0,1.6142785848511247e-08,7511.0,BID
782,1712305262.43147,1034854.88101375,7045.0,1.6140089184895688e-08,7511.0,BID
783,1712305262.48552,1035580.64693837,7045.0,4.141670845863197e-08,7511.0,BID
784,1712305262.4908023,1035600.64693837,7045.0,1.1413241391931831e-09,7511.0,BID
785,1712305263.030487,1035601.50078781,7047.0,4.872594885532393e-11,7511.0,BID
786,1712305266.287933,1035806.00886819,7048.0,1.1670500439889827e-08,7511.0,BID
787,1712305266.8405054,1036010.51694857,7047.0,1.1670500439889827e-08,7511.0,BID
788,1712305267.4228592,1036215.02502895,7049.0,1.1670500439883184e-08,7511.0,BID
789,1712305267.981879,1036419.53310933,7048.0,1.1670500439889827e-08,7511.0,BID
790,1712305268.1904197,1036624.0411897,7045.0,1.1670500439318495e-08,7511.0,BID
791,1712305268.2904644,1036635.01847765,7049.0,-6.26432186010142e-10,7511.0,ASK
792,1712305268.510579,1036828.54927008,7048.0,1.1044068253879686e-08,7511.0,BID
793,1712305268.795578,1037099.4793968,7044.0,1.5460954683009732e-08,7511.0,BID
794,1712305268.8022995,1037159.96433287,7044.0,3.451645879708377e-09,7511.0,BID
795,1712305269.075056,1037364.47241325,7050.0,1.1670500439889827e-08,7511.0,BID
796,1712305269.0909128,1038073.47241325,7051.0,4.045994073439835e-08,7511.0,BID
797,1712305269.64038,1038277.98049363,7051.0,1.1670500439889827e-08,7511.0,BID
798,1712305269.971006,1038301.98049363,7045.0,-1.3695889670318201e-09,7511.0,ASK
799,1712305270.2082827,1038411.18958363,7050.0,6.2321485318104565e-09,7511.0,BID
800,1712305270.443273,1038506.488574,7050.0,5.438351907501398e-09,7511.0,BID
801,1712305270.7737114,1038524.3581292,7045.0,-1.019747735319366e-09,7511.0,ASK
802,1712305270.8881726,1038542.2276844,7045.0,-1.0197477353260103e-09,7511.0,ASK
803,1712305274.8043594,1038552.92581589,7051.0,6.10501785685233e-10,7511.0,BID
804,1712305274.862325,1038798.2276844,7051.0,1.3998447195987512e-08,7511.0,BID
805,1712305274.866096,1038971.68221989,7051.0,9.898392420358288e-09,7511.0,BID
806,1712305274.962157,1039148.4376844,7051.0,1.0086763918981823e-08,7511.0,BID
807,1712305275.644479,1039185.99030221,7051.0,-2.1429854598206204e-09,7511.0,ASK
808,1712305276.5364077,1039212.27713468,7051.0,-1.5000898220458335e-09,7511.0,ASK
809,1712305277.593738,1039354.10098945,7053.0,8.093349448124075e-09,7511.0,BID
810,1712305277.710482,1039372.50177218,7051.0,-1.050062875487888e-09,7511.0,ASK
811,1712305278.7404268,1039402.89985437,7051.0,-1.734703249435653e-09,7511.0,ASK
812,1712305278.9422915,1039415.4369319,7051.0,-7.15443460992732e-10,7511.0,ASK
813,1712305278.9486008,1039474.72735733,7051.0,-3.383479688317585e-09,7511.0,ASK
814,1712305279.022814,1039527.57028089,7051.0,-3.015545212225381e-09,7511.0,ASK
815,1712305279.3008044,1039570.45413036,7051.0,-2.4472186290853844e-09,7511.0,ASK
816,1712305279.362165,1039920.71413036,7051.0,-1.998800964969075e-08,7511.0,ASK
817,1712305279.4107578,1039932.3017634,7046.0,-6.61262265228586e-10,7511.0,ASK
818,1712305279.4168591,1039962.97010457,7051.0,-1.7501259043203711e-09,7511.0,ASK
819,1712305279.4301698,1039975.20854516,7046.0,-6.98401383571251e-10,7511.0,ASK
820,1712305279.4805758,1040035.13769016,7045.0,3.419928991482209e-09,7511.0,BID
821,1712305279.4850202,1040035.1376904,7045.0,1.3698651309918753e-17,7511.0,BID
822,1712305280.0606449,1040243.5238354,7053.0,1.189180687809536e-08,7511.0,BID
823,1712305280.251284,1040303.26197548,7050.0,-3.409029065190831e-09,7511.0,ASK
824,1712305280.2869325,1040362.73648894,7050.0,-3.3939848939305807e-09,7511.0,ASK
825,1712305280.291757,1040379.44712723,7050.0,-9.536127430873323e-10,7511.0,ASK
826,1712305280.3705206,1040417.20648552,7050.0,-2.1547833548411086e-09,7511.0,ASK
1027,1712305280.5305638,1040535.56793768,7050.0,-6.754439125011433e-09,7511.0,ASK
827,1712305280.5305638,1040535.56793768,7050.0,-6.7544391250114335e-09,7511.0,ASK
828,1712305280.5591671,1040535.56793791,7053.0,1.31206771760861e-17,7511.0,BID
829,1712305280.564349,1040631.12613541,7050.0,-5.453143875230852e-09,7511.0,ASK
830,1712305280.5691698,1040641.54659126,7053.0,-5.946558901479401e-10,7511.0,ASK
1030,1712305280.5691698,1040641.54659126,7053.0,-5.9465589014794e-10,7511.0,ASK
831,1712305280.590742,1040729.69256102,7050.0,-5.030156152985281e-09,7511.0,ASK
832,1712305280.6506493,1040934.20064057,7057.0,1.1670500392522522e-08,7511.0,BID
833,1712305280.6631727,1040935.61807502,7055.0,8.088760767579948e-11,7511.0,BID
834,1712305280.8742204,1041005.88767838,7050.0,-4.010019728313702e-09,7511.0,ASK
835,1712305280.9178734,1041105.57393142,7050.0,-5.6887163470125225e-09,7511.0,ASK
1035,1712305280.9178734,1041105.57393142,7050.0,-5.688716347012522e-09,7511.0,ASK
836,1712305288.0606613,1041163.57393106,7058.0,3.309839983118898e-09,7511.0,BID
837,1712305288.071269,1041177.74940642,7058.0,8.08940610645922e-10,7511.0,BID
838,1712305288.1405723,1041301.78250106,7060.0,7.078098248573592e-09,7511.0,BID
839,1712305288.1505497,1041301.78250142,7058.0,2.054133358402948e-17,7511.0,BID
1039,1712305288.1505497,1041301.78250142,7058.0,2.0541333584029478e-17,7511.0,BID
840,1712305288.3907046,1041311.94008982,7056.0,5.79655041842391e-10,7511.0,BID
841,1712305288.871688,1041362.27736358,7050.0,-2.8725572821731947e-09,7511.0,ASK
842,1712305290.9326065,1041362.27736358,7050.0,-0.0,7511.0,ASK
843,1712305292.1020975,1041466.31938666,7050.0,-5.9204381838090505e-09,7511.0,ASK
1043,1712305292.1020975,1041466.31938666,7050.0,-5.92043818380905e-09,7511.0,ASK
844,1712305295.900907,1041508.82752482,7060.0,-2.418895719582356e-09,7511.0,ASK
845,1712305295.9054086,1041707.92752482,7060.0,-1.1329645536489469e-08,7511.0,ASK
846,1712305295.928071,1041776.20182292,7060.0,-3.885100937850776e-09,7511.0,ASK
847,1712305295.9606135,1041800.89225568,7053.0,1.404991719306488e-09,7511.0,BID
848,1712305296.280784,1041800.89225569,7053.0,5.630852243185939e-19,7511.0,BID
849,1712305299.1909409,1041942.73622732,7060.0,8.071531491999028e-09,7511.0,BID
850,1712305310.266182,1041992.96164611,7050.0,-2.858042148732425e-09,7511.0,ASK
851,1712305320.6530397,1041992.96164611,7050.0,-0.0,7511.0,ASK
852,1712305320.6924894,1041995.84585885,7050.0,-1.6408254021755368e-10,7511.0,ASK
853,1712305320.6993191,1043676.22571704,7050.0,-9.559662220421621e-08,7511.0,ASK
854,1712305320.784402,1043737.27723716,7050.0,3.4732141518238083e-09,7511.0,BID
855,1712305346.8710575,1043738.69226475,7067.0,8.050076134318577e-11,7511.0,BID
856,1712305350.6610088,1043738.69226475,7067.0,0.0,7511.0,BID
857,1712305354.4511478,1043738.96808454,7067.0,1.5680378105062048e-11,7511.0,BID
858,1712305354.4567332,1043745.32312507,7069.0,3.612845851081036e-10,7511.0,BID
859,1712305380.021097,1043763.338355,7069.0,-1.024167326739516e-09,7511.0,ASK
860,1712305380.0423288,1043886.71515362,7069.0,-7.013981309975509e-09,7511.0,ASK
861,1712305380.1811757,1043929.13276218,7062.0,2.411444590726615e-09,7511.0,BID
862,1712305380.7512283,1043929.13276218,7062.0,0.0,7511.0,BID
863,1712305383.2016327,1043939.06613217,7064.0,-5.64669707610244e-10,7511.0,ASK
864,1712305383.2058525,1043974.58162934,7064.0,-2.018904502961462e-09,7511.0,ASK
865,1712305384.4011145,1043992.45855258,7064.0,-1.016226822215045e-09,7511.0,ASK
866,1712305385.7913702,1044014.57500368,7064.0,-1.257225894984553e-09,7511.0,ASK
867,1712305387.4154358,1044058.53450223,7070.0,-2.4989099588269903e-09,7511.0,ASK
868,1712305387.591239,1044685.32916923,7070.0,-3.5630602876934853e-08,7511.0,ASK
869,1712305387.597928,1044957.85677937,7070.0,-1.5492032018039755e-08,7511.0,ASK
870,1712305387.6110637,1045905.89923537,7070.0,-5.3892169220087616e-08,7511.0,ASK
871,1712305387.6311717,1045944.44359969,7070.0,-2.191082679122168e-09,7511.0,ASK
872,1712305387.676223,1046012.50124651,7070.0,-3.868786883889226e-09,7511.0,ASK
873,1712305387.6911623,1046054.91885586,7070.0,-2.41126013559552e-09,7511.0,ASK
874,1712305387.731135,1046071.91713871,7070.0,-9.662798643737912e-10,7511.0,ASK
875,1712305387.8412592,1046114.33474806,7070.0,-2.4112601355889022e-09,7511.0,ASK
876,1712305387.8483908,1046564.32304719,7070.0,-2.55799151296377e-08,7511.0,ASK
877,1712305388.6811855,1046849.21304719,7070.0,-1.6194781142914962e-08,7511.0,ASK
878,1712305388.70411,1046849.21722995,7070.0,-2.3777206333652056e-13,7511.0,ASK
879,1712305388.7098167,1046867.4515481,7064.0,-1.036543198178615e-09,7511.0,ASK
880,1712305400.0112953,1046915.27121234,7064.0,-2.718343910612644e-09,7511.0,ASK
881,1712305400.0311506,1046917.20785892,7064.0,1.1009009622743712e-10,7511.0,BID
882,1712305409.3525908,1047313.72258145,7064.0,-2.254017042127557e-08,7511.0,ASK
1082,1712305409.3525908,1047313.72258145,7064.0,-2.2540170421275572e-08,7511.0,ASK
883,1712305410.6344123,1047313.72258145,7064.0,-0.0,7511.0,ASK
884,1712305440.9413335,1047313.72258145,7064.0,-0.0,7511.0,ASK
885,1712305457.8914478,1047315.60827006,7073.0,1.070477598454291e-10,7511.0,BID
886,1712305470.9316509,1047315.60827006,7073.0,0.0,7511.0,BID
887,1712305480.9116528,1047317.60827006,7079.0,1.1353696281057674e-10,7511.0,BID
888,1712305480.9274712,1047673.69417006,7079.0,2.0214455792832385e-08,7511.0,BID
889,1712305481.0615623,1047744.38553157,7079.0,4.013041241392796e-09,7511.0,BID
890,1712305483.6015737,1047763.21569862,7079.0,1.0689599880368375e-09,7511.0,BID
891,1712305487.424472,1047765.9985426,7080.0,1.5797782673283886e-10,7511.0,BID
892,1712305487.4308083,1047931.51579861,7080.0,9.3961632700632e-09,7511.0,BID
893,1712305487.4367816,1047931.51579862,7079.0,5.617412877559559e-19,7511.0,BID
894,1712305487.9634442,1047965.17589862,7080.0,1.9108327609555714e-09,7511.0,BID
895,1712305498.511647,1047973.59087199,7080.0,4.777052592760716e-10,7511.0,BID
896,1712305500.665424,1047973.59087199,7080.0,0.0,7511.0,BID
897,1712305515.6849031,1048030.08804714,7080.0,-3.2120894688556115e-09,7511.0,ASK
898,1712305517.6716385,1048031.50027705,7081.0,8.029089612315971e-11,7511.0,BID
899,1712305530.6616015,1048031.50027705,7081.0,0.0,7511.0,BID
900,1712305536.3417392,1048034.31178172,7089.0,1.5984151444790558e-10,7511.0,BID
901,1712305536.3519,1048698.03164211,7090.0,3.7734238460744004e-08,7511.0,BID
902,1712305536.3578012,1048740.62924871,7089.0,2.4217871744229953e-09,7511.0,BID
903,1712305560.9518294,1048740.62924871,7089.0,0.0,7511.0,BID
904,1712305561.4319303,1048756.16377773,7081.0,-8.829268978418421e-10,7511.0,ASK
905,1712305561.4393885,1049163.82010778,7081.0,-2.3169723292981152e-08,7511.0,ASK
906,1712305590.9320362,1049163.82010778,7081.0,-0.0,7511.0,ASK
907,1712305620.7053056,1049163.82010778,7081.0,-0.0,7511.0,ASK
908,1712305642.5621831,1049235.70356893,7086.0,-4.084902315250308e-09,7511.0,ASK
909,1712305650.6656723,1049235.70356893,7086.0,-0.0,7511.0,ASK
910,1712305652.022158,1049289.61616479,7086.0,-3.063588058839817e-09,7511.0,ASK
911,1712305653.0519068,1049302.32565022,7086.0,-7.222176409127101e-10,7511.0,ASK
1111,1712305653.0519068,1049302.32565022,7086.0,-7.2221764091271e-10,7511.0,ASK
912,1712305680.955221,1049302.32565022,7086.0,-0.0,7511.0,ASK
913,1712305685.752226,1049356.30985342,7094.0,3.067574860867939e-09,7511.0,BID
1113,1712305685.752226,1049356.30985342,7094.0,3.0675748608679392e-09,7511.0,BID
914,1712305685.7598505,1049400.98049693,7094.0,2.5383451996681833e-09,7511.0,BID
915,1712305690.9524384,1049403.73525918,7094.0,1.5653541082156244e-10,7511.0,BID
916,1712305690.960293,1049498.90477167,7094.0,5.407870946149175e-09,7511.0,BID
917,1712305696.2923768,1049604.90477167,7094.0,-6.023297853414812e-09,7511.0,ASK
918,1712305698.8222332,1049727.90477167,7094.0,-6.989298452547375e-09,7511.0,ASK
919,1712305710.9421866,1049727.90477167,7094.0,-0.0,7511.0,ASK
920,1712305717.5222137,1049874.87774567,7094.0,-8.350095801163177e-09,7511.0,ASK
921,1712305726.6143785,1049928.42276036,7091.0,-3.042096721369548e-09,7511.0,ASK
922,1712305726.6215167,1049928.4227609,7094.0,-3.0688954946897886e-17,7511.0,ASK
1122,1712305726.6215167,1049928.4227609,7094.0,-3.068895494689789e-17,7511.0,ASK
923,1712305738.062326,1049929.15302406,7097.0,4.148903828229787e-11,7511.0,BID
924,1712305738.0669563,1049995.27201869,7099.0,3.756472529680759e-09,7511.0,BID
925,1712305738.0704467,1049998.85592675,7098.0,2.0361550038708863e-10,7511.0,BID
926,1712305740.6129854,1049998.85592675,7098.0,0.0,7511.0,BID
927,1712305746.4144738,1050040.56208975,7092.0,-2.3692276028836403e-09,7511.0,ASK
928,1712305746.672316,1050040.56209002,7092.0,-1.532957527144395e-17,7511.0,ASK
929,1712305748.2925768,1050429.64429102,7086.0,-2.2102831430411413e-08,7511.0,ASK
930,1712305748.3855636,1050429.64429179,7086.0,-4.3740211753809433e-17,7511.0,ASK
931,1712305748.39049,1050570.71701502,7085.0,-8.014004786057371e-09,7511.0,ASK
932,1712305758.5123582,1050763.90381521,7082.0,-1.0974481146156816e-08,7511.0,ASK
933,1712305758.520001,1050763.90381602,7085.0,-4.601517892092622e-17,7511.0,ASK
934,1712305762.4323716,1050863.70644329,7082.0,-5.669549111186088e-09,7511.0,ASK
1135,1712305766.4523492,1050928.10204429,7081.0,-3.658160435258287e-09,7511.0,ASK
935,1712305766.4523492,1050928.10204429,7081.0,-3.6581604352582872e-09,7511.0,ASK
936,1712305767.2124176,1051020.70644329,7081.0,-5.260634939228568e-09,7511.0,ASK
937,1712305770.6532269,1051020.70644329,7081.0,-0.0,7511.0,ASK
938,1712305772.1322448,1051091.32791129,7080.0,-4.010187976240554e-09,7511.0,ASK
1139,1712305772.2524288,1051091.32791221,7080.0,-5.223663083557058e-17,7511.0,ASK
939,1712305772.2524288,1051091.32791221,7080.0,-5.2236630835570576e-17,7511.0,ASK
940,1712305779.0826266,1051105.45619703,7078.0,-8.02264233724688e-10,7511.0,ASK
941,1712305800.712374,1051105.45619703,7078.0,-0.0,7511.0,ASK
942,1712305805.2124877,1051181.74893503,7078.0,-4.3462193621414705e-09,7511.0,ASK
943,1712305810.1454413,1051308.34615597,7075.0,-7.211948440502325e-09,7511.0,ASK
944,1712305810.150151,1051308.34615603,7078.0,-3.422065246877145e-18,7511.0,ASK
945,1712305811.905501,1051338.49310403,7075.0,-1.717401322083572e-09,7511.0,ASK
946,1712305812.3625002,1051338.4931047,7075.0,-3.81732704671024e-17,7511.0,ASK
947,1712305812.4058974,1051355.44225603,7073.0,-9.655536242760763e-10,7511.0,ASK
948,1712305812.4624536,1051355.44225724,7073.0,-6.893206623263766e-17,7511.0,ASK
949,1712305812.4723406,1051520.73118278,7070.0,-9.416124618934018e-09,7511.0,ASK
950,1712305830.6329126,1051520.73118278,7070.0,-0.0,7511.0,ASK
951,1712305838.4871373,1051529.2390384,7065.0,-4.845916024648401e-10,7511.0,ASK
952,1712305844.8923948,1051545.1805344,7065.0,9.079979065749579e-10,7511.0,BID
953,1712305844.900213,1051903.56025722,7065.0,2.0412641202313962e-08,7511.0,BID
954,1712305844.9144971,1052095.18356222,7065.0,1.0914506379410896e-08,7511.0,BID
955,1712305852.532691,1052136.88972549,7063.0,-2.3755053440401004e-09,7511.0,ASK
956,1712305860.953202,1052136.88972549,7063.0,-0.0,7511.0,ASK
957,1712305861.7330852,1052148.28433549,7065.0,6.488548736249052e-10,7511.0,BID
958,1712305861.7410192,1052270.36117355,7065.0,6.9515456282666565e-09,7511.0,BID
959,1712305861.7529323,1052604.69389731,7065.0,1.9038248542297844e-08,7511.0,BID
960,1712305861.7567823,1053002.43162392,7065.0,2.264878414739709e-08,7511.0,BID
961,1712305861.7731154,1053044.99085217,7065.0,2.423493447114944e-09,7511.0,BID
962,1712305861.779061,1053113.50442992,7065.0,3.901438384674079e-09,7511.0,BID
963,1712305872.4930089,1053122.52287294,7065.0,-5.135463790234928e-10,7511.0,ASK
964,1712305877.7984686,1053227.45129503,7063.0,-5.975045925617501e-09,7511.0,ASK
965,1712305877.8046207,1053228.17754715,7063.0,-4.135571358138904e-11,7511.0,ASK
966,1712305877.82025,1053836.06113061,7063.0,-3.4615333541206937e-08,7511.0,ASK
967,1712305877.9751372,1053941.10934641,7062.0,-5.9818674607515995e-09,7511.0,ASK
968,1712305890.9344192,1053941.10934641,7062.0,-0.0,7511.0,ASK
969,1712305920.643036,1053941.10934641,7062.0,-0.0,7511.0,ASK
970,1712305938.9829938,1053942.10014612,7065.0,5.637919871611738e-11,7511.0,BID
971,1712305945.7032447,1054009.53639374,7055.0,-3.837305932941376e-09,7511.0,ASK
972,1712305950.6744432,1054009.53639374,7055.0,-0.0,7511.0,ASK
973,1712305980.7030382,1054009.53639374,7055.0,-0.0,7511.0,ASK
974,1712305997.0784178,1054057.67803796,7055.0,-2.7393152629725e-09,7511.0,ASK
975,1712306010.6053207,1054057.67803796,7055.0,-0.0,7511.0,ASK
976,1712306030.4502563,1054367.00647396,7055.0,-1.7600805795281028e-08,7511.0,ASK
977,1712306030.456671,1054511.67238825,7055.0,-8.231498841634925e-09,7511.0,ASK
978,1712306040.9554331,1054511.67238825,7055.0,-0.0,7511.0,ASK
979,1712306070.9530542,1054511.67238825,7055.0,-0.0,7511.0,ASK
980,1712306100.6255991,1054511.67238825,7055.0,-0.0,7511.0,ASK
981,1712306130.5858393,1054511.67238825,7055.0,-0.0,7511.0,ASK
982,1712306160.9237144,1054511.67238825,7055.0,-0.0,7511.0,ASK
983,1712306161.1042736,1054874.17211911,7056.0,-2.067159677138825e-08,7511.0,ASK
984,1712306163.872723,1055015.84472717,7055.0,-8.078899866826545e-09,7511.0,ASK
985,1712306163.8764474,1055088.21109536,7055.0,-4.126702051579929e-09,7511.0,ASK
986,1712306170.3848765,1055169.44329414,7047.0,-4.6322772545207005e-09,7511.0,ASK
987,1712306170.393079,1055170.8623377,7047.0,-8.092115325089478e-11,7511.0,ASK
988,1712306190.9572642,1055170.8623377,7047.0,-0.0,7511.0,ASK
989,1712306191.3039732,1055172.2825905,7041.0,-8.096863879990046e-11,7511.0,ASK
990,1712306200.4028642,1055861.53276728,7041.0,-3.929416552246265e-08,7511.0,ASK
991,1712306217.522787,1055862.95382739,7037.0,-8.101466355752829e-11,7511.0,ASK
992,1712306220.6441722,1055862.95382739,7037.0,-0.0,7511.0,ASK
993,1712306223.148107,1055864.37569572,7033.0,-8.103822693812185e-11,7511.0,ASK
994,1712306225.182891,1055865.79776625,7032.0,-8.104975115723079e-11,7511.0,ASK
1195,1712306225.1908383,1055967.20736926,7032.0,-5.7797576951745815e-09,7511.0,ASK
995,1712306225.1908383,1055967.20736926,7032.0,-5.779757695174581e-09,7511.0,ASK
996,1712306250.6527894,1055967.20736926,7032.0,-0.0,7511.0,ASK
997,1712306280.9426887,1055967.20736926,7032.0,-0.0,7511.0,ASK
998,1712306295.1229706,1055985.82789403,7032.0,-1.0612172962960223e-09,7511.0,ASK
999,1712306295.1310802,1055987.24996456,7032.0,-8.104636478563967e-11,7511.0,ASK
1000,1712306299.4293275,1056009.86948456,7032.0,1.289127248278916e-09,7511.0,BID
1201,1712306304.902783,1056009.8694853,7032.0,4.217027519144011e-17,7511.0,BID
1202,1712306304.9831896,1056038.25035659,7030.0,-1.617477051209777e-09,7511.0,ASK
1203,1712306304.9857478,1056094.65688323,7035.0,-3.2147097052405803e-09,7511.0,ASK
1204,1712306304.9883108,1056096.07915602,7031.0,-8.105789194676577e-11,7511.0,ASK
1205,1712306304.9908466,1056125.95113325,7030.0,-1.7024578685550521e-09,7511.0,ASK
1206,1712306305.9679396,1056134.91017761,7032.0,-5.105920993477602e-10,7511.0,ASK
1207,1712306310.955659,1056134.91017761,7032.0,-0.0,7511.0,ASK
1208,1712306315.7829747,1056140.01328738,7026.0,-2.908158848351708e-10,7511.0,ASK
1209,1712306333.8727765,1056328.24328738,7026.0,-1.0726846270179068e-08,7511.0,ASK
1210,1712306333.8748732,1056348.48961943,7026.0,-1.153797436293928e-09,7511.0,ASK
1211,1712306333.9928646,1056534.96507157,7026.0,1.0626858143058118e-08,7511.0,BID
1212,1712306333.995507,1056640.01328738,7026.0,5.9864849490135645e-09,7511.0,BID
1213,1712306334.172886,1056659.617728,7033.0,-1.117217344434631e-09,7511.0,ASK
1214,1712306334.2128167,1056659.61772802,7033.0,-1.1410950052900438e-18,7511.0,ASK
1215,1712306335.642775,1056668.96115727,7040.0,5.324630994020906e-10,7511.0,BID
1216,1712306340.595454,1056668.96115727,7040.0,0.0,7511.0,BID
1217,1712306359.60314,1056670.38363237,7030.0,-8.104664178450369e-11,7511.0,ASK
1218,1712306370.6057222,1056670.38363237,7030.0,-0.0,7511.0,ASK
1219,1712306390.6227567,1056671.80610747,7030.0,-8.104659560756624e-11,7511.0,ASK
1220,1712306400.7216988,1056671.80610747,7030.0,-0.0,7511.0,ASK
1221,1712306403.5927742,1056673.22858257,7030.0,-8.108439724428049e-11,7511.0,ASK
1222,1712306412.5226982,1056674.65207011,7025.0,-8.114210867566772e-11,7511.0,ASK
1223,1712306412.5328536,1056721.4843121,7025.0,-2.669546984190092e-09,7511.0,ASK
1224,1712306412.5355678,1056731.4843121,7025.0,-5.70023315294676e-10,7511.0,ASK
1225,1712306412.6044085,1057698.88694555,7025.0,-5.514420563439663e-08,7511.0,ASK
1226,1712306413.60255,1057700.31063575,7024.0,-8.115366076721716e-11,7511.0,ASK
1227,1712306413.6048355,1058710.31063575,7024.0,-5.757235484476234e-08,7511.0,ASK
1228,1712306414.4127436,1058711.73452867,7023.0,-8.116521629618597e-11,7511.0,ASK
1229,1712306415.8828244,1059423.42638994,7022.0,-4.0568095422936174e-08,7511.0,ASK
1230,1712306416.4426732,1059424.42638994,7021.0,-5.7002331529467626e-11,7511.0,ASK
1231,1712306417.702877,1059495.61586642,7020.0,-4.057966139722713e-09,7511.0,ASK
1232,1712306417.872684,1059505.08131909,7031.0,5.39552871165376e-10,7511.0,BID
1233,1712306422.5266976,1059509.35421468,7021.0,-2.43565011008362e-10,7511.0,ASK
1234,1712306425.3829548,1059510.35421468,7016.0,-5.7002331529467626e-11,7511.0,ASK
1235,1712306425.3859138,1059511.80699918,7021.0,-8.281210371470667e-11,7511.0,ASK
1236,1712306429.7928193,1059984.27873171,7015.0,-2.6931990335979552e-08,7511.0,ASK
1237,1712306429.8026516,1059985.70424846,7015.0,-8.125777838231569e-11,7511.0,ASK
1238,1712306429.8928764,1060087.40330651,7015.0,-5.797083423203919e-09,7511.0,ASK
1239,1712306430.5984628,1060087.40330651,7015.0,-0.0,7511.0,ASK
1240,1712306431.962813,1060110.68841424,7016.0,-1.3254931895442666e-09,7511.0,ASK
1241,1712306436.2828002,1060191.87343061,7021.0,-4.621416724343417e-09,7511.0,ASK
1242,1712306439.7326522,1060193.29874417,7016.0,-8.113526631414969e-11,7511.0,ASK
1243,1712306441.512124,1060264.59490843,7013.0,-4.0584987307444645e-09,7511.0,ASK
1244,1712306441.515246,1060266.02083171,7013.0,-8.116997431614935e-11,7511.0,ASK
1245,1712306442.0321736,1060267.44695835,7012.0,-8.118155048909388e-11,7511.0,ASK
1246,1712306442.034467,1060281.70822475,7012.0,-8.11815504851177e-10,7511.0,ASK
1247,1712306442.0367196,1060283.13353831,7016.0,-8.113526631414969e-11,7511.0,ASK
1248,1712306446.1028547,1060284.13353831,7011.0,-5.692450320249141e-11,7511.0,ASK
1249,1712306447.7428443,1060355.42456897,7010.0,-4.0582065031162924e-09,7511.0,ASK
1250,1712306447.7528894,1060358.20623395,7010.0,-1.5834489706851738e-10,7511.0,ASK
1251,1712306447.755842,1060503.64125128,7010.0,-8.278816109748779e-09,7511.0,ASK
1252,1712306460.9427495,1060503.64125128,7010.0,-0.0,7511.0,ASK
1253,1712306463.839389,1060560.70259222,7010.0,-3.2476488234873043e-09,7511.0,ASK
1254,1712306463.8434024,1060569.26179335,7010.0,-4.871473229075603e-10,7511.0,ASK
1255,1712306465.3795824,1060583.52406435,7008.0,-8.117378047885192e-10,7511.0,ASK
1256,1712306465.380977,1060584.95100498,7008.0,-8.121439106984239e-11,7511.0,ASK
1257,1712306472.272958,1060586.37835296,7006.0,-8.123757542788642e-11,7511.0,ASK
1258,1712306472.276043,1060587.37835296,7006.0,-5.6915045633171066e-11,7511.0,ASK
1259,1712306490.9626715,1060587.37835296,7006.0,-0.0,7511.0,ASK
1260,1712306520.673659,1060587.37835296,7006.0,-0.0,7511.0,ASK
1261,1712306546.2129316,1060590.23304893,7006.0,-1.6246972383358548e-10,7511.0,ASK
1262,1712306546.216006,1060593.0877449,7006.0,-1.6246972383358548e-10,7511.0,ASK
1263,1712306546.218825,1060650.34489806,7006.0,-3.2586846232608834e-09,7511.0,ASK
1264,1712306550.5894532,1060650.34489806,7006.0,-0.0,7511.0,ASK
1265,1712306580.738973,1060650.34489806,7006.0,-0.0,7511.0,ASK
1266,1712306587.0327675,1060662.98670244,7006.0,-7.19466774058843e-10,7511.0,ASK
1267,1712306610.6182013,1060662.98670244,7006.0,-0.0,7511.0,ASK
1268,1712306626.642869,1060677.26018231,7006.0,-8.123241306999848e-10,7511.0,ASK
1269,1712306626.6454833,1061579.85510095,7006.0,-5.1367966280508886e-08,7511.0,ASK
1270,1712306626.6485748,1061591.22856917,7006.0,-6.47280324708334e-10,7511.0,ASK
1271,1712306626.6827922,1061716.73813392,7006.0,7.1429286347719724e-09,7511.0,BID
1272,1712306626.7027454,1061790.24010549,7006.0,4.18310220807715e-09,7511.0,BID
1273,1712306640.9337673,1061790.24010549,7006.0,0.0,7511.0,BID
1274,1712306656.382783,1061804.01421017,7006.0,-7.835517999326301e-10,7511.0,ASK
1275,1712306670.9385452,1061804.01421017,7006.0,-0.0,7511.0,ASK
1276,1712306689.7228084,1061831.22829363,7013.0,1.548088062153569e-09,7511.0,BID
1277,1712306689.7259765,1061951.35367813,7013.0,6.8333983754525355e-09,7511.0,BID
1278,1712306689.7291555,1063689.35367813,7016.0,9.886708313957397e-08,7511.0,BID
1279,1712306689.738114,1064034.69508163,7019.0,1.9644935127368315e-08,7511.0,BID
1280,1712306700.6951373,1064034.69508163,7019.0,0.0,7511.0,BID
1281,1712306704.4415548,1064177.16551901,7015.0,8.107058108692968e-09,7511.0,BID
1282,1712306710.3426516,1064186.76698129,7012.0,5.46356241077893e-10,7511.0,BID
1283,1712306721.8611789,1064188.19432927,7006.0,-8.122101137451542e-11,7511.0,ASK
1284,1712306721.8636756,1064202.96718433,7006.0,-8.40626284347564e-10,7511.0,ASK
1285,1712306721.8660908,1064209.38650129,7005.0,-3.6528122302597047e-10,7511.0,ASK
1286,1712306726.5527153,1064210.24217728,7005.0,-4.8690908097639646e-11,7511.0,ASK
1287,1712306730.6581168,1064210.24217728,7005.0,-0.0,7511.0,ASK
1288,1712306745.9325786,1064594.05622028,7005.0,-2.183880966389808e-08,7511.0,ASK
1289,1712306746.012919,1064595.48377202,7005.0,-8.122691523563701e-11,7511.0,ASK
1290,1712306746.0163665,1064918.17061044,7005.0,-1.8360705070123532e-08,7511.0,ASK
1291,1712306746.0191252,1064989.54819728,7005.0,-4.061345752442056e-09,7511.0,ASK
1292,1712306746.0326376,1064989.54819787,7005.0,-3.35702713630487e-17,7511.0,ASK
1293,1712306760.942408,1064989.54819787,7005.0,-0.0,7511.0,ASK
1294,1712306765.7141402,1064990.97656524,7001.0,-8.124808715331758e-11,7511.0,ASK
1295,1712306765.7202678,1065006.260239,7001.0,-8.693626609804829e-10,7511.0,ASK
1296,1712306765.722852,1065115.48281638,7000.0,-6.212775279112042e-09,7511.0,ASK
1297,1712306765.7253318,1065766.84063193,7000.0,-3.7050395910594016e-08,7511.0,ASK
1298,1712306765.8942366,1065979.45641799,7002.0,-1.2093965654981658e-08,7511.0,ASK
1299,1712306765.9210472,1066120.2973537,7002.0,-8.011283973114978e-09,7511.0,ASK
1300,1712306765.9236493,1066243.471893,7002.0,-7.006387792113545e-09,7511.0,ASK
1301,1712306786.804606,1066265.51472361,7002.0,1.253835574843369e-09,7511.0,BID
1302,1712306790.945379,1066265.51472361,7002.0,0.0,7511.0,BID
1303,1712306791.7629335,1066274.03926997,6999.0,-4.8464516803751e-10,7511.0,ASK
1304,1712306791.7673087,1066769.28862261,6997.0,-2.8156361123594826e-08,7511.0,ASK
1305,1712306791.770378,1066770.05895961,6998.0,-4.37958911887698e-11,7511.0,ASK
1306,1712306791.8229842,1066831.9127904,6997.0,-3.516569556961135e-09,7511.0,ASK
1307,1712306791.9698834,1066875.2570414,6996.0,-2.464246297919687e-09,7511.0,ASK
1308,1712306791.972474,1066879.5452014,6996.0,-2.4379432476193057e-10,7511.0,ASK
1309,1712306792.022535,1066897.26872997,6998.0,1.007633968912733e-09,7511.0,BID
1310,1712306793.031184,1066897.26873022,6996.0,-1.4203405001430854e-17,7511.0,ASK
1311,1712306793.0328062,1066997.26872997,6994.0,-5.685289824844904e-09,7511.0,ASK
1312,1712306794.6377714,1067173.4544983,6998.0,1.0016671584714914e-08,7511.0,BID
1313,1712306794.6409855,1067222.25866256,6998.0,2.7746581917020958e-09,7511.0,BID
1314,1712306794.7125876,1067869.53055556,6999.0,-3.679928316374449e-08,7511.0,ASK
1315,1712306794.7926984,1067869.5305559,6999.0,-1.932616151173257e-17,7511.0,ASK
1316,1712306801.7249408,1067889.37650532,6999.0,1.128299745838321e-09,7511.0,BID
1317,1712306802.1026134,1067890.23377064,6999.0,4.873801813965375e-11,7511.0,BID
1318,1712306816.4629855,1067893.01543562,6996.0,-1.5814571645730944e-10,7511.0,ASK
1319,1712306820.6642776,1067893.01543562,6996.0,-0.0,7511.0,ASK
1320,1712306846.4825437,1068189.30691725,6996.0,-1.6834129565380938e-08,7511.0,ASK
1321,1712306850.6636474,1068189.30691725,6996.0,-0.0,7511.0,ASK
1322,1712306855.55267,1068217.00156477,6997.0,-1.5733168622185e-09,7511.0,ASK
1323,1712306858.0973992,1068673.69027937,6997.0,-2.594422098869309e-08,7511.0,ASK
1324,1712306858.100119,1068816.62910095,6996.0,-8.120271546854967e-09,7511.0,ASK
1325,1712306858.1021197,1069964.81220077,6996.0,-6.522761593377493e-08,7511.0,ASK
1326,1712306858.328293,1069964.81220137,6996.0,-3.408591153409965e-17,7511.0,ASK
1327,1712306880.9624336,1069964.81220137,6996.0,-0.0,7511.0,ASK
1328,1712306888.8227372,1069977.8376767,6995.0,-7.39447883396944e-10,7511.0,ASK
1329,1712306888.8263688,1069984.51281249,6996.0,-3.7894317914480975e-10,7511.0,ASK
1330,1712306888.8325176,1069994.51281249,6995.0,-5.67693588652823e-10,7511.0,ASK
1331,1712306888.9142456,1070104.85020077,6995.0,6.263782791516675e-09,7511.0,BID
1332,1712306888.9177473,1070505.13249351,6995.0,2.2723769123972432e-08,7511.0,BID
1333,1712306888.921379,1070615.62065058,6995.0,6.272341839071023e-09,7511.0,BID
1334,1712306893.4828527,1070618.40703733,6994.0,-1.5818138935802878e-10,7511.0,ASK
1335,1712306893.4861183,1070618.40703758,6994.0,-1.418253454902394e-17,7511.0,ASK
1336,1712306893.5228171,1070625.18175679,6993.0,-3.8459646605018516e-10,7511.0,ASK
1337,1712306893.5266173,1070636.87100629,6994.0,-6.635911997275635e-10,7511.0,ASK
1338,1712306893.5295606,1070652.95823637,6993.0,-9.132617375621647e-10,7511.0,ASK
1339,1712306897.32261,1070694.64387472,6999.0,2.366466963017761e-09,7511.0,BID
1340,1712306910.9140186,1070694.64387472,6999.0,0.0,7511.0,BID
1341,1712306919.0125024,1070695.49979483,7010.0,4.857595742344328e-11,7511.0,BID
1342,1712306920.6724472,1070695.49979561,6999.0,4.4266285897612696e-17,7511.0,BID
1343,1712306920.6742,1070711.74163561,6999.0,9.217716922063431e-10,7511.0,BID
1344,1712306940.6418474,1070711.74163561,6999.0,0.0,7511.0,BID
1345,1712306941.872745,1070713.30381615,7012.0,8.865769024489303e-11,7511.0,BID
1346,1712306946.9978814,1070714.73319615,7017.0,8.112092427334526e-11,7511.0,BID
1347,1712306951.7959106,1070860.20079615,7020.0,8.255653614127277e-09,7511.0,BID
1348,1712306970.6794355,1070860.20079615,7020.0,0.0,7511.0,BID
1349,1712306978.0848107,1071508.96856633,7010.0,-3.681703156925488e-08,7511.0,ASK
1350,1712306978.0876975,1071681.65721528,7009.0,-9.799937253792362e-09,7511.0,ASK
1351,1712306993.8904262,1071691.14985393,6996.0,-5.386993511714215e-10,7511.0,ASK
1352,1712306993.8950286,1071719.72536471,6999.0,-1.6216364789481191e-09,7511.0,ASK
1353,1712306993.8969667,1071762.43373972,6997.0,-2.4236647738778395e-09,7511.0,ASK
1354,1712306993.8987908,1071764.39889999,7000.0,-1.1152121147871474e-10,7511.0,ASK
1355,1712306993.900418,1071774.94836389,6995.0,-5.98673305455171e-10,7511.0,ASK
1356,1712306993.9020886,1071810.01716663,6991.0,-1.9901253991313435e-09,7511.0,ASK
1357,1712306993.903754,1071815.02342109,6995.0,-2.8410077839355677e-10,7511.0,ASK
1358,1712306993.9054463,1071829.32752636,6991.0,-8.117460815721021e-10,7511.0,ASK
1359,1712306993.907125,1071830.75630189,6999.0,-8.108182342813719e-11,7511.0,ASK
1360,1712306993.9088202,1072035.26438227,6994.0,-1.1605663532623365e-08,7511.0,ASK
1361,1712306993.9104774,1072035.99464543,6992.0,-4.1441827190215645e-11,7511.0,ASK
1362,1712306993.9123452,1072040.94556614,6993.0,-2.809606340807005e-10,7511.0,ASK
1363,1712306993.9139986,1072050.94556614,6992.0,-5.674916859547337e-10,7511.0,ASK
1364,1712306993.9156995,1072092.38542484,6991.0,-2.351677527934123e-09,7511.0,ASK
1365,1712306997.582502,1072416.76930993,6996.0,1.840851578462744e-08,7511.0,BID
1366,1712307000.6825476,1072416.76930993,6996.0,0.0,7511.0,BID
1367,1712307004.3593533,1072432.44999417,7015.0,8.90616877628801e-10,7511.0,BID
1368,1712307010.54352,1072442.16458893,7010.0,5.51760492086972e-10,7511.0,BID
1369,1712307017.2626529,1072846.96458893,7005.0,2.2991452831039283e-08,7511.0,BID
1370,1712307017.2700322,1073202.54047511,7006.0,2.0195667527099485e-08,7511.0,BID
1371,1712307017.2737396,1073225.41515894,7005.0,1.2992149562786727e-09,7511.0,BID
1372,1712307022.4024584,1073226.87126172,7005.0,8.270236755202052e-11,7511.0,BID
1373,1712307026.0124562,1073551.0235979,6994.0,-1.841090204386503e-08,7511.0,ASK
1374,1712307028.5028317,1073551.25514681,6994.0,1.3151299019313504e-11,7511.0,BID
1375,1712307030.668,1073551.25514681,6994.0,0.0,7511.0,BID
1376,1712307033.4027855,1073552.11228966,7000.0,4.8661244165413237e-11,7511.0,BID
1377,1712307034.8524404,1074015.0525793,6990.0,-2.6281792437252324e-08,7511.0,ASK
1378,1712307034.854426,1074086.54759002,6990.0,-4.058875570120697e-09,7511.0,ASK
1379,1712307034.8561668,1074100.85374166,6990.0,-8.121810012865589e-10,7511.0,ASK
1380,1712307035.872517,1074172.28231308,7000.0,4.055103714584731e-09,7511.0,BID
1381,1712307047.459678,1074204.3037791,6991.0,-1.8179051214773158e-09,7511.0,ASK
1382,1712307047.46173,1074218.60993074,6990.0,-8.121810012865589e-10,7511.0,ASK
1383,1712307047.4635246,1074467.557474,6990.0,-1.4133113505433302e-08,7511.0,ASK
1384,1712307048.3135104,1074471.85054784,6988.0,-2.4372403548565965e-10,7511.0,ASK
1385,1712307048.31677,1074506.70333118,6988.0,-1.978643116837576e-09,7511.0,ASK
1386,1712307048.9258358,1074830.90198139,6990.0,1.8405228112430963e-08,7511.0,BID
1387,1712307060.9453025,1074830.90198139,6990.0,0.0,7511.0,BID
1388,1712307067.9727447,1074907.76197367,6987.0,-4.3612385353378275e-09,7511.0,ASK
1389,1712307067.975922,1074947.18448426,6987.0,-2.2369371534474827e-09,7511.0,ASK
1390,1712307067.9790034,1074970.91957535,6987.0,-1.3467916250154724e-09,7511.0,ASK
1391,1712307068.060978,1075012.60521449,6987.0,-2.3653530321254604e-09,7511.0,ASK
1392,1712307068.072379,1075037.18252567,6987.0,-1.3945814126825583e-09,7511.0,ASK
1393,1712307068.1422417,1075047.87108135,6986.0,-6.064968202037148e-10,7511.0,ASK
1394,1712307068.1439846,1075086.87108135,6985.0,-2.2129627889989663e-09,7511.0,ASK
1395,1712307068.1457288,1075200.80070254,6985.0,-6.4646669809836695e-09,7511.0,ASK
1396,1712307068.180369,1075723.32675061,6985.0,-2.9649505145172092e-08,7511.0,ASK
1397,1712307069.659839,1075726.19043904,6984.0,-1.624932291022661e-10,7511.0,ASK
1398,1712307069.6617982,1075726.93489143,6983.0,-4.224219069242369e-11,7511.0,ASK
1399,1712307069.6638365,1075732.93489141,6983.0,-3.4045581255596605e-10,7511.0,ASK
1400,1712307071.0858464,1075732.93489143,6983.0,-1.13618249607291e-18,7511.0,ASK
1401,1712307071.2266846,1075733.65130506,6982.0,-4.0651197553548926e-11,7511.0,ASK
1402,1712307071.23065,1075750.83835747,6982.0,-9.752386522081355e-10,7511.0,ASK
1403,1712307071.2340016,1075964.6331996,6982.0,-1.2131282823427808e-08,7511.0,ASK
1404,1712307071.476916,1076045.52909748,6982.0,-4.590246456180003e-09,7511.0,ASK
1405,1712307071.5026855,1076777.22848555,6982.0,-4.151855175723833e-08,7511.0,ASK
1406,1712307071.7029166,1076967.39580492,6982.0,-1.0790594908959528e-08,7511.0,ASK
1407,1712307071.7107298,1077053.31989158,6980.0,-4.875559139925946e-09,7511.0,ASK
1408,1712307071.715023,1077232.26217172,6982.0,-1.0153656598165744e-08,7511.0,ASK
1409,1712307071.7169113,1077987.20597136,6980.0,-4.28375009330494e-08,7511.0,ASK
1410,1712307078.1579094,1077987.95079736,6978.0,-4.226339031206376e-11,7511.0,ASK
1411,1712307078.2945838,1078108.79310196,6978.0,6.856910856847553e-09,7511.0,BID
1412,1712307078.3035128,1078137.45050274,6979.0,1.626096450136677e-09,7511.0,BID
1413,1712307080.3886456,1078166.11611833,6977.0,-1.626562580116499e-09,7511.0,ASK
1414,1712307080.393342,1078167.21611833,6977.0,-6.241689916896706e-11,7511.0,ASK
1415,1712307085.9752908,1078310.5441963,6977.0,8.132812901705467e-09,7511.0,BID
1416,1712307087.0425408,1078324.88111386,6975.0,-8.13514488959158e-10,7511.0,ASK
1417,1712307087.0473354,1078329.88111386,6975.0,-2.837131780767905e-10,7511.0,ASK
1418,1712307089.024984,1078330.88111386,6975.0,5.6742635615358106e-11,7511.0,BID
1419,1712307090.9468336,1078330.88111386,6975.0,0.0,7511.0,BID
1420,1712307106.322678,1078373.5309558,6971.0,-2.41671341800858e-09,7511.0,ASK
1421,1712307106.9443817,1078376.39833931,6975.0,1.6247760572321866e-10,7511.0,BID
1422,1712307107.0823383,1078377.83203106,6975.0,-8.123880258455359e-11,7511.0,ASK
1423,1712307110.2125154,1078499.40219835,6972.0,-6.888659867310028e-09,7511.0,ASK
1424,1712307110.2224448,1078556.75235641,6971.0,-3.2496930868659236e-09,7511.0,ASK
1425,1712307110.4024687,1078561.71704029,6971.0,2.8131917031514505e-10,7511.0,BID
1426,1712307111.2259486,1078565.79254029,6971.0,2.3093439710816567e-10,7511.0,BID
1427,1712307113.6927853,1078570.09608354,6971.0,2.4385625466242086e-10,7511.0,BID
1428,1712307117.444496,1078605.23028806,6971.0,1.9908468503522394e-09,7511.0,BID
1429,1712307119.3929417,1078798.36568134,6971.0,1.0943836488036857e-08,7511.0,BID
1430,1712307119.8971896,1078841.40111384,6971.0,2.438562546584629e-09,7511.0,BID
1431,1712307120.656076,1078841.40111384,6971.0,0.0,7511.0,BID
1432,1712307120.7170348,1078844.27014267,6971.0,1.6253805786164124e-10,7511.0,BID
1433,1712307122.3460958,1078872.94609303,6971.0,1.6245682964795743e-09,7511.0,BID
1434,1712307122.8424191,1078881.55317953,6971.0,4.87614174152113e-10,7511.0,BID
1435,1712307125.0723882,1078884.42220836,6971.0,1.6253805786164124e-10,7511.0,BID
1436,1712307129.812426,1078955.00494834,6971.0,3.998698568329834e-09,7511.0,BID
1437,1712307129.8534222,1079008.55866612,6972.0,3.033959501672298e-09,7511.0,BID
1438,1712307129.8576174,1079140.89653815,6972.0,7.497289841289044e-09,7511.0,BID
1439,1712307132.9828534,1079141.85793718,6970.0,-5.4465793276199376e-11,7511.0,ASK
1440,1712307132.9873044,1079146.16209785,6970.0,-2.438420655595817e-10,7511.0,ASK
1441,1712307136.202357,1079148.67177804,6973.0,1.4218000866970197e-10,7511.0,BID
1442,1712307136.8868744,1079150.57981946,6970.0,-1.0809558393939472e-10,7511.0,ASK
1443,1712307136.8902602,1079169.97966737,6970.0,-1.0990526024595023e-09,7511.0,ASK
1444,1712307136.89355,1079891.49830853,6970.0,-4.0875935933478096e-08,7511.0,ASK
1445,1712307147.37235,1079908.27863326,6971.0,-9.506496983886395e-10,7511.0,ASK
1446,1712307147.4924903,1080033.51298118,6971.0,7.0948564461548275e-09,7511.0,BID
1447,1712307148.9725003,1082126.98682488,6971.0,1.186008203140747e-07,7511.0,BID
1448,1712307150.6817756,1082126.98682488,6971.0,0.0,7511.0,BID
1449,1712307150.902482,1082127.8461775,6982.0,4.862150723178509e-11,7511.0,BID
1450,1712307164.6624513,1082128.66905634,6982.0,4.6557848932559866e-11,7511.0,BID
1451,1712307180.9336586,1082128.66905634,6982.0,0.0,7511.0,BID
1452,1712307210.9513688,1082128.66905634,6982.0,0.0,7511.0,BID
1453,1712307211.4226503,1082498.88696934,6988.0,2.0946629534169056e-08,7511.0,BID
1454,1712307211.502406,1082751.99591134,6988.0,1.432069884705068e-08,7511.0,BID
1455,1712307211.5146358,1083001.54899478,6988.0,1.4119511251003065e-08,7511.0,BID
1456,1712307211.5908792,1083122.21382536,6989.0,6.827118340865351e-09,7511.0,BID
1457,1712307240.6411202,1083122.21382536,6989.0,0.0,7511.0,BID
1458,1712307242.752591,1083128.55221836,6982.0,-3.5848031819840566e-10,7511.0,ASK
1459,1712307242.7570505,1083133.47821836,6989.0,-2.7859964624053276e-10,7511.0,ASK
1460,1712307242.7604327,1083137.77498146,6982.0,-2.4301191221637725e-10,7511.0,ASK
1461,1712307242.7639277,1083200.1414723,6977.0,-3.527259903479413e-09,7511.0,ASK
1462,1712307242.7673306,1083203.00311201,6989.0,-1.6184567820033026e-10,7511.0,ASK
1463,1712307251.6552303,1083239.87144653,6995.0,2.0851613792834848e-09,7511.0,BID
1464,1712307251.7679,1083276.73978112,6995.0,2.085161383233944e-09,7511.0,BID
1465,1712307251.7744362,1083327.59999106,6995.0,2.876499491757646e-09,7511.0,BID
1466,1712307251.776618,1083350.96298812,6995.0,1.3213403807837302e-09,7511.0,BID
1467,1712307252.472389,1083364.62395513,6983.0,-7.72622934662486e-10,7511.0,ASK
