,time,acc_trade_volume,trade_price,dev,high,ask_bid
0,1712300395.5193498,3518847.23465917,757.4,0.0,779.8,ASK
1,1712300400.6938677,3518860.4116902,757.0,-1.663889515487819e-09,779.8,ASK
2,1712300400.695071,3519516.08996647,757.4,-8.279378009358e-08,779.8,ASK
3,1712300400.696313,3520191.63431688,756.1,-8.530230818306118e-08,779.8,ASK
4,1712300400.8621807,3520191.63431688,756.1,-0.0,779.8,ASK
5,1712300423.6123018,3520291.63431688,757.9,1.2643426587185586e-08,779.8,BID
6,1712300430.7234569,3520291.63431688,757.9,0.0,779.8,BID
7,1712300439.3023973,3520374.69082266,757.9,1.0501087708021796e-08,779.8,BID
8,1712300461.0123732,3520374.69082266,757.9,0.0,779.8,BID
9,1712300475.872677,3520406.70588608,756.8,4.047730037879096e-09,779.8,BID
10,1712300489.0024917,3520419.9333993,756.0,-1.672381587548105e-09,779.8,ASK
11,1712300489.3624089,3520531.64341731,756.0,1.4123726369037917e-08,779.8,BID
12,1712300490.9924376,3520531.64341731,756.0,0.0,779.8,BID
13,1712300494.3425384,3522270.6149888,756.1,-2.1985843833651379e-07,779.8,ASK
14,1712300510.163021,3522370.90701842,756.1,1.2679936447084958e-08,779.8,BID
15,1712300515.74257,3522459.31591397,756.1,1.1177550012555721e-08,779.8,BID
16,1712300520.69259,3522459.31591397,756.1,0.0,779.8,BID
17,1712300524.2726707,3522537.96482222,756.1,9.94176134034414e-09,779.8,BID
18,1712300529.872584,3522551.190586,756.1,1.67182723792121e-09,779.8,BID
19,1712300537.8027363,3522947.96349963,756.1,5.0154817166420215e-08,779.8,BID
20,1712300539.1327548,3525311.57447088,756.1,2.987766353079345e-07,779.8,BID
21,1712300540.0958788,3525311.57447089,756.1,1.2949811600808513e-18,779.8,BID
22,1712300550.692689,3525311.57447089,756.1,0.0,779.8,BID
23,1712300564.5727124,3525725.77162451,756.1,-5.234309143751256e-08,779.8,ASK
24,1712300564.592707,3526148.79781326,756.1,-5.34588378618144e-08,779.8,ASK
25,1712300564.692703,3526293.43718744,756.1,-1.827842591870401e-08,779.8,ASK
26,1712300580.9352455,3526293.43718744,756.1,-0.0,779.8,ASK
27,1712300593.362956,3526766.85219515,756.1,-5.982098198497398e-08,779.8,ASK
28,1712300593.3646462,3526766.85219517,756.1,-2.471331138788957e-18,779.8,ASK
29,1712300610.9944515,3526766.85219517,756.1,-0.0,779.8,ASK
30,1712300613.292929,3526975.55432056,756.1,-2.637052313803377e-08,779.8,ASK
31,1712300640.7231011,3526975.55432056,756.1,-0.0,779.8,ASK
32,1712300649.273115,3526988.78008434,756.1,-1.6711059133791215e-09,779.8,ASK
33,1712300649.274284,3528182.34870709,756.1,-1.5081016239743388e-07,779.8,ASK
34,1712300649.2754655,3528222.02075152,756.2,-5.012654780861873e-09,779.8,ASK
35,1712300661.2534845,3528228.63900191,755.6,-8.36231279111838e-10,779.8,ASK
36,1712300661.2549536,3528330.50839542,755.6,-1.2871434022070333e-08,779.8,ASK
37,1712300664.5033667,3528343.74466279,755.5,-1.672433066338402e-09,779.8,ASK
38,1712300664.505152,3528558.90018893,755.5,-2.7185399498085373e-08,779.8,ASK
39,1712300670.7030847,3528558.90018893,755.5,-0.0,779.8,ASK
40,1712300680.123629,3528572.13820852,755.4,-1.672401527293524e-09,779.8,ASK
41,1712300680.1254723,3528999.34638143,755.4,-5.3970580416134574e-08,779.8,ASK
42,1712300700.295647,3529267.39411311,755.4,-3.3863330749154786e-08,779.8,ASK
43,1712300700.403145,3529404.24053846,755.4,-1.728824838186271e-08,779.8,ASK
44,1712300700.4831097,3530304.06103086,755.4,-1.1367721248018545e-07,779.8,ASK
45,1712300700.7639372,3530604.96928474,755.3,-3.801470604664749e-08,779.8,ASK
46,1712300700.984925,3530604.96928474,755.3,-0.0,779.8,ASK
47,1712300701.1853564,3532360.38070516,755.3,-2.2175304050973005e-07,779.8,ASK
48,1712300701.2468245,3532448.49146466,755.2,-1.1130626469353372e-08,779.8,ASK
49,1712300702.3032863,3533359.31985966,755.2,-1.150607564838177e-07,779.8,ASK
50,1712300702.3632069,3533690.41622342,755.2,-4.182587882892335e-08,779.8,ASK
51,1712300703.2730737,3534155.08542727,755.2,-5.8699520571819775e-08,779.8,ASK
52,1712300705.9412425,3534237.71733056,755.2,-1.0438507796274404e-08,779.8,ASK
53,1712300706.8631124,3534311.52712349,755.2,-9.324051223078425e-09,779.8,ASK
54,1712300706.9632711,3534671.5045812,755.2,-4.547429442099692e-08,779.8,ASK
55,1712300706.9648204,3535549.52118692,755.2,-1.1091579425284269e-07,779.8,ASK
56,1712300711.206251,3535655.04867373,755.2,-1.3330801420822576e-08,779.8,ASK
57,1712300711.3433163,3535655.04867374,755.2,-1.2941466099358937e-18,779.8,ASK
58,1712300711.3451416,3537731.18825789,755.1,-2.622691523777237e-07,779.8,ASK
59,1712300715.583717,3539318.47408517,755.0,-2.0051450860053946e-07,779.8,ASK
60,1712300715.5858867,3539464.1694494,755.0,-1.840502438938736e-08,779.8,ASK
61,1712300715.587746,3539464.16944941,755.1,-1.2353217640297164e-18,779.8,ASK
62,1712300718.2331526,3539596.70755411,754.5,-1.674292838630873e-08,779.8,ASK
63,1712300718.2344213,3540166.50794844,754.5,-7.198025970237073e-08,779.8,ASK
64,1712300718.7332797,3542768.8923324,754.5,-3.2874723441188565e-07,779.8,ASK
65,1712300721.9243166,3545032.34124295,754.5,-2.859310769623864e-07,779.8,ASK
66,1712300723.054455,3546450.52120394,754.5,-1.79152143298793e-07,779.8,ASK
67,1712300723.0552385,3546552.71105295,754.5,-1.2909173008466184e-08,779.8,ASK
68,1712300724.0534406,3546552.71105977,754.5,-8.615486931418679e-16,779.8,ASK
69,1712300730.9834075,3546552.71105977,754.5,-0.0,779.8,ASK
70,1712300753.7033622,3547878.7951335,754.1,-1.6726372686579025e-07,779.8,ASK
71,1712300753.7049627,3548011.38595821,754.2,-1.6724154922439917e-08,779.8,ASK
72,1712300753.7064846,3548104.11023977,754.1,-1.1695645254984049e-08,779.8,ASK
73,1712300758.163392,3551122.74857977,754.4,3.807516497715266e-07,779.8,BID
74,1712300758.263625,3552080.78044125,754.4,-1.2083998502195958e-07,779.8,ASK
75,1712300758.6437492,3552185.56400361,754.0,-1.3216725471477211e-08,779.8,ASK
76,1712300758.645475,3552185.56400499,754.1,-1.7403335634652342e-16,779.8,ASK
77,1712300758.6471815,3552368.18999969,754.0,-2.303526986051344e-08,779.8,ASK
78,1712300758.6645803,3552994.72083279,754.0,-7.902657472227595e-08,779.8,ASK
79,1712300758.666057,3553107.98343225,754.0,-1.4286216745635592e-08,779.8,ASK
80,1712300758.6678357,3556226.21619087,754.0,-3.933138499844572e-07,779.8,ASK
81,1712300758.669546,3565498.16347449,753.9,-1.1695038713491166e-06,779.8,ASK
82,1712300758.671235,3565630.78946918,754.0,-1.6728591037803182e-08,779.8,ASK
83,1712300758.823598,3567155.90684463,753.9,-1.92368509040304e-07,779.8,ASK
84,1712300758.82535,3567401.12976971,753.9,-3.093084456285092e-08,779.8,ASK
85,1712300758.8272636,3567931.77450305,753.8,-6.693211802967353e-08,779.8,ASK
86,1712300758.829126,3571047.717195,753.8,-3.930249956851465e-07,779.8,ASK
87,1712300760.6612344,3571047.717195,753.8,-0.0,779.8,ASK
88,1712300761.073545,3571097.717195,753.5,-6.292021047390308e-09,779.8,ASK
89,1712300761.079135,3572000.842195,753.5,-1.1364963016848745e-07,779.8,ASK
90,1712300761.1733265,3573120.12680526,753.5,-1.4085124651549598e-07,779.8,ASK
91,1712300765.58346,3574097.717195,753.5,-1.230203861594351e-07,779.8,ASK
92,1712300790.6358428,3574097.717195,753.5,-0.0,779.8,ASK
93,1712300791.4035852,3574111.31225546,753.5,-1.710313502747458e-09,779.8,ASK
94,1712300791.4057844,3575861.04891715,753.0,-2.2012393748371386e-07,779.8,ASK
95,1712300791.5435965,3575993.85104198,753.0,-1.6707043559077856e-08,779.8,ASK
96,1712300791.545755,3576848.0398866,753.0,-1.074604058708653e-07,779.8,ASK
97,1712300791.547893,3578418.35634575,753.0,-1.9755215150471465e-07,779.8,ASK
98,1712300799.6734872,3581074.39884242,753.0,-3.341408711904616e-07,779.8,ASK
99,1712300808.6344347,3581114.24477149,752.9,-5.0127787750028465e-09,779.8,ASK
100,1712300808.6362638,3582790.93021251,752.8,-2.10933798942287e-07,779.8,ASK
101,1712300820.9835434,3582790.93021251,752.8,-0.0,779.8,ASK
102,1712300843.3936949,3582923.78526251,752.7,-1.669994985040986e-08,779.8,ASK
103,1712300850.9859054,3582923.78526251,752.7,-0.0,779.8,ASK
104,1712300852.4539926,3582923.78526764,752.7,-6.4480100008376575e-16,779.8,ASK
105,1712300852.4555278,3582973.78526251,752.5,-6.284946722183081e-09,779.8,ASK
106,1712300852.4569829,3582980.78526251,752.5,-8.79892631377771e-10,779.8,ASK
107,1712300855.548669,3583045.02805155,752.8,8.075250956474881e-09,779.8,BID
108,1712300857.8254886,3583084.92166345,752.4,-5.01458502141317e-09,779.8,ASK
109,1712300857.8263931,3583084.92166858,752.5,-6.4480100008376575e-16,779.8,ASK
110,1712300864.2637477,3583343.58676858,752.3,3.251393078355535e-08,779.8,BID
111,1712300866.5738232,3583417.43343588,752.3,9.282448344150981e-09,779.8,BID
112,1712300868.573728,3583505.58557099,752.3,1.1080630589071708e-08,779.8,BID
113,1712300868.793767,3583609.30723511,752.3,1.30377039962012e-08,779.8,BID
114,1712300870.0637124,3583692.13074195,752.3,1.041082762477383e-08,779.8,BID
115,1712300877.3938508,3584711.44678086,752.3,1.281269530974201e-07,779.8,BID
116,1712300877.403675,3585993.2533639,752.3,1.6112173818119325e-07,779.8,BID
117,1712300877.4237297,3586114.31873117,752.3,1.5217789225163764e-08,779.8,BID
118,1712300877.8140829,3586278.82850873,752.3,2.067870586636446e-08,779.8,BID
119,1712300877.816718,3586716.18139328,752.3,5.497479720392255e-08,779.8,BID
120,1712300877.8338184,3587932.50443869,752.3,1.528905264330014e-07,779.8,BID
121,1712300877.9432771,3593794.46516801,752.3,7.368422930220851e-07,779.8,BID
122,1712300878.8538494,3595045.05455894,752.3,1.5719776999410657e-07,779.8,BID
123,1712300880.6262298,3595045.05455894,752.3,0.0,779.8,BID
124,1712300890.963791,3595045.05455895,752.3,1.2277884740829957e-18,779.8,BID
125,1712300890.9664314,3598066.6555197,752.3,3.793772052169331e-07,779.8,BID
126,1712300891.0836463,3600076.54766142,752.3,2.523520721028106e-07,779.8,BID
127,1712300897.703872,3600076.54766143,752.3,1.2862545918964717e-18,779.8,BID
128,1712300901.6238196,3600193.55519447,752.2,-1.4690884551143454e-08,779.8,ASK
129,1712300901.683669,3600209.49102755,752.2,-2.0008240317393144e-09,779.8,ASK
130,1712300901.6846404,3600863.42116581,752.2,-8.210421941309559e-08,779.8,ASK
131,1712300901.7855852,3600876.71727005,752.1,-1.669392792911896e-09,779.8,ASK
132,1712300901.7865424,3602975.83776654,752.1,-2.635551410382442e-07,779.8,ASK
133,1712300901.8237214,3603506.28003154,752.1,-6.659969553847207e-08,779.8,ASK
134,1712300901.9239612,3603556.28003154,752.0,-6.277751598324058e-09,779.8,ASK
135,1712300901.9272926,3603825.74811663,752.0,-3.3833074037442026e-08,779.8,ASK
136,1712300902.0036604,3603825.74811664,752.0,-1.2277884740829957e-18,779.8,ASK
137,1712300902.3037214,3604216.39131632,751.7,-4.904721942329927e-08,779.8,ASK
138,1712300910.6758118,3604216.39131632,751.7,-0.0,779.8,ASK
139,1712300931.177395,3605216.39131632,751.8,-1.2544637516218416e-07,779.8,ASK
140,1712300940.2540386,3605349.28168176,752.5,1.6670614638475976e-08,779.8,BID
141,1712300940.9469652,3605349.28168176,752.5,0.0,779.8,BID
142,1712300970.9938724,3605349.28168176,752.5,0.0,779.8,BID
143,1712300982.2338831,3608377.08407176,752.5,-3.797862523884301e-07,779.8,ASK
144,1712300982.334189,3608733.06748023,752.5,-4.4652056904934366e-08,779.8,ASK
145,1712300982.3364608,3608837.8650917,752.5,-1.3145075864603877e-08,779.8,ASK
146,1712300982.573947,3609260.92192373,752.5,-5.3065275763912735e-08,779.8,ASK
147,1712300997.9138813,3609672.4884684,752.5,-5.162401487130663e-08,779.8,ASK
148,1712301000.7740362,3609672.4884684,752.5,-0.0,779.8,ASK
149,1712301004.137385,3609700.2884684,752.5,-3.5158920268481318e-09,779.8,ASK
150,1712301009.9940455,3611597.59496833,752.6,2.399541293394268e-07,779.8,BID
151,1712301030.6567504,3611597.59496833,752.6,0.0,779.8,BID
152,1712301043.564182,3611604.77206553,752.6,-9.07527911162176e-10,779.8,ASK
153,1712301060.9885306,3611604.77206553,752.6,-0.0,779.8,ASK
154,1712301090.995481,3611604.77206553,752.6,-0.0,779.8,ASK
155,1712301094.1542068,3611612.71803295,755.1,1.0047491469966263e-09,779.8,BID
156,1712301094.40452,3611716.14134456,752.6,-1.30776378289544e-08,779.8,ASK
157,1712301120.6341922,3611716.14134456,752.6,-0.0,779.8,ASK
158,1712301150.6873865,3611716.14134456,752.6,-0.0,779.8,ASK
159,1712301180.9522526,3611716.14134456,752.6,-0.0,779.8,ASK
160,1712301200.3532476,3611729.37936415,755.4,1.673899122420761e-09,779.8,BID
161,1712301210.984407,3611729.37936415,755.4,0.0,779.8,BID
162,1712301240.6745613,3611729.37936415,755.4,0.0,779.8,BID
163,1712301270.6413567,3611729.37936415,755.4,0.0,779.8,BID
164,1712301300.7641914,3611729.37936415,755.4,0.0,779.8,BID
165,1712301329.2204435,3612153.60958504,755.4,-5.3810202257810454e-08,779.8,ASK
166,1712301329.3600254,3613052.51975318,755.4,-1.1401954782425973e-07,779.8,ASK
167,1712301330.7125158,3613052.51975318,755.4,-0.0,779.8,ASK
168,1712301360.6592305,3613052.51975318,755.4,-0.0,779.8,ASK
169,1712301380.2205653,3613182.51975318,755.4,1.648736748089459e-08,779.8,BID
170,1712301390.630486,3613182.51975318,755.4,0.0,779.8,BID
171,1712301403.8086238,3614201.83579209,756.1,1.2927406773852117e-07,779.8,BID
172,1712301403.8887126,3614362.11663603,756.1,2.032750970823525e-08,779.8,BID
173,1712301410.4484382,3614436.15143954,756.1,9.389413919375644e-09,779.8,BID
174,1712301410.4684684,3615106.01741089,756.1,8.49552990931644e-08,779.8,BID
175,1712301420.7881312,3615304.16800534,756.1,2.513031522264901e-08,779.8,BID
176,1712301420.9614289,3615304.16800534,756.1,0.0,779.8,BID
177,1712301436.0078626,3616216.75878339,756.1,1.1571516654507945e-07,779.8,BID
178,1712301436.0679011,3618540.98079393,756.1,2.947079277001769e-07,779.8,BID
179,1712301436.117669,3618548.93521615,756.1,1.0086090217613158e-09,779.8,BID
180,1712301450.9606686,3618548.93521615,756.1,0.0,779.8,BID
181,1712301480.667039,3618548.93521615,756.1,0.0,779.8,BID
182,1712301484.617568,3621773.86880247,758.0,4.087896611707481e-07,779.8,BID
183,1712301484.6203246,3623420.86880247,757.6,2.087722286139932e-07,779.8,BID
184,1712301484.6228,3624440.18484138,757.4,1.2920757808451354e-07,779.8,BID
185,1712301484.6252403,3626141.18484138,757.9,2.156172197160913e-07,779.8,BID
186,1712301484.627671,3628038.49134131,757.5,2.405008538884164e-07,779.8,BID
187,1712301484.6300626,3629766.49134131,757.7,2.190397152671404e-07,779.8,BID
188,1712301510.689322,3629766.49134131,757.7,0.0,779.8,BID
189,1712301520.6685922,3629779.69266144,757.5,-1.671586331109536e-09,779.8,ASK
190,1712301541.0002809,3629779.69266144,757.5,-0.0,779.8,ASK
191,1712301566.2156873,3629786.69266144,756.9,8.863575298823645e-10,779.8,BID
192,1712301570.9955146,3629786.69266144,756.9,0.0,779.8,BID
193,1712301573.7655911,3629918.70586275,757.5,-1.6715830932023026e-08,779.8,ASK
194,1712301573.7855573,3629918.70586276,757.5,-1.2971894932160853e-18,779.8,ASK
195,1712301600.6867898,3629918.70586276,757.5,-0.0,779.8,ASK
196,1712301630.7082596,3629918.70586276,757.5,-0.0,779.8,ASK
197,1712301639.5946543,3630618.70586276,756.3,-8.903466387318756e-08,779.8,ASK
198,1712301639.5974574,3631935.30534933,756.2,-1.674614182033715e-07,779.8,ASK
199,1712301643.124573,3634943.21225807,756.2,-3.82582829402127e-07,779.8,ASK
200,1712301644.8747294,3634962.89729744,756.2,-2.503786948095672e-09,779.8,ASK
201,1712301645.0422344,3634982.58233681,756.2,-2.5037869480364436e-09,779.8,ASK
202,1712301660.855122,3634995.89437088,757.5,1.6931892555617103e-09,779.8,BID
203,1712301660.96006,3634995.89437088,757.5,0.0,779.8,BID
204,1712301676.3140538,3635011.89437088,758.0,2.0340846867516436e-09,779.8,BID
205,1712301676.3155544,3635022.27959515,758.0,1.3202766035269783e-09,779.8,BID
206,1712301681.9621706,3635146.24584793,757.9,1.5759866028368173e-08,779.8,BID
207,1712301691.0168197,3635146.24584793,757.9,0.0,779.8,BID
208,1712301695.105393,3637786.85847005,757.4,3.356969928984519e-07,779.8,BID
209,1712301698.0538092,3637806.66306472,757.4,2.517727447254158e-09,779.8,BID
210,1712301699.2038505,3640505.34559724,756.2,-3.430793306695785e-07,779.8,ASK
211,1712301720.696204,3640505.34559724,756.2,-0.0,779.8,ASK
212,1712301736.7434487,3640764.98469888,756.4,-3.29905069460967e-08,779.8,ASK
213,1712301750.6830487,3640764.98469888,756.4,-0.0,779.8,ASK
214,1712301778.9830697,3641061.96726247,756.4,-3.773453528986456e-08,779.8,ASK
215,1712301781.005736,3641061.96726247,756.4,-0.0,779.8,ASK
216,1712301810.9862409,3641061.96726247,756.4,-0.0,779.8,ASK
217,1712301840.6871054,3641061.96726247,756.4,-0.0,779.8,ASK
218,1712301849.7780576,3641075.15639462,758.2,1.675760225754487e-09,779.8,BID
219,1712301870.7618074,3641075.15639462,758.2,0.0,779.8,BID
220,1712301901.0148,3641075.15639462,758.2,0.0,779.8,BID
221,1712301930.9715426,3641075.15639462,758.2,0.0,779.8,BID
222,1712301940.7316997,3641284.17309439,758.2,-2.6672086020927312e-08,779.8,ASK
223,1712301942.4012866,3641300.17309439,758.4,2.041719043523473e-09,779.8,BID
224,1712301945.1916418,3641484.17309439,758.4,-2.3479769000519938e-08,779.8,ASK
225,1712301945.1959572,3641688.27309439,758.2,-2.6044678548958184e-08,779.8,ASK
226,1712301960.729439,3641688.27309439,758.2,-0.0,779.8,ASK
227,1712301973.0713353,3641727.82484125,758.5,5.0467977700301914e-09,779.8,BID
228,1712301990.700879,3641727.82484125,758.5,0.0,779.8,BID
229,1712302001.5708344,3641754.19267249,758.5,3.3645189673014743e-09,779.8,BID
230,1712302004.0237548,3641761.19267249,758.5,8.9319567304549e-10,779.8,BID
231,1712302015.5608766,3641912.81887169,758.5,1.934740929223016e-08,779.8,BID
232,1712302015.5648875,3642161.19267249,758.5,3.169234345322644e-08,779.8,BID
233,1712302021.0141537,3642161.19267249,758.5,0.0,779.8,BID
234,1712302022.9506383,3642261.19267249,758.3,-1.2759403017077287e-08,779.8,ASK
235,1712302022.9534626,3642740.18751279,758.3,-6.111688210484583e-08,779.8,ASK
236,1712302022.9705448,3643311.3525487,758.3,-7.287724882438769e-08,779.8,ASK
237,1712302023.0548503,3643597.54323847,758.3,-3.651622350511268e-08,779.8,ASK
238,1712302023.2010078,3643810.39983907,758.3,-2.7159231519042165e-08,779.8,ASK
239,1712302023.6905546,3644163.59204074,758.3,-4.506521643593734e-08,779.8,ASK
240,1712302025.8605573,3644407.87823561,758.3,-3.1169460118577784e-08,779.8,ASK
241,1712302026.6907158,3644734.98370139,758.3,-4.1736704669759615e-08,779.8,ASK
242,1712302027.0505345,3645187.64787643,758.3,-5.775724640723367e-08,779.8,ASK
243,1712302027.0705264,3645641.54068518,758.3,-5.791401273397903e-08,779.8,ASK
244,1712302027.1508112,3646402.39454856,758.3,-9.70804107996464e-08,779.8,ASK
245,1712302027.1535892,3646503.12465743,758.3,-1.2852560550288692e-08,779.8,ASK
246,1712302027.190457,3647073.69043222,758.3,-7.280078668296712e-08,779.8,ASK
247,1712302027.2308338,3647833.61256888,758.3,-9.69615280324003e-08,779.8,ASK
248,1712302027.3529468,3648429.80697918,758.3,-7.607084757544935e-08,779.8,ASK
249,1712302027.3705626,3649025.77670414,758.3,-7.604217906743384e-08,779.8,ASK
250,1712302027.4321003,3649126.13045178,758.3,-1.2804539104103418e-08,779.8,ASK
251,1712302050.9705026,3649126.13045178,758.3,-0.0,779.8,ASK
252,1712302051.960574,3649474.50425258,758.5,4.442048275566522e-08,779.8,BID
253,1712302055.450234,3649682.29625729,758.5,-2.6495164506594712e-08,779.8,ASK
254,1712302055.635199,3650092.07504722,758.5,-5.2250116483832464e-08,779.8,ASK
255,1712302055.94277,3650448.55132423,758.5,-4.54536141333174e-08,779.8,ASK
256,1712302056.4705527,3650763.83155557,758.5,-4.020078446561227e-08,779.8,ASK
257,1712302058.1803887,3650950.16182378,758.5,-2.3758619181065524e-08,779.8,ASK
258,1712302063.4202554,3651337.56182378,758.5,-4.9396639414430586e-08,779.8,ASK
259,1712302079.9003656,3651499.4854287,758.5,-2.0646571824760668e-08,779.8,ASK
260,1712302079.9033625,3651733.54224567,758.3,-2.984414091467542e-08,779.8,ASK
261,1712302079.9062562,3651799.46182378,758.5,-8.405280408470324e-09,779.8,ASK
262,1712302080.662265,3651799.46182378,758.5,-0.0,779.8,ASK
263,1712302099.460521,3651892.26365424,758.3,-1.1829926863220746e-08,779.8,ASK
264,1712302099.4635465,3652175.86928705,758.2,-3.6152669376389966e-08,779.8,ASK
265,1712302099.4664843,3652650.55781894,757.8,-6.051098978589954e-08,779.8,ASK
266,1712302099.4694192,3653656.56182378,757.8,-1.2824050713650778e-07,779.8,ASK
267,1712302110.6639545,3653656.56182378,757.8,-0.0,779.8,ASK
268,1712302140.9697511,3653656.56182378,757.8,-0.0,779.8,ASK
269,1712302170.96262,3653656.56182378,757.8,-0.0,779.8,ASK
270,1712302172.9016,3653722.37626763,758.8,8.388200832076466e-09,779.8,BID
271,1712302201.0893798,3653722.37626763,758.8,0.0,779.8,BID
272,1712302225.214794,3653980.28617334,758.8,-3.298332626207279e-08,779.8,ASK
273,1712302225.217239,3654216.91735011,758.8,-3.026205327674381e-08,779.8,ASK
274,1712302225.3202798,3654582.30394069,758.8,-4.672819795625505e-08,779.8,ASK
275,1712302225.4091325,3654824.0085031,758.8,-3.0910873388337105e-08,779.8,ASK
276,1712302231.0092237,3654824.0085031,758.8,-0.0,779.8,ASK
277,1712302260.718865,3654824.0085031,758.8,-0.0,779.8,ASK
278,1712302263.5990002,3654831.0085031,758.9,-8.95113367956056e-10,779.8,ASK
279,1712302263.6387243,3654898.97106694,758.8,-8.69059991627656e-09,779.8,ASK
280,1712302263.6588416,3655182.28845149,758.8,-3.6228739754992335e-08,779.8,ASK
281,1712302281.5239756,3655420.34717398,757.8,-3.0441363551331635e-08,779.8,ASK
282,1712302282.3704734,3655828.38925962,757.8,-5.217770364930751e-08,779.8,ASK
283,1712302282.3729892,3656157.96187104,757.8,-4.214355002774055e-08,779.8,ASK
284,1712302282.432057,3656223.85538711,757.7,-8.426023870807841e-09,779.8,ASK
285,1712302282.4334004,3656251.66652608,757.7,-3.556303181487095e-09,779.8,ASK
286,1712302282.4347315,3656379.24628015,757.5,-1.631404904978934e-08,779.8,ASK
287,1712302283.5288427,3656653.947622,757.5,-3.512697761216848e-08,779.8,ASK
288,1712302290.681003,3656653.947622,757.5,-0.0,779.8,ASK
289,1712302321.0118494,3656653.947622,757.5,-0.0,779.8,ASK
290,1712302344.2096963,3657090.03115926,757.5,-5.575356951527417e-08,779.8,ASK
291,1712302350.953731,3657090.03115926,757.5,-0.0,779.8,ASK
292,1712302380.7006347,3657090.03115926,757.5,-0.0,779.8,ASK
293,1712302387.0110834,3657248.47452881,758.0,-2.025623441239075e-08,779.8,ASK
294,1712302387.2681437,3657458.92449259,758.0,-2.6905031182510727e-08,779.8,ASK
295,1712302399.5764608,3657669.37445635,758.0,2.6905031179950825e-08,779.8,BID
296,1712302402.118044,3657750.64381975,758.0,-1.0389903220574713e-08,779.8,ASK
297,1712302402.1210828,3657750.64381976,758.0,-1.309716984836559e-18,779.8,ASK
298,1712302409.208172,3658149.67865506,757.5,-5.1014713872177744e-08,779.8,ASK
299,1712302410.656202,3658149.67865506,757.5,-0.0,779.8,ASK
300,1712302413.5615497,3658641.44542067,757.5,-6.286359831788684e-08,779.8,ASK
301,1712302413.583816,3658945.33937671,757.5,-3.8847414912317386e-08,779.8,ASK
302,1712302413.6379876,3659077.2206308,757.5,-1.6858663013738743e-08,779.8,ASK
303,1712302413.649831,3659103.62327106,757.5,-3.375106021644741e-09,779.8,ASK
304,1712302413.6519055,3659328.16737135,757.5,-2.8703952996412503e-08,779.8,ASK
305,1712302414.8301473,3659335.16737135,757.6,-8.948249841151823e-10,779.8,ASK
306,1712302421.3080196,3660335.16737135,758.0,1.2783214058788317e-07,779.8,BID
307,1712302441.058793,3660335.16737135,758.0,0.0,779.8,BID
308,1712302470.9875574,3660335.16737135,758.0,0.0,779.8,BID
309,1712302474.937777,3660427.56222033,758.0,1.180853156338536e-08,779.8,BID
310,1712302500.7091358,3660427.56222033,758.0,0.0,779.8,BID
311,1712302527.8379192,3660514.20795294,758.0,1.113480925779325e-08,779.8,BID
312,1712302527.9584093,3661127.68723151,758.0,7.883798249166167e-08,779.8,BID
313,1712302528.02888,3661586.58640358,758.0,5.897295337736472e-08,779.8,BID
314,1712302528.077521,3662532.18686237,758.0,1.2151874565016536e-07,779.8,BID
315,1712302530.7075958,3662532.18686237,758.0,0.0,779.8,BID
316,1712302541.7510865,3662532.18686282,759.0,5.779547508916826e-17,779.8,BID
317,1712302541.752668,3662708.83355182,759.0,2.2696144029372733e-08,779.8,BID
318,1712302543.2827096,3662964.24937367,759.1,-3.281665970027091e-08,779.8,ASK
319,1712302543.2972958,3663044.5727184,759.5,1.0320205893633596e-08,779.8,BID
320,1712302543.777341,3663238.05736851,759.1,-2.4859540313065933e-08,779.8,ASK
321,1712302550.700979,3663533.85736851,759.1,-3.800535091768399e-08,779.8,ASK
322,1712302558.827439,3663929.06221635,759.2,-5.077721070487504e-08,779.8,ASK
323,1712302560.9372454,3663929.06221635,759.2,-0.0,779.8,ASK
324,1712302590.939299,3663929.06221635,759.2,-0.0,779.8,ASK
325,1712302608.6770165,3664123.35443812,759.2,2.4959899061061507e-08,779.8,BID
326,1712302608.7007482,3664329.06221635,759.2,2.642640726382796e-08,779.8,BID
327,1712302620.6805906,3664329.06221635,759.2,0.0,779.8,BID
328,1712302650.6671808,3664329.06221635,759.2,0.0,779.8,BID
329,1712302662.1368375,3666763.55361235,759.6,3.127366009188628e-07,779.8,BID
330,1712302662.21715,3668583.85688635,759.6,2.338375315220148e-07,779.8,BID
331,1712302662.317092,3668717.01267862,759.7,1.710529350629523e-08,779.8,BID
332,1712302662.3204908,3668717.01267873,759.6,1.4117331244254404e-17,779.8,BID
333,1712302662.3239238,3671018.34828235,759.7,2.956313073984502e-07,779.8,BID
334,1712302663.3871546,3671034.34828234,759.7,2.0553720665101354e-09,779.8,BID
335,1712302663.3910618,3671088.17047429,759.7,6.9140393726919846e-09,779.8,BID
336,1712302666.57983,3671185.53262153,760.0,1.2507214868788017e-08,779.8,BID
337,1712302666.5815225,3671225.69429389,760.0,5.159198722904499e-09,779.8,BID
338,1712302666.583123,3671225.6942939,759.7,1.256203203937892e-18,779.8,BID
339,1712302666.656849,3672528.33214666,760.0,1.673378410660008e-07,779.8,BID
340,1712302666.7780013,3672544.33214666,760.1,2.0553720678261582e-09,779.8,BID
341,1712302674.6469226,3672560.33214666,760.4,2.0553720678261582e-09,779.8,BID
342,1712302674.650557,3672740.76446466,760.5,2.3178471659411217e-08,779.8,BID
343,1712302680.9303322,3672740.76446466,760.5,0.0,779.8,BID
344,1712302698.1304,3672740.76446563,760.5,1.245011868051427e-16,779.8,BID
345,1712302711.0064056,3672740.76446563,760.5,0.0,779.8,BID
346,1712302740.646393,3672740.76446563,760.5,0.0,779.8,BID
347,1712302745.916721,3672872.25690482,760.5,-1.6877762395822693e-08,779.8,ASK
348,1712302745.9205637,3673003.749344,760.5,-1.6877762394567522e-08,779.8,ASK
349,1712302757.116536,3673405.87365697,760.5,-5.1614820210960456e-08,779.8,ASK
350,1712302757.1202023,3674330.90052046,760.5,-1.1873217736261577e-07,779.8,ASK
351,1712302757.1964538,3674620.94105997,760.5,-3.722826453868521e-08,779.8,ASK
352,1712302758.4206772,3674627.94105997,760.3,-8.984876811062332e-10,779.8,ASK
353,1712302762.316419,3674634.94105997,760.2,-8.984876811062332e-10,779.8,ASK
354,1712302763.1963282,3674684.94105997,760.1,-6.417769150758811e-09,779.8,ASK
355,1712302770.6862946,3674684.94105997,760.1,-0.0,779.8,ASK
356,1712302800.699887,3674684.94105997,760.1,-0.0,779.8,ASK
357,1712302830.696105,3674684.94105997,760.1,-0.0,779.8,ASK
358,1712302860.935927,3674684.94105997,760.1,-0.0,779.8,ASK
359,1712302868.0563295,3676995.29881292,760.9,2.968357961958067e-07,779.8,BID
360,1712302879.216333,3677652.41538539,760.9,8.442663078195646e-08,779.8,BID
361,1712302888.4159253,3677910.5038338,759.6,-3.3159319146511645e-08,779.8,ASK
362,1712302890.9892788,3677910.5038338,759.6,-0.0,779.8,ASK
363,1712302898.5257576,3678102.06153543,759.6,-2.460366178087117e-08,779.8,ASK
364,1712302920.6986015,3678102.06153543,759.6,-0.0,779.8,ASK
365,1712302950.6691148,3678102.06153543,759.6,-0.0,779.8,ASK
366,1712302956.8956947,3678760.21607011,759.7,-8.453175627201701e-08,779.8,ASK
367,1712302956.8997862,3679102.06153543,759.6,-4.3905794208643124e-08,779.8,ASK
368,1712302966.046101,3679109.06153543,759.5,-8.99062853364621e-10,779.8,ASK
369,1712302966.057433,3679174.92033416,758.8,-8.458742786444236e-09,779.8,ASK
370,1712302966.059284,3683456.92033416,758.5,-5.499695911581867e-07,779.8,ASK
371,1712302966.0612173,3683609.59807637,759.6,-1.9609555222397945e-08,779.8,ASK
372,1712302966.0629585,3685346.59807637,758.5,-2.230960251849067e-07,779.8,ASK
373,1712302966.145712,3688339.50060145,758.5,3.844010691486452e-07,779.8,BID
374,1712302966.1496103,3697454.95196424,758.5,1.1707662445623524e-06,779.8,BID
375,1712302966.16548,3697808.99250375,758.5,4.5472099665526367e-08,779.8,BID
376,1712302966.1683445,3703808.99250375,758.5,7.706253028839609e-07,779.8,BID
377,1712302966.1855953,3705706.29900368,758.5,2.436853993619969e-07,779.8,BID
378,1712302966.1893508,3712655.35999068,758.5,8.92520371311044e-07,779.8,BID
379,1712302966.2455728,3712963.19513819,758.5,3.95375922980136e-08,779.8,BID
380,1712302975.2897165,3713130.94034487,758.4,-2.1544783450870386e-08,779.8,ASK
381,1712302975.2914798,3713358.76475845,758.4,-2.9261209619893744e-08,779.8,ASK
382,1712302977.1656888,3713411.32547092,758.5,6.750769161191722e-09,779.8,BID
383,1712302980.965606,3713411.32547092,758.5,0.0,779.8,BID
384,1712303010.925369,3713411.32547092,758.5,0.0,779.8,BID
385,1712303040.6994116,3713411.32547092,758.5,0.0,779.8,BID
386,1712303070.6858168,3713411.32547092,758.5,0.0,779.8,BID
387,1712303100.687455,3713411.32547092,758.5,0.0,779.8,BID
388,1712303118.5349436,3713771.44571872,758.5,-4.643599012777312e-08,779.8,ASK
389,1712303118.5384183,3714430.64149986,758.5,-8.500052127671746e-08,779.8,ASK
390,1712303118.635103,3714466.03872074,758.5,-4.5643226376929155e-09,779.8,ASK
391,1712303118.6389666,3714642.28071066,758.5,-2.272566275853401e-08,779.8,ASK
392,1712303126.6451545,3714955.39794069,758.5,-4.037514883250591e-08,779.8,ASK
393,1712303128.257289,3715021.3175188,758.5,-8.500052127137343e-09,779.8,ASK
394,1712303128.2613769,3715339.29176875,758.4,-4.10014411069028e-08,779.8,ASK
395,1712303128.2631488,3717485.39794069,758.5,-2.767313574346181e-07,779.8,ASK
396,1712303129.454819,3717596.21115795,758.4,-1.4288897928251673e-08,779.8,ASK
397,1712303130.6948092,3717596.21115795,758.4,-0.0,779.8,ASK
398,1712303138.213046,3717746.89609401,758.4,-1.942223873931134e-08,779.8,ASK
399,1712303138.295603,3718963.21913942,758.4,-1.567755688773792e-07,779.8,ASK
400,1712303138.3758302,3719105.40641395,758.4,-1.832694935420339e-08,779.8,ASK
401,1712303138.3993273,3719487.4177969,758.4,-4.9238606557393454e-08,779.8,ASK
402,1712303145.6349444,3720057.2377969,758.4,-7.34458292102716e-08,779.8,ASK
403,1712303148.0849364,3720285.06222045,758.4,-2.9364981401142e-08,779.8,ASK
404,1712303154.715094,3721230.7575033,758.4,-1.218935352026557e-07,779.8,ASK
405,1712303160.7147622,3721230.7575033,758.4,-0.0,779.8,ASK
406,1712303190.716406,3721230.7575033,758.4,-0.0,779.8,ASK
407,1712303203.9551067,3721584.22475698,758.4,-4.554328621608137e-08,779.8,ASK
408,1712303213.416379,3721723.08793593,758.4,-1.789213976108444e-08,779.8,ASK
409,1712303220.9991002,3721723.08793593,758.4,-0.0,779.8,ASK
410,1712303222.1524315,3721771.13149664,758.4,-6.189983236467595e-09,779.8,ASK
411,1712303222.154294,3721982.43732595,758.4,-2.7224866805698392e-08,779.8,ASK
412,1712303224.274916,3722228.32281455,758.4,-3.16801467259705e-08,779.8,ASK
413,1712303224.4149678,3722853.71683775,758.4,-8.05764281956151e-08,779.8,ASK
414,1712303225.374823,3723315.91878805,758.4,-5.9550588714709814e-08,779.8,ASK
415,1712303250.9951177,3723315.91878805,758.4,-0.0,779.8,ASK
416,1712303265.945527,3724634.48418889,758.4,-1.6985892560165698e-07,779.8,ASK
417,1712303265.949402,3725293.76688931,758.4,-8.49294628007985e-08,779.8,ASK
418,1712303265.9551363,3725357.32822659,758.4,-8.188035613038355e-09,779.8,ASK
419,1712303280.5979505,3725357.32822659,758.4,-0.0,779.8,ASK
420,1712303308.7857356,3725364.32822659,758.3,9.015672544732842e-10,779.8,BID
421,1712303310.6956291,3725364.32822659,758.3,0.0,779.8,BID
422,1712303328.4558992,3725371.32822659,758.3,9.015666381096344e-10,779.8,BID
423,1712303331.191072,3725378.32822659,758.2,-9.015666381096344e-10,779.8,ASK
424,1712303340.9604185,3725378.32822659,758.2,-0.0,779.8,ASK
425,1712303349.1498384,3725496.2021551,758.1,1.5181579450158894e-08,779.8,BID
426,1712303349.2357976,3725496.20215511,758.1,1.2594723219044681e-18,779.8,BID
427,1712303350.5712707,3725669.1549568,758.4,2.227546611173212e-08,779.8,BID
428,1712303350.649293,3726080.99580801,758.4,5.304306628695976e-08,779.8,BID
429,1712303367.6287494,3728802.95739689,758.2,-3.5057520050598774e-07,779.8,ASK
430,1712303367.6308296,3729822.27343579,758.2,-1.312828682727248e-07,779.8,ASK
431,1712303370.9654174,3729822.27343579,758.2,-0.0,779.8,ASK
432,1712303400.7262948,3729822.27343579,758.2,-0.0,779.8,ASK
433,1712303409.7664702,3729862.27343579,760.0,5.187913261045642e-09,779.8,BID
434,1712303426.456588,3729870.16505751,760.3,1.023526224314536e-09,779.8,BID
435,1712303430.686509,3729870.16505751,760.3,0.0,779.8,BID
436,1712303432.5165842,3730232.63554751,758.2,-4.701141460424624e-08,779.8,ASK
437,1712303460.9768252,3730232.63554751,758.2,-0.0,779.8,ASK
438,1712303490.9915926,3730232.63554751,758.2,-0.0,779.8,ASK
439,1712303520.6971142,3730232.63554751,758.2,-0.0,779.8,ASK
440,1712303525.0175688,3734475.73618384,758.2,-5.502987385473952e-07,779.8,ASK
441,1712303525.0219765,3734557.95591478,758.2,-1.0663290385500473e-08,779.8,ASK
442,1712303527.38713,3736118.0623406,758.2,2.023342531114133e-07,779.8,BID
443,1712303536.4973085,3736245.6275156,758.2,1.6544258763058146e-08,779.8,BID
444,1712303538.807186,3736827.2016246,758.2,7.542585622749343e-08,779.8,BID
445,1712303538.810596,3736827.20162507,758.2,6.093635681250438e-17,779.8,BID
446,1712303550.7020452,3736827.20162507,758.2,0.0,779.8,BID
447,1712303580.977507,3736827.20162507,758.2,0.0,779.8,BID
448,1712303594.237727,3736840.3942372,758.0,-1.7098753302782211e-09,779.8,ASK
449,1712303610.9374418,3736840.3942372,758.0,-0.0,779.8,ASK
450,1712303632.3377824,3737483.02067322,757.3,-8.328977268332029e-08,779.8,ASK
451,1712303632.3423047,3737615.03387454,757.5,-1.7110017442233378e-08,779.8,ASK
452,1712303632.345759,3737622.03387454,757.3,-9.072586748747946e-10,779.8,ASK
453,1712303632.437615,3738267.62909657,757.3,8.367455223489812e-08,779.8,BID
454,1712303633.0865345,3738267.75750791,758.0,1.6643186031880188e-11,779.8,BID
455,1712303634.2681067,3738913.22409657,758.3,8.365788027196512e-08,779.8,BID
456,1712303640.717054,3738913.22409657,758.3,0.0,779.8,BID
457,1712303669.47791,3739091.05569257,758.3,-2.3043775109598323e-08,779.8,ASK
458,1712303670.6118934,3739091.05569257,758.3,-0.0,779.8,ASK
459,1712303700.7377248,3739091.05569257,758.3,-0.0,779.8,ASK
460,1712303730.6632345,3739091.05569257,758.3,-0.0,779.8,ASK
461,1712303736.789839,3739091.05569356,758.3,-1.2841890341042232e-16,779.8,ASK
462,1712303736.9881656,3739103.5677632,758.1,-1.623023153690438e-09,779.8,ASK
463,1712303760.9532783,3739103.5677632,758.1,-0.0,779.8,ASK
464,1712303790.991973,3739103.5677632,758.1,-0.0,779.8,ASK
465,1712303820.6716423,3739103.5677632,758.1,-0.0,779.8,ASK
466,1712303826.7605698,3740049.2630452,758.2,1.2267222726659592e-07,779.8,BID
467,1712303826.7780535,3740049.26304605,758.2,1.1023716385655075e-16,779.8,BID
468,1712303850.6812255,3740049.26304605,758.2,0.0,779.8,BID
469,1712303880.9831913,3740049.26304605,758.2,0.0,779.8,BID
470,1712303910.998195,3740049.26304605,758.2,0.0,779.8,BID
471,1712303940.6715405,3740049.26304605,758.2,0.0,779.8,BID
472,1712303954.9885168,3740059.26304605,757.3,-1.2970437825837567e-09,779.8,ASK
473,1712303954.9930303,3740445.40724253,757.3,-5.0084592922524544e-08,779.8,ASK
474,1712303970.6121151,3740445.40724253,757.3,-0.0,779.8,ASK
475,1712304000.873998,3740445.40724253,757.3,-0.0,779.8,ASK
476,1712304016.0708308,3740551.54285162,757.2,-1.3770121227406306e-08,779.8,ASK
477,1712304018.2324405,3740705.53063632,757.2,-1.9978501852883883e-08,779.8,ASK
478,1712304030.6784427,3740705.53063632,757.2,-0.0,779.8,ASK
479,1712304031.80857,3740718.73893112,757.1,-1.713611241710672e-09,779.8,ASK
480,1712304031.8113282,3741092.327539,757.1,-4.846845470452967e-08,779.8,ASK
481,1712304060.96861,3741092.327539,757.1,-0.0,779.8,ASK
482,1712304088.8025846,3741723.21033515,757.1,-8.18460517434063e-08,779.8,ASK
483,1712304088.807096,3741873.210335,757.1,-1.945988672407156e-08,779.8,ASK
484,1712304089.258463,3741873.21033515,757.1,-1.9452483490776088e-17,779.8,ASK
485,1712304089.2721214,3741949.24719116,757.0,-9.86445737526672e-09,779.8,ASK
486,1712304089.2755785,3742049.24719116,756.6,-1.2973257829016033e-08,779.8,ASK
487,1712304089.2792628,3743050.0795794,756.3,-1.2984056616266258e-07,779.8,ASK
488,1712304089.2829769,3743182.1799757,757.0,-1.7137725005176946e-08,779.8,ASK
489,1712304089.2863634,3743314.43761356,756.1,-1.715812435811659e-08,779.8,ASK
490,1712304089.2889075,3744634.78140467,757.0,-1.71291604250102e-07,779.8,ASK
491,1712304089.2908776,3744650.08650509,756.8,-1.985570138479561e-09,779.8,ASK
492,1712304089.2928813,3750811.93360636,756.2,-7.993923114775363e-07,779.8,ASK
493,1712304089.294869,3751811.93360636,756.1,-1.2973257829016034e-07,779.8,ASK
494,1712304089.2968717,3752670.27499407,756.0,-1.1135484128078128e-07,779.8,ASK
495,1712304091.018557,3752670.27499407,756.0,-0.0,779.8,ASK
496,1712304120.7129588,3752670.27499407,756.0,-0.0,779.8,ASK
497,1712304142.5999434,3754567.581494,757.1,-2.458631456654908e-07,779.8,ASK
498,1712304142.6036575,3757567.084634,757.1,-3.886916939679e-07,779.8,ASK
499,1712304142.6058428,3757772.02421392,756.9,-2.65571692250791e-08,779.8,ASK
500,1712304150.655821,3757772.02421392,756.9,-0.0,779.8,ASK
501,1712304180.9758475,3757772.02421392,756.9,-0.0,779.8,ASK
502,1712304185.5668647,3758157.36740978,756.8,-4.9909855716694024e-08,779.8,ASK
503,1712304185.5691187,3761156.08152978,757.0,-3.883950480315874e-07,779.8,ASK
504,1712304185.5716054,3761169.29331469,756.9,-1.7111974097356263e-09,779.8,ASK
505,1712304185.5736732,3761182.49812123,757.3,-1.7102935675690087e-09,779.8,ASK
506,1712304185.5758042,3766095.60238938,756.8,-6.363478784074631e-07,779.8,ASK
507,1712304185.5779166,3766108.81242901,757.0,-1.7109713601573519e-09,779.8,ASK
508,1712304185.580057,3766122.02421392,756.9,-1.7111974097356263e-09,779.8,ASK
509,1712304188.3574967,3766199.07047297,757.3,9.979072458058184e-09,779.8,BID
510,1712304192.4885848,3766212.27527951,757.3,1.7102935675086959e-09,779.8,BID
511,1712304193.6286008,3768109.58177944,757.1,-2.457401471705061e-07,779.8,ASK
512,1712304193.6324315,3772667.0305511,757.1,-5.902831893060428e-07,779.8,ASK
513,1712304193.7625048,3772669.21313136,757.3,2.826889562821466e-10,779.8,BID
514,1712304211.0131483,3772669.21313136,757.3,0.0,779.8,BID
515,1712304227.0685678,3772795.70714145,757.3,-1.6359676935024832e-08,779.8,ASK
516,1712304240.6220093,3772795.70714145,757.3,-0.0,779.8,ASK
517,1712304270.6749125,3772795.70714145,757.3,-0.0,779.8,ASK
518,1712304272.5285645,3772835.32156109,757.3,-5.123334122661022e-09,779.8,ASK
519,1712304299.138699,3772967.36962658,757.3,-1.7077780411821048e-08,779.8,ASK
520,1712304301.0086198,3772967.36962658,757.3,-0.0,779.8,ASK
521,1712304325.7986338,3773231.46575757,757.3,3.4252571110400065e-08,779.8,BID
522,1712304330.9745233,3773231.46575757,757.3,0.0,779.8,BID
523,1712304350.1319058,3775272.96922215,757.3,2.6477074281499657e-07,779.8,BID
524,1712304350.1424532,3775539.62020502,757.8,3.458303159012545e-08,779.8,BID
525,1712304360.633319,3775539.62020502,757.8,0.0,779.8,BID
526,1712304390.6964805,3775539.62020502,757.8,0.0,779.8,BID
527,1712304408.4696193,3775605.55028417,758.0,8.54879727701059e-09,779.8,BID
528,1712304410.318555,3775869.61904239,757.0,-3.424036965097102e-08,779.8,ASK
529,1712304420.9787524,3775869.61904239,757.0,-0.0,779.8,ASK
530,1712304450.9428296,3775869.61904239,757.0,-0.0,779.8,ASK
531,1712304455.768694,3776136.27002526,757.2,-3.457407257663936e-08,779.8,ASK
532,1712304459.378579,3776299.69435671,757.2,2.1189663865266752e-08,779.8,BID
533,1712304480.2405205,3776299.69435717,757.2,5.959291610188111e-17,779.8,BID
534,1712304480.2427068,3780367.60677417,757.2,5.274471431798749e-07,779.8,BID
535,1712304480.674692,3780367.60677417,757.2,0.0,779.8,BID
536,1712304510.6747634,3780367.60677417,757.2,0.0,779.8,BID
537,1712304526.6087797,3780374.21137004,757.2,-8.559765239661133e-10,779.8,ASK
538,1712304540.1505735,3781992.84449206,757.2,2.097799745181977e-07,779.8,BID
539,1712304540.9618635,3781992.84449206,757.2,0.0,779.8,BID
540,1712304542.771396,3782136.48017222,757.2,1.8612670060091005e-08,779.8,BID
541,1712304570.9847505,3782136.48017222,757.2,0.0,779.8,BID
542,1712304600.7422578,3782136.48017222,757.2,0.0,779.8,BID
543,1712304604.658645,3784766.04293371,757.4,-3.410306413794425e-07,779.8,ASK
544,1712304630.6811705,3784766.04293371,757.4,-0.0,779.8,ASK
545,1712304660.978409,3784766.04293371,757.4,-0.0,779.8,ASK
546,1712304690.968378,3784766.04293371,757.4,-0.0,779.8,ASK
547,1712304706.478493,3784991.17622329,757.9,2.9190223202685783e-08,779.8,BID
548,1712304715.4684126,3785029.92999004,757.9,5.02471715083144e-09,779.8,BID
549,1712304720.6770082,3785029.92999004,757.9,0.0,779.8,BID
550,1712304750.6923828,3785029.92999004,757.9,0.0,779.8,BID
551,1712304752.1884131,3788025.82907004,758.0,3.8843076172715857e-07,779.8,BID
552,1712304753.3129065,3793612.19189804,758.0,7.242951483413785e-07,779.8,BID
553,1712304753.3153195,3803013.50168604,758.0,1.2189188703198597e-06,779.8,BID
554,1712304753.388471,3804963.99991004,758.0,2.5289019778857545e-07,779.8,BID
555,1712304753.4083953,3804963.99991089,758.0,1.1024460468353732e-16,779.8,BID
556,1712304769.0314047,3804971.91234661,758.5,1.0258801620704834e-09,779.8,BID
557,1712304780.98989,3804971.91234661,758.5,0.0,779.8,BID
558,1712304810.958518,3804971.91234661,758.5,0.0,779.8,BID
559,1712304840.6639156,3804971.91234661,758.5,0.0,779.8,BID
560,1712304850.2384655,3804979.82478233,759.7,1.023873517838544e-09,779.8,BID
561,1712304870.692509,3804979.82478233,759.7,0.0,779.8,BID
562,1712304875.7785554,3808036.47722595,760.0,3.955321934470661e-07,779.8,BID
563,1712304875.7836912,3808044.38757533,759.9,1.023602748105591e-09,779.8,BID
564,1712304875.788074,3811566.68250014,760.0,4.557865387951998e-07,779.8,BID
565,1712304900.7406578,3811566.68250014,760.0,0.0,779.8,BID
566,1712304918.7712188,3811666.68250014,760.0,-1.2976378649057182e-08,779.8,ASK
567,1712304918.7736597,3812005.96369853,760.0,-4.402641298818342e-08,779.8,ASK
568,1712304919.9382153,3812166.68250014,760.0,-2.0855480257102493e-08,779.8,ASK
569,1712304930.7039988,3812166.68250014,760.0,-0.0,779.8,ASK
570,1712304937.0482311,3812298.26144751,760.0,-1.7073172174589814e-08,779.8,ASK
571,1712304960.9682057,3812298.26144751,760.0,-0.0,779.8,ASK
572,1712304966.8582156,3812824.50799401,760.1,6.828281798723343e-08,779.8,BID
573,1712304973.308375,3812956.00384981,760.1,1.7062169143679497e-08,779.8,BID
574,1712304990.9781566,3812956.00384981,760.1,0.0,779.8,BID
575,1712305020.6780388,3812956.00384981,760.1,0.0,779.8,BID
576,1712305043.8386583,3813087.56548643,760.1,-1.7069597179049382e-08,779.8,ASK
577,1712305050.67042,3813087.56548643,760.1,-0.0,779.8,ASK
578,1712305081.008603,3813087.56548643,760.1,-0.0,779.8,ASK
579,1712305095.2578504,3813100.72511269,759.9,-1.7073868234996903e-09,779.8,ASK
580,1712305110.9514043,3813100.72511269,759.9,-0.0,779.8,ASK
581,1712305130.2679598,3813127.04436522,759.9,-3.414769217798872e-09,779.8,ASK
582,1712305140.6576886,3813127.04436522,759.9,-0.0,779.8,ASK
583,1712305170.6679828,3813127.04436522,759.9,-0.0,779.8,ASK
584,1712305200.80832,3813127.04436522,759.9,-0.0,779.8,ASK
585,1712305216.9478822,3813137.04436522,759.2,-1.3041841249470875e-09,779.8,ASK
586,1712305230.618002,3813137.04436522,759.2,-0.0,779.8,ASK
587,1712305243.867726,3814672.48017811,759.1,-2.0024890293087939e-07,779.8,ASK
588,1712305243.8718276,3814682.48017811,759.1,-1.3041828336279467e-09,779.8,ASK
589,1712305245.9585342,3815781.74335086,759.1,-1.4336401595404136e-07,779.8,ASK
590,1712305245.9637878,3818152.52838774,759.2,-3.0919371473203626e-07,779.8,ASK
591,1712305255.8679645,3818355.31601474,759.8,2.6447214200601887e-08,779.8,BID
592,1712305255.9787362,3818360.89126874,760.0,7.271150559644326e-10,779.8,BID
593,1712305255.9828737,3818558.10364174,759.8,2.5720099144576722e-08,779.8,BID
594,1712305258.4678311,3818755.03637519,760.0,2.5683629034502892e-08,779.8,BID
595,1712305258.6556437,3819412.77877749,760.0,8.57816350028571e-08,779.8,BID
596,1712305258.6950638,3819788.6265592,760.0,4.90174224963752e-08,779.8,BID
597,1712305260.011492,3821166.1601857,760.0,1.7965557084260117e-07,779.8,BID
598,1712305260.949729,3821166.1601857,760.0,0.0,779.8,BID
599,1712305262.0606782,3821336.2551331,760.3,2.216586340527232e-08,779.8,BID
600,1712305262.157976,3822759.23500805,760.4,1.8543512325748522e-07,779.8,BID
601,1712305262.1635492,3822759.23500806,760.3,1.2743322335703405e-18,779.8,BID
602,1712305262.2378683,3823233.56163304,760.4,6.181170775207026e-08,779.8,BID
603,1712305264.33094,3824506.27383347,760.6,1.6585304396257088e-07,779.8,BID
604,1712305266.4980664,3824516.31425156,761.0,1.30841356144255e-09,779.8,BID
605,1712305266.5022805,3826199.31425147,761.3,2.193195546328912e-07,779.8,BID
606,1712305266.5063882,3826215.31425147,760.7,2.085034387589808e-09,779.8,BID
607,1712305266.5579095,3826215.31425156,761.3,1.1711720051384557e-17,779.8,BID
608,1712305266.5632062,3827198.59626735,761.4,1.2813605097632858e-07,779.8,BID
609,1712305266.5776076,3828881.59626647,761.4,-2.19319554529913e-07,779.8,ASK
610,1712305266.8778954,3830582.59626647,761.6,2.216652183306415e-07,779.8,BID
611,1712305266.8833728,3836582.59626647,761.6,7.818878953461779e-07,779.8,BID
612,1712305272.7098334,3836598.59626647,761.8,2.085034387589808e-09,779.8,BID
613,1712305272.7191696,3836606.48996467,761.9,1.028664512031336e-09,779.8,BID
614,1712305272.72183,3838307.48996301,762.4,2.216652181143084e-07,779.8,BID
615,1712305272.7242632,3838333.36507248,762.0,3.371905814222922e-09,779.8,BID
616,1712305272.7267275,3838452.02237147,762.1,1.5462784295799984e-08,779.8,BID
617,1712305272.8481193,3838459.23548623,762.5,9.399745197494595e-10,779.8,BID
618,1712305274.052442,3840356.54198523,762.4,2.4724683088831176e-07,779.8,BID
619,1712305274.1326294,3840363.33820512,762.6,8.856470110177561e-10,779.8,BID
620,1712305274.1369922,3840363.33820605,762.4,1.2118292716380809e-16,779.8,BID
621,1712305285.2486725,3840364.92520815,763.2,2.0680962197426523e-10,779.8,BID
622,1712305285.2578645,3846364.92520805,763.2,7.818878953331312e-07,779.8,BID
623,1712305285.2621229,3846376.20825805,763.0,1.4703467029572602e-09,779.8,BID
624,1712305285.328144,3846376.20825815,763.2,1.3046734772267773e-17,779.8,BID
625,1712305285.3378122,3846553.37077888,763.4,2.308687174462563e-08,779.8,BID
626,1712305289.1719823,3848450.67727881,764.1,2.472468310094947e-07,779.8,BID
627,1712305289.1763806,3851427.61825788,764.1,3.8793901944914267e-07,779.8,BID
628,1712305289.2479098,3851427.61825881,764.1,1.2118292716380809e-16,779.8,BID
629,1712305289.6480112,3853324.92475781,764.4,2.472468308882511e-07,779.8,BID
630,1712305290.9705482,3853324.92475781,764.4,0.0,779.8,BID
631,1712305295.4007094,3853390.3355375,764.2,8.496835303402689e-09,779.8,BID
632,1712305311.6379836,3853521.19133441,764.2,1.6998118048767845e-08,779.8,BID
633,1712305320.684358,3853521.19133441,764.2,0.0,779.8,BID
634,1712305334.8281314,3856494.70364441,764.7,3.862505881613382e-07,779.8,BID
635,1712305334.908636,3857281.38254831,762.8,-1.021872982680065e-07,779.8,ASK
636,1712305334.9135988,3859178.68904731,764.8,2.464545879620816e-07,779.8,BID
637,1712305342.842535,3859192.27463642,764.7,1.764728454823662e-09,779.8,BID
638,1712305350.6866114,3859192.27463642,764.7,0.0,779.8,BID
639,1712305353.971372,3861089.58113542,764.5,2.463158746224347e-07,779.8,BID
640,1712305356.338457,3861089.58113635,764.5,1.2072663817941487e-16,779.8,BID
641,1712305379.4483304,3861101.81069722,764.5,-1.587690224782966e-09,779.8,ASK
642,1712305380.7801657,3861101.81069722,764.5,-0.0,779.8,ASK
643,1712305386.9585078,3861168.76740852,764.5,-8.690939397727107e-09,779.8,ASK
644,1712305387.3785057,3861168.76740853,764.5,-1.3297359873864936e-18,779.8,ASK
645,1712305391.788866,3861568.76740853,764.5,-5.191975071035689e-08,779.8,ASK
646,1712305398.2585304,3862168.76740853,764.5,-7.787962606553536e-08,779.8,ASK
647,1712305408.1188445,3862693.16990353,764.5,6.806711703066844e-08,779.8,BID
648,1712305410.6603885,3862693.16990353,764.5,0.0,779.8,BID
649,1712305440.9808192,3862693.16990353,764.5,0.0,779.8,BID
650,1712305450.2996554,3862993.16990353,764.0,-3.8933664894803854e-08,779.8,ASK
651,1712305463.968902,3863693.16990353,764.0,-9.084521808787569e-08,779.8,ASK
652,1712305464.0688992,3864785.04042105,764.0,1.4170173612549617e-07,779.8,BID
653,1712305464.172017,3868674.82913968,764.0,5.048124349424419e-07,779.8,BID
654,1712305464.2509646,3869217.77104474,764.0,7.04623939631556e-08,779.8,BID
655,1712305465.5790937,3869228.34564474,763.9,1.3723597759801339e-09,779.8,BID
656,1712305465.58486,3872438.70864363,764.0,4.1663732396489857e-07,779.8,BID
657,1712305470.968977,3872438.70864363,764.0,0.0,779.8,BID
658,1712305500.6889646,3872438.70864363,764.0,0.0,779.8,BID
659,1712305521.6694562,3873227.49462,764.0,-1.0238049010559229e-07,779.8,ASK
660,1712305521.6824994,3873881.94488178,764.0,-8.494438359456561e-08,779.8,ASK
661,1712305530.688091,3873881.94488178,764.0,-0.0,779.8,ASK
662,1712305557.599207,3873891.94488178,764.4,1.2977644502038901e-09,779.8,BID
663,1712305560.9939363,3873891.94488178,764.4,0.0,779.8,BID
664,1712305590.9611676,3873891.94488178,764.4,0.0,779.8,BID
665,1712305620.7291155,3873891.94488178,764.4,0.0,779.8,BID
666,1712305624.2968252,3873997.98265171,764.6,-1.3761191168146594e-08,779.8,ASK
667,1712305630.809406,3874022.76644117,764.6,-3.2163488996092205e-09,779.8,ASK
668,1712305630.949411,3874108.05360208,764.5,-1.1068253568916348e-08,779.8,ASK
669,1712305633.0793576,3874122.76644117,764.5,-1.909378059167333e-09,779.8,ASK
670,1712305646.1894794,3874833.13638752,764.3,9.218919483390285e-08,779.8,BID
671,1712305649.0594015,3875138.39437422,764.0,-3.961525702925174e-08,779.8,ASK
672,1712305649.119332,3875723.43787844,764.0,-7.592479084169965e-08,779.8,ASK
673,1712305650.6832948,3875723.43787844,764.0,-0.0,779.8,ASK
674,1712305650.711304,3875742.40947529,764.0,-2.461616836841519e-09,779.8,ASK
675,1712305650.714603,3876036.67279334,764.0,-3.8181474332399374e-08,779.8,ASK
676,1712305660.5094552,3876429.3429504,764.0,5.095003217612514e-08,779.8,BID
677,1712305666.5695176,3876785.45669849,764.0,4.6206737632893374e-08,779.8,BID
678,1712305666.6901474,3876822.01310746,764.0,-4.7432945432317695e-09,779.8,ASK
679,1712305680.9894438,3876822.01310746,764.0,-0.0,779.8,ASK
680,1712305681.8507516,3876835.10039969,764.1,1.69792722942967e-09,779.8,BID
681,1712305711.0130937,3876835.10039969,764.1,0.0,779.8,BID
682,1712305724.8700137,3876848.94109142,763.3,-1.79566991091755e-09,779.8,ASK
683,1712305724.8759482,3876868.94109142,762.6,-2.594769027383946e-09,779.8,ASK
684,1712305724.8817556,3876892.07590063,763.1,-3.001474319622724e-09,779.8,ASK
685,1712305724.8859937,3878202.1767784,763.3,-1.6997045901927434e-07,779.8,ASK
686,1712305724.8885996,3878384.6727629,762.5,-2.367674641016259e-08,779.8,ASK
687,1712305724.8913493,3878401.76869999,763.0,-2.218000402761114e-09,779.8,ASK
688,1712305724.893979,3879401.76869999,763.0,-1.297384513691973e-07,779.8,ASK
689,1712305740.641911,3879401.76869999,763.0,-0.0,779.8,ASK
690,1712305770.680453,3879401.76869999,763.0,-0.0,779.8,ASK
691,1712305800.7349102,3879401.76869999,763.0,-0.0,779.8,ASK
692,1712305812.6024048,3883115.79373203,763.0,4.827636767214686e-07,779.8,BID
693,1712305830.6716363,3883115.79373203,763.0,0.0,779.8,BID
694,1712305832.049668,3883249.33445312,762.3,-1.7351760089361882e-08,779.8,ASK
695,1712305832.1697156,3883408.00506978,762.3,-2.061704063784112e-08,779.8,ASK
696,1712305832.41057,3883488.89901263,762.3,-1.0511043205048025e-08,779.8,ASK
697,1712305832.414085,3885340.92151074,762.3,-2.4064457496557885e-07,779.8,ASK
698,1712305832.4764185,3886102.95462669,762.3,-9.901560887331533e-08,779.8,ASK
699,1712305832.5296507,3888949.21524563,762.2,-3.698319958774522e-07,779.8,ASK
700,1712305834.559593,3890087.02245665,762.2,-1.4784222814143024e-07,779.8,ASK
701,1712305834.5624883,3890152.62203681,762.2,-8.523753410987802e-09,779.8,ASK
702,1712305834.6203237,3890979.19614072,762.0,-1.0740181294554189e-07,779.8,ASK
703,1712305834.623304,3892291.53209872,762.0,-1.7051981233874806e-07,779.8,ASK
704,1712305837.3128104,3892464.95799481,762.0,-2.2534284057122985e-08,779.8,ASK
705,1712305860.992566,3892464.95799481,762.0,-0.0,779.8,ASK
706,1712305866.8800952,3892480.36970545,761.7,-2.000685105065449e-09,779.8,ASK
707,1712305890.9739146,3892480.36970545,761.7,-0.0,779.8,ASK
708,1712305894.3800633,3892742.94027128,761.6,3.408578267593324e-08,779.8,BID
709,1712305920.6622589,3892742.94027128,761.6,0.0,779.8,BID
710,1712305950.6938648,3892742.94027128,761.6,0.0,779.8,BID
711,1712305957.6400924,3893142.94027128,761.0,-5.19249333730532e-08,779.8,ASK
712,1712305980.730119,3893142.94027128,761.0,-0.0,779.8,ASK
713,1712306010.6310346,3893142.94027128,761.0,-0.0,779.8,ASK
714,1712306017.3603148,3893190.5065013,761.0,6.1744393292982234e-09,779.8,BID
715,1712306023.7103257,3893848.40123814,760.0,-8.539947639272435e-08,779.8,ASK
716,1712306023.7147274,3894407.84654922,760.0,-7.262003168778182e-08,779.8,ASK
717,1712306025.0502012,3894539.25259389,761.0,1.7057451262712e-08,779.8,BID
718,1712306035.890319,3895196.28281728,761.0,8.528725631881881e-08,779.8,BID
719,1712306040.993781,3895196.28281728,761.0,0.0,779.8,BID
720,1712306057.18024,3901144.66258074,761.0,7.719860816070923e-07,779.8,BID
721,1712306069.2902253,3901538.88071477,761.0,5.116198438733628e-08,779.8,BID
722,1712306070.9841208,3901538.88071477,761.0,0.0,779.8,BID
723,1712306100.6502557,3901538.88071477,761.0,0.0,779.8,BID
724,1712306113.8505566,3902120.65128477,760.1,-7.558672320481074e-08,779.8,ASK
725,1712306113.8636389,3902178.82834211,760.0,-7.558672364628792e-09,779.8,ASK
726,1712306113.960458,3902178.82834213,760.0,2.60155109896566e-18,779.8,BID
727,1712306113.967079,3902325.79342254,760.0,1.9094484022693893e-08,779.8,BID
728,1712306130.6214542,3902325.79342254,760.0,0.0,779.8,BID
729,1712306149.1302457,3902998.29998287,760.0,-8.736883569746808e-08,779.8,ASK
730,1712306160.9598925,3902998.29998287,760.0,-0.0,779.8,ASK
731,1712306165.6381955,3903129.87893023,760.0,-1.709297251591908e-08,779.8,ASK
732,1712306190.990177,3903129.87893023,760.0,-0.0,779.8,ASK
733,1712306216.010251,3903143.03855649,759.9,-1.709499980430054e-09,779.8,ASK
734,1712306220.6725233,3903143.03855649,759.9,-0.0,779.8,ASK
735,1712306241.9802327,3903207.43835041,759.0,-8.365838152053424e-09,779.8,ASK
736,1712306250.6800122,3903207.43835041,759.0,-0.0,779.8,ASK
737,1712306280.9728382,3903207.43835041,759.0,-0.0,779.8,ASK
738,1712306310.9940886,3903207.43835041,759.0,-0.0,779.8,ASK
739,1712306340.6347084,3903207.43835041,759.0,-0.0,779.8,ASK
740,1712306346.5103211,3903219.96483262,759.0,-1.627239017366258e-09,779.8,ASK
741,1712306346.516641,3903384.57286951,759.0,-2.138322760595348e-08,779.8,ASK
742,1712306346.5221217,3903420.17307559,759.0,-4.6246059658394195e-09,779.8,ASK
743,1712306349.3857718,3903433.34830615,759.0,1.71151396466657e-09,779.8,BID
744,1712306365.2201614,3903565.18746238,758.5,-1.7126421882618432e-08,779.8,ASK
745,1712306370.626822,3903565.18746238,758.5,-0.0,779.8,ASK
746,1712306375.1579144,3903769.88851935,758.5,2.659052997681165e-08,779.8,BID
747,1712306375.1609943,3903852.02086238,758.5,1.0668936261178371e-08,779.8,BID
748,1712306400.7407207,3903852.02086238,758.5,0.0,779.8,BID
749,1712306430.6196015,3903852.02086238,758.5,0.0,779.8,BID
750,1712306441.440154,3905170.93407738,758.2,-1.7261528447693578e-07,779.8,ASK
751,1712306441.4803104,3905170.93407789,758.2,-6.673401923451719e-17,779.8,ASK
752,1712306449.990537,3905184.12669002,758.0,-1.7266082937585635e-09,779.8,ASK
753,1712306450.0000055,3906722.91808729,757.9,-2.013922612720461e-07,779.8,ASK
754,1712306450.0099971,3906736.1124401,757.9,-1.7268361085860415e-09,779.8,ASK
755,1712306450.019922,3909287.57041608,757.9,-3.339269326789295e-07,779.8,ASK
756,1712306460.982656,3909287.57041608,757.9,-0.0,779.8,ASK
757,1712306465.3838334,3909297.57041608,757.5,-1.3080637626026991e-09,779.8,ASK
758,1712306465.3867989,3909310.77173621,757.5,-1.7268168481065011e-09,779.8,ASK
759,1712306470.130277,3909323.97828665,757.2,-1.727501005931288e-09,779.8,ASK
760,1712306471.0205486,3909333.97828665,757.1,-1.3080637626026991e-09,779.8,ASK
761,1712306471.0262704,3909369.62756901,757.0,-4.66315344178864e-09,779.8,ASK
762,1712306471.0299697,3909382.83760864,757.0,-1.727957414263569e-09,779.8,ASK
763,1712306485.3202913,3909582.83760864,757.8,2.6161275252053983e-08,779.8,BID
764,1712306491.0125668,3909582.83760864,757.8,0.0,779.8,BID
765,1712306520.6945014,3909582.83760864,757.8,0.0,779.8,BID
766,1712306520.923961,3909846.42975028,757.3,3.4478524002982424e-08,779.8,BID
767,1712306534.5101414,3909978.53014656,757.0,-1.7279068547391082e-08,779.8,ASK
768,1712306535.459931,3910110.57821205,757.3,1.7272223546599482e-08,779.8,BID
769,1712306542.3600004,3910110.57821207,757.0,-2.6191163825597185e-18,779.8,ASK
770,1712306550.6104214,3910110.57821207,757.0,-0.0,779.8,ASK
771,1712306576.21012,3910120.57821207,756.7,-1.307957120893314e-09,779.8,ASK
772,1712306580.767092,3910120.57821207,756.7,-0.0,779.8,ASK
773,1712306600.830359,3910226.37883902,756.7,1.3838254645315505e-08,779.8,BID
774,1712306600.9301271,3910382.53150136,756.7,2.0424078451008847e-08,779.8,BID
775,1712306604.680738,3910470.64273332,756.7,1.1524559921107073e-08,779.8,BID
776,1712306604.6874616,3911526.5151812,756.7,1.381034520106793e-07,779.8,BID
777,1712306605.7865217,3911757.80842984,756.7,3.025213521583084e-08,779.8,BID
778,1712306606.8509996,3911778.9378318,756.7,2.7636324401195363e-09,779.8,BID
779,1712306610.646495,3911778.9378318,756.7,0.0,779.8,BID
780,1712306619.009925,3912041.37257607,757.0,3.4319672295146646e-08,779.8,BID
781,1712306640.9628632,3912041.37257607,757.0,0.0,779.8,BID
782,1712306658.8490129,3912214.92979061,756.2,-2.2696202060207365e-08,779.8,ASK
783,1712306658.856309,3912228.14856126,756.5,-1.7286281671439591e-09,779.8,ASK
784,1712306658.8597405,3912241.37257607,756.2,-1.7293139496759883e-09,779.8,ASK
785,1712306670.9747784,3912241.37257607,756.2,-0.0,779.8,ASK
786,1712306672.6199963,3912503.9431419,756.2,-3.4335863072408515e-08,779.8,ASK
787,1712306700.7198534,3912503.9431419,756.2,-0.0,779.8,ASK
788,1712306730.6710453,3912503.9431419,756.2,-0.0,779.8,ASK
789,1712306733.2002552,3917283.87419548,756.2,-6.272056444908884e-07,779.8,ASK
790,1712306760.9752162,3917283.87419548,756.2,-0.0,779.8,ASK
791,1712306770.710207,3917548.3544917,756.2,-3.46877167686494e-08,779.8,ASK
792,1712306790.9754846,3917548.3544917,756.2,-0.0,779.8,ASK
793,1712306792.1899276,3917680.5946397,756.3,-1.7343403437642132e-08,779.8,ASK
794,1712306793.3929205,3917812.8347878,756.2,-1.7343403450772582e-08,779.8,ASK
795,1712306793.398245,3919289.18616239,756.2,-1.936246888141572e-07,779.8,ASK
796,1712306793.402606,3919289.18616249,756.3,-1.3130449519616692e-17,779.8,ASK
797,1712306793.405747,3919746.5639267,756.2,-5.998546740968104e-08,779.8,ASK
798,1712306797.8301182,3919746.56392692,756.2,-2.882591708492595e-17,779.8,ASK
799,1712306797.8386838,3922567.64427592,756.0,-3.699869923219644e-07,779.8,ASK
800,1712306797.8425703,3922580.8700397,756.1,-1.7345697239290803e-09,779.8,ASK
801,1712306798.269923,3922668.36652348,756.0,-1.147523532393357e-08,779.8,ASK
802,1712306798.5299225,3922756.56017389,756.0,-1.1566669296984754e-08,779.8,ASK
803,1712306820.6831095,3922756.56017389,756.0,-0.0,779.8,ASK
804,1712306830.6902149,3924521.62741092,756.0,-2.3137051796971962e-07,779.8,ASK
805,1712306830.6980965,3924648.89501229,756.0,-1.6682634084450932e-08,779.8,ASK
806,1712306850.689765,3924648.89501229,756.0,-0.0,779.8,ASK
807,1712306865.53993,3928048.94613535,756.0,-4.456057409774489e-07,779.8,ASK
808,1712306865.5439997,3930339.28636546,756.0,-3.0016864993788977e-07,779.8,ASK
809,1712306865.54789,3931681.60415629,756.0,-1.759222118024339e-07,779.8,ASK
810,1712306865.559797,3932684.12140494,756.0,-1.3138844836696466e-07,779.8,ASK
811,1712306865.5635796,3940790.7792313,756.0,-1.0624467505991574e-06,779.8,ASK
812,1712306865.56749,3940835.51435229,756.0,-5.862919707647668e-09,779.8,ASK
813,1712306865.579896,3944117.31970174,756.0,-4.301086223578334e-07,779.8,ASK
814,1712306880.9958785,3944117.31970174,756.0,-0.0,779.8,ASK
815,1712306906.8798614,3946068.86899427,756.0,-2.552747949321615e-07,779.8,ASK
816,1712306910.9592345,3946068.86899427,756.0,-0.0,779.8,ASK
817,1712306940.652758,3946068.86899427,756.0,-0.0,779.8,ASK
818,1712306941.6298602,3947482.65914451,757.0,1.8489686899510253e-07,779.8,BID
819,1712306941.6352448,3947548.70934267,757.0,8.638110001146265e-09,779.8,BID
820,1712306970.7050834,3947548.70934267,757.0,0.0,779.8,BID
821,1712306980.801366,3950196.51790867,757.3,-3.462322883076802e-07,779.8,ASK
1022,1712306984.8509383,3950196.51790899,757.3,-4.1831925437828765e-17,779.8,ASK
822,1712306984.8509383,3950196.51790899,757.3,-4.183192543782877e-17,779.8,ASK
823,1712306984.8740685,3950275.31778534,757.0,-1.0304015878395933e-08,779.8,ASK
824,1712306985.3999236,3950296.51790899,757.0,-2.772166922490898e-09,779.8,ASK
825,1712306998.1597652,3950396.51790899,756.9,1.3076182800886833e-08,779.8,BID
826,1712307000.7042196,3950396.51790899,756.9,0.0,779.8,BID
827,1712307002.56011,3950514.92675971,756.9,1.548978386046485e-08,779.8,BID
828,1712307011.6701248,3952015.03449151,756.0,-1.962382405679449e-07,779.8,ASK
829,1712307018.1214104,3952794.74155605,756.0,-1.0199823603339265e-07,779.8,ASK
830,1712307018.1303084,3952918.17318544,756.0,-1.6146844168892456e-08,779.8,ASK
831,1712307018.2249126,3953053.04150013,756.0,-1.7642946717869393e-08,779.8,ASK
832,1712307018.3798418,3953121.6093154,756.0,-8.969774065486009e-09,779.8,ASK
833,1712307018.682309,3957422.8617364,756.0,-5.626730597027293e-07,779.8,ASK
834,1712307018.7600288,3957436.08924926,756.0,-1.7303716230902583e-09,779.8,ASK
835,1712307018.7669156,3961380.5335724,756.0,-5.159968164835901e-07,779.8,ASK
836,1712307020.1699123,3961380.53357276,756.0,-4.708806239952382e-17,779.8,ASK
837,1712307021.900874,3961387.14952725,755.9,-8.654733531838983e-10,779.8,ASK
838,1712307030.6830757,3961387.14952725,755.9,-0.0,779.8,ASK
839,1712307034.6597605,3962671.74952724,755.8,1.6786389958882885e-07,779.8,BID
840,1712307040.0397823,3962806.58482291,755.9,-1.7619475738366038e-08,779.8,ASK
841,1712307042.1500037,3962819.82109028,755.5,-1.7296368182890943e-09,779.8,ASK
842,1712307042.157097,3962872.76615977,755.5,-6.918547274373375e-09,779.8,ASK
843,1712307042.1624482,3963015.1320102,755.5,-1.86035239153331e-08,779.8,ASK
844,1712307042.2698376,3963412.2725972,755.4,-5.1895973547618426e-08,779.8,ASK
845,1712307042.649856,3963412.27259796,755.4,-9.936780793008583e-17,779.8,ASK
846,1712307042.6560328,3966046.3704382,755.3,-3.442082635563536e-07,779.8,ASK
847,1712307042.749668,3966046.37043987,755.3,-2.182075684245485e-16,779.8,ASK
848,1712307042.7535377,3966112.58683504,755.1,-8.652765304397131e-09,779.8,ASK
849,1712307043.3742535,3966119.33683504,755.0,-8.82049916108623e-10,779.8,ASK
850,1712307043.383976,3966195.37392113,755.0,-9.93607487509527e-09,779.8,ASK
851,1712307043.3894522,3966782.82753888,755.0,-7.676495025989225e-08,779.8,ASK
852,1712307060.9696765,3966782.82753888,755.0,-0.0,779.8,ASK
853,1712307063.1397252,3967044.57338366,755.0,-3.4185184929173395e-08,779.8,ASK
854,1712307072.7998705,3969014.67953968,755.0,-2.57304727531594e-07,779.8,ASK
855,1712307072.8069994,3969140.61146899,755.0,-1.6447276538671582e-08,779.8,ASK
856,1712307075.6515718,3969418.75716435,755.0,3.632707919823523e-08,779.8,BID
857,1712307078.5396743,3969815.63505825,755.9,5.183403850661655e-08,779.8,BID
858,1712307085.8899038,3969948.08538937,755.0,1.729860914156209e-08,779.8,BID
859,1712307090.9697962,3969948.08538937,755.0,0.0,779.8,BID
860,1712307117.1898549,3969961.3515077,753.8,-1.7320740519535771e-09,779.8,ASK
861,1712307117.1944838,3970107.24010185,754.0,-1.9047760778136696e-08,779.8,ASK
862,1712307117.1985164,3970239.70239285,753.8,-1.7294772396636638e-08,779.8,ASK
863,1712307117.2023437,3974122.29788087,753.5,-5.069261958751547e-07,779.8,ASK
864,1712307120.6856806,3974122.29788087,753.5,-0.0,779.8,ASK
865,1712307126.060109,3975217.79993996,753.5,-1.429741326203044e-07,779.8,ASK
866,1712307126.0673018,3978234.47474996,753.5,-3.937066669829873e-07,779.8,ASK
867,1712307126.071659,3979234.47474996,753.4,-1.3051014503713026e-07,779.8,ASK
868,1712307126.0748818,3979367.17114061,753.6,-1.7318225189605108e-08,779.8,ASK
869,1712307126.078099,3985367.17114061,753.2,-7.830608702227815e-07,779.8,ASK
870,1712307126.159855,3986583.49419598,753.2,1.5874249836837612e-07,779.8,BID
871,1712307126.1667445,3986926.22647323,753.2,4.4730039212792656e-08,779.8,BID
872,1712307129.283824,3987112.05073623,753.4,2.425195151553864e-08,779.8,BID
873,1712307129.309757,3987112.05073656,753.4,4.308842720059927e-17,779.8,BID
874,1712307136.879863,3987125.29576967,755.0,1.728611192211121e-09,779.8,BID
875,1712307150.7056012,3987125.29576967,755.0,0.0,779.8,BID
876,1712307180.968332,3987125.29576967,755.0,0.0,779.8,BID
877,1712307210.983501,3987125.29576967,755.0,0.0,779.8,BID
878,1712307222.5266256,3987243.46024763,755.0,1.5401973276824098e-08,779.8,BID
879,1712307222.6796443,3987468.5080813,755.0,2.9333525438834e-08,779.8,BID
880,1712307222.699595,3988487.82412021,755.0,1.3286123429814778e-07,779.8,BID
881,1712307222.7997367,3988774.08636841,755.0,3.731242733066186e-08,779.8,BID
882,1712307240.6655076,3988774.08636841,755.0,0.0,779.8,BID
883,1712307251.4663415,3994280.48333795,755.0,7.176066937127816e-07,779.8,BID
884,1712307251.4712453,3996345.71777125,755.0,2.691462423832293e-07,779.8,BID
885,1712307256.3396285,4003140.85885325,755.0,8.855588785443526e-07,779.8,BID
886,1712307256.4199357,4003154.10388636,755.0,1.7261240827314e-09,779.8,BID
887,1712307256.425917,4003833.44682416,755.0,8.853358052254275e-08,779.8,BID
888,1712307256.4316633,4006720.60250125,755.0,3.7626096540650563e-07,779.8,BID
889,1712307258.46955,4007781.43897825,755.0,1.3825072203133684e-07,779.8,BID
890,1712307258.4896014,4007781.43897917,755.0,1.1985501150412755e-16,779.8,BID
891,1712307270.7023926,4007781.43897917,755.0,0.0,779.8,BID
892,1712307300.6724267,4007781.43897917,755.0,0.0,779.8,BID
893,1712307311.3296185,4008800.75501808,754.9,1.3263983062585694e-07,779.8,BID
894,1712307311.529768,4008892.79600809,754.9,-1.1976954015754656e-08,779.8,ASK
895,1712307313.3700848,4008919.74546909,755.0,-3.5068338042878863e-09,779.8,ASK
896,1712307313.3778036,4008972.77670552,754.9,-6.900758890732792e-09,779.8,ASK
897,1712307315.419742,4009124.36339372,754.9,-1.9725415749777845e-08,779.8,ASK
898,1712307315.4396122,4009124.36339373,754.9,-1.3330852279711385e-18,779.8,ASK
899,1712307330.674708,4009124.36339373,754.9,-0.0,779.8,ASK
900,1712307340.389696,4009699.48856949,754.9,7.482904314642129e-08,779.8,BID
901,1712307355.119794,4010739.55425676,754.9,1.3532205416841629e-07,779.8,BID
902,1712307355.1298313,4011024.16733488,754.9,3.703076338910301e-08,779.8,BID
903,1712307360.9714217,4011024.16733488,754.9,0.0,779.8,BID
904,1712307389.030139,4011063.90243421,754.2,-5.168935169242712e-09,779.8,ASK
905,1712307389.037877,4011075.24743553,754.2,-1.475813004352618e-09,779.8,ASK
906,1712307389.130649,4011175.80941029,754.1,-1.3081591257944012e-08,779.8,ASK
907,1712307390.9867785,4011175.80941029,754.1,-0.0,779.8,ASK
908,1712307391.0432353,4012392.13246565,754.1,-1.5822287088191353e-07,779.8,ASK
909,1712307391.059806,4012597.43667508,754.1,-2.6706573781567632e-08,779.8,ASK
910,1712307412.2001464,4013123.68322158,754.1,-6.845569440781668e-08,779.8,ASK
911,1712307420.6857524,4013123.68322158,754.1,-0.0,779.8,ASK
912,1712307450.6438775,4013123.68322158,754.1,-0.0,779.8,ASK
913,1712307456.6801383,4013558.11895091,754.1,-5.6501877750926567e-08,779.8,ASK
914,1712307480.9701638,4013558.11895091,754.1,-0.0,779.8,ASK
915,1712307480.9744658,4013680.76024234,754.9,1.5949811558651256e-08,779.8,BID
916,1712307483.1003542,4013846.89534947,754.1,-2.1606292799880792e-08,779.8,ASK
917,1712307483.108233,4014325.32704657,754.1,-6.222125781161955e-08,779.8,ASK
918,1712307490.8902233,4014442.26959857,754.6,-1.5208676016377157e-08,779.8,ASK
919,1712307506.6909602,4014654.78052318,755.0,2.763758569527377e-08,779.8,BID
1119,1712307506.6909602,4014654.78052318,755.0,2.7637585695273772e-08,779.8,BID
920,1712307510.5660844,4014760.24575957,755.0,1.3716021959589074e-08,779.8,BID
921,1712307510.6235545,4014836.25848902,755.0,9.88564859884991e-09,779.8,BID
922,1712307510.74781,4015468.52222703,755.0,8.222750558982503e-08,779.8,BID
923,1712307510.980374,4015468.52222703,755.0,0.0,779.8,BID
924,1712307540.6766157,4015468.52222703,755.0,0.0,779.8,BID
925,1712307547.10035,4015568.71220103,755.1,-1.3027518039131633e-08,779.8,ASK
926,1712307570.715079,4015568.71220103,755.1,-0.0,779.8,ASK
927,1712307600.814469,4015568.71220103,755.1,-0.0,779.8,ASK
928,1712307630.6751575,4015568.71220103,755.1,-0.0,779.8,ASK
929,1712307647.3805988,4015568.71220186,755.1,-1.0790608974218071e-16,779.8,ASK
930,1712307647.3877802,4016267.43129052,755.1,-9.085958085637108e-08,779.8,ASK
931,1712307647.400303,4016965.23477616,755.1,-9.074051826318217e-08,779.8,ASK
932,1712307652.0415697,4017126.90918978,755.1,-2.102371281260256e-08,779.8,ASK
933,1712307652.120578,4017197.5874313,755.1,-9.190811449712354e-09,779.8,ASK
934,1712307659.423052,4017332.01065136,755.1,-1.7480039733023485e-08,779.8,ASK
935,1712307659.4317217,4018167.89040814,755.1,-1.0869559108944597e-07,779.8,ASK
1136,1712307659.4375527,4018348.11151463,755.1,-2.3435475662362292e-08,779.8,ASK
936,1712307659.4375527,4018348.11151463,755.1,-2.343547566236229e-08,779.8,ASK
937,1712307660.976965,4018348.11151463,755.1,-0.0,779.8,ASK
938,1712307690.8824482,4018480.49953423,754.6,-1.7210690638442562e-08,779.8,ASK
939,1712307690.8884225,4019810.15937963,754.6,-1.728582716366952e-07,779.8,ASK
940,1712307690.974214,4019810.15937963,754.6,-0.0,779.8,ASK
941,1712307713.030719,4019810.15938017,754.6,-7.021266405542802e-17,779.8,ASK
942,1712307713.037675,4020075.20046154,754.6,-3.445089609997185e-08,779.8,ASK
943,1712307713.0433798,4020088.45602887,754.4,-1.723001470072246e-09,779.8,ASK
944,1712307713.0468476,4020315.46508958,754.3,-2.9507371173776525e-08,779.8,ASK
945,1712307720.6604862,4020315.46508958,754.3,-0.0,779.8,ASK
946,1712307730.670588,4020381.02170828,755.2,8.520838870292335e-09,779.8,BID
947,1712307749.2809918,4020387.65257542,754.2,-8.61858826674927e-10,779.8,ASK
948,1712307749.2887466,4020671.053487,754.1,-3.683554080669817e-08,779.8,ASK
949,1712307749.292639,4020803.64431171,754.2,-1.7233729796290496e-08,779.8,ASK
950,1712307750.624374,4020803.64431171,754.2,-0.0,779.8,ASK
951,1712307750.9704878,4020970.42765794,754.1,-2.1676926525460293e-08,779.8,ASK
952,1712307753.3606446,4021041.81170303,754.1,-9.277825007611771e-09,779.8,ASK
953,1712307780.9304311,4021041.81170303,754.1,-0.0,779.8,ASK
954,1712307805.0907817,4021055.07430249,754.0,-1.723707370992603e-09,779.8,ASK
955,1712307805.1006212,4021829.70045666,754.0,-1.0067625247588465e-07,779.8,ASK
956,1712307807.8107622,4022248.11173566,754.0,-5.4379882910791536e-08,779.8,ASK
957,1712307810.9814904,4022248.11173566,754.0,-0.0,779.8,ASK
958,1712307813.1908326,4022380.7553213,753.9,-1.7237322315874373e-08,779.8,ASK
959,1712307813.1985714,4022380.75532166,754.0,-4.677708748341482e-17,779.8,ASK
1159,1712307813.1985714,4022380.75532166,754.0,-4.6777087483414815e-17,779.8,ASK
960,1712307815.7388277,4022778.89732564,753.5,-5.173941896231064e-08,779.8,ASK
961,1712307815.7426584,4022778.89732668,753.9,-1.3512708454135227e-16,779.8,ASK
962,1712307815.7461996,4022980.78850066,753.5,-2.623619696222504e-08,779.8,ASK
963,1712307815.750508,4022980.78850119,753.5,-6.886458674789919e-17,779.8,ASK
964,1712307828.2061465,4023113.59062602,753.0,-1.725792482826728e-08,779.8,ASK
965,1712307828.2115123,4026252.37461588,753.0,-4.078918030756897e-07,779.8,ASK
966,1712307828.2149975,4032521.29828537,753.0,-8.146602592445486e-07,779.8,ASK
967,1712307828.340721,4032582.80565901,753.0,7.993016919117495e-09,779.8,BID
968,1712307828.3478217,4033602.12169792,753.0,1.3246233520944484e-07,779.8,BID
1169,1712307836.6907756,4034000.52807242,754.9,5.1773774486133144e-08,779.8,BID
969,1712307836.6907756,4034000.52807242,754.9,5.177377448613314e-08,779.8,BID
970,1712307840.6422677,4034000.52807242,754.9,0.0,779.8,BID
971,1712307870.6820788,4034000.52807242,754.9,0.0,779.8,BID
972,1712307900.962964,4034000.52807242,754.9,0.0,779.8,BID
973,1712307904.590711,4034398.93444642,753.0,-5.1737281036826943e-08,779.8,ASK
974,1712307925.6742897,4034982.25254396,753.0,7.57500238846641e-08,779.8,BID
975,1712307930.9629767,4034982.25254396,753.0,0.0,779.8,BID
976,1712307946.1223962,4035079.87532018,753.9,1.2676133025570985e-08,779.8,BID
977,1712307946.1408448,4039131.8530873,753.9,5.261416565035883e-07,779.8,BID
978,1712307946.2608109,4039514.56790763,753.9,4.969479624761888e-08,779.8,BID
979,1712307946.9507458,4039597.43773974,753.9,1.076049110989686e-08,779.8,BID
1179,1712307946.9507458,4039597.43773974,753.9,1.0760491109896861e-08,779.8,BID
980,1712307958.5710344,4039706.60639606,753.9,1.4175343739661676e-08,779.8,BID
981,1712307960.6909318,4039706.60639606,753.9,0.0,779.8,BID
982,1712307961.4808333,4039815.77505238,753.9,1.4168790974719918e-08,779.8,BID
983,1712307971.7011597,4040970.59073411,753.9,1.4988131722376265e-07,779.8,BID
984,1712307971.900902,4041989.15541511,753.9,1.3219756059864805e-07,779.8,BID
985,1712307989.1109424,4047405.04393534,753.5,-7.029178060110954e-07,779.8,ASK
986,1712307990.6411796,4047405.04393534,753.5,-0.0,779.8,ASK
987,1712308001.051205,4047471.41855334,753.2,-8.608152790956917e-09,779.8,ASK
988,1712308005.9910514,4047471.41855368,753.2,-4.41464152125064e-17,779.8,ASK
1189,1712308007.090872,4047614.37753724,753.1,-1.8540412139521412e-08,779.8,ASK
989,1712308007.090872,4047614.37753724,753.1,-1.854041213952141e-08,779.8,ASK
990,1712308020.980881,4047614.37753724,753.1,-0.0,779.8,ASK
991,1712308034.0008912,4047899.07175824,753.1,-3.69213612073008e-08,779.8,ASK
992,1712308034.007051,4054876.44739415,753.1,-9.0488034926525e-07,779.8,ASK
993,1712308044.008086,4055142.15750441,752.7,-3.4459354049695123e-08,779.8,ASK
994,1712308044.01276,4055937.28387115,752.7,-1.031181725035451e-07,779.8,ASK
995,1712308045.5809894,4055988.49340896,752.7,-6.641251220656707e-09,779.8,ASK
996,1712308046.4959762,4056618.62886196,752.7,-8.172086735027605e-08,779.8,ASK
997,1712308046.7141633,4058319.82570142,752.6,-2.2062443970152185e-07,779.8,ASK
998,1712308046.7205353,4058371.03523896,752.7,-6.6412511856301725e-09,779.8,ASK
999,1712308046.7264988,4058381.03523896,752.6,-1.296877789706751e-09,779.8,ASK
1000,1712308047.351138,4058513.85919243,752.5,-1.7225643519656503e-08,779.8,ASK
1201,1712308047.3648295,4059177.97895978,752.5,-8.612821759816177e-08,779.8,ASK
1202,1712308047.3659894,4059229.18849747,752.6,-6.641251205136328e-09,779.8,ASK
1203,1712308047.367304,4059235.93849596,752.5,-8.753923122054123e-10,779.8,ASK
1204,1712308050.4808853,4059235.93849747,752.5,-1.9584664478986486e-16,779.8,ASK
1205,1712308051.0531058,4059235.93849747,752.5,-0.0,779.8,ASK
1206,1712308065.2527957,4059249.23636981,752.0,-1.7226167322421883e-09,779.8,ASK
1207,1712308065.256775,4060047.10870947,752.0,-1.033570038398859e-07,779.8,ASK
1208,1712308066.320865,4060633.14090947,752.5,7.591506727949245e-08,779.8,BID
1209,1712308068.395834,4060633.14091023,752.0,-9.844570892729843e-17,779.8,ASK
1210,1712308068.4119103,4060826.43319129,751.9,-2.5039232522157124e-08,779.8,ASK
1211,1712308068.4760816,4060950.71984359,751.9,-1.6100189667558378e-08,779.8,ASK
1212,1712308068.6890388,4061216.74804247,751.8,-3.446149992472148e-08,779.8,ASK
1213,1712308068.694393,4061283.12214459,751.8,-8.598152845654905e-09,779.8,ASK
1214,1712308068.8039684,4062756.93417971,751.7,-1.909187580536018e-07,779.8,ASK
1215,1712308068.8090503,4065649.39260726,751.7,-3.746913158193102e-07,779.8,ASK
1216,1712308068.8138623,4065649.39260736,751.8,-1.2969256997162478e-17,779.8,ASK
1217,1712308073.9811282,4065744.08206395,751.5,-1.2266145900659187e-08,779.8,ASK
1218,1712308080.617391,4065744.08206395,751.5,-0.0,779.8,ASK
1219,1712308081.2092776,4068301.56075482,751.5,-3.310879239033791e-07,779.8,ASK
1220,1712308081.2116466,4068829.80426695,751.5,-6.83857302002362e-08,779.8,ASK
1221,1712308081.4373732,4068829.80426779,751.5,-1.0875218325407121e-16,779.8,ASK
1222,1712308081.674842,4068893.93301139,751.2,-8.302025215981509e-09,779.8,ASK
1223,1712308081.676142,4068900.72923128,751.3,-8.79829944157917e-10,779.8,ASK
1224,1712308104.630806,4068907.37949723,752.0,8.609349335860491e-10,779.8,BID
1225,1712308106.7382402,4068938.92918502,752.0,4.084382273604473e-09,779.8,BID
1226,1712308110.7710528,4068938.92918502,752.0,0.0,779.8,BID
1227,1712308119.991186,4071559.44169794,751.2,-3.391427893321709e-07,779.8,ASK
1228,1712308119.9940095,4071569.44169794,751.3,-1.2941849644297786e-09,779.8,ASK
1229,1712308120.0010026,4074126.44314602,751.2,-3.309232828130234e-07,779.8,ASK
1230,1712308122.760934,4074126.44314641,751.2,-5.0441958719292867e-17,779.8,ASK
1231,1712308124.1541345,4074361.47223083,751.2,3.041711072604459e-08,779.8,BID
1232,1712308124.3771164,4074628.3088311,751.2,3.4533591602854864e-08,779.8,BID
1233,1712308124.3784118,4074791.33676304,751.2,2.1098829829918667e-08,779.8,BID
1234,1712308133.341115,4074797.99411128,751.2,-8.615839994914931e-10,779.8,ASK
1235,1712308133.3509345,4075009.67407568,751.1,-2.739530271973769e-08,779.8,ASK
1236,1712308140.9839969,4075009.67407568,751.1,-0.0,779.8,ASK
1237,1712308144.4912462,4075148.1397544,752.5,1.790944996713072e-08,779.8,BID
1238,1712308144.4941854,4075275.45480657,752.5,1.6467203844100482e-08,779.8,BID
1239,1712308150.891123,4075494.2287608,751.2,-2.82966957848602e-08,779.8,ASK
1240,1712308157.1313338,4078142.95365288,751.2,-3.425917987029783e-07,779.8,ASK
1241,1712308157.1411848,4078361.04482028,751.2,-2.8208382661439786e-08,779.8,ASK
1242,1712308158.3894925,4078577.76979858,751.2,2.8031676812400743e-08,779.8,BID
1243,1712308158.3939235,4079615.74482028,752.0,1.342539312996175e-07,779.8,BID
1244,1712308170.9565094,4079615.74482028,752.0,0.0,779.8,BID
1245,1712308172.6109374,4080281.34652328,751.2,-8.605183771061907e-08,779.8,ASK
1246,1712308185.081686,4080281.34652422,751.2,-1.2154922059750143e-16,779.8,ASK
1247,1712308185.0839972,4080288.00387246,751.2,-8.60690481668003e-10,779.8,ASK
1248,1712308185.0862486,4081651.23874997,751.1,-1.762448411899316e-07,779.8,ASK
1249,1712308200.7684944,4081651.23874997,751.1,-0.0,779.8,ASK
1250,1712308207.9534023,4081784.37681414,751.9,1.723193972775868e-08,779.8,BID
1251,1712308223.041068,4082050.65294248,751.1,-3.446387945557763e-08,779.8,ASK
1252,1712308223.0432756,4085449.87017097,751.1,-4.399576242012704e-07,779.8,ASK
1253,1712308223.04556,4085912.77391214,751.1,-5.991321428127391e-08,779.8,ASK
1254,1712308223.4609623,4086184.63305726,751.1,-3.5186484288744225e-08,779.8,ASK
1255,1712308223.4624443,4086650.61628114,751.1,-6.031178895473115e-08,779.8,ASK
1256,1712308225.0711954,4086671.70720038,751.0,-2.729778680586056e-09,779.8,ASK
1257,1712308225.0735652,4086671.7072011,751.1,-9.317760705692448e-17,779.8,ASK
1258,1712308225.0758855,4086738.28509723,751.0,-8.617117129288486e-09,779.8,ASK
1259,1712308228.0011132,4087993.42234291,751.9,1.624512832035444e-07,779.8,BID
1260,1712308230.7087054,4087993.42234291,751.9,0.0,779.8,BID
1261,1712308237.3909855,4088216.48156494,751.0,-2.8852561028071465e-08,779.8,ASK
1262,1712308237.411368,4091088.00621736,751.0,-3.714297912615495e-07,779.8,ASK
1263,1712308237.419781,4104088.67937484,751.0,-1.6816283687736355e-06,779.8,ASK
1264,1712308237.425546,4104184.68400598,751.0,-1.2418134761387645e-08,779.8,ASK
1265,1712308237.4310265,4104383.37787709,751.0,-2.5700919199567752e-08,779.8,ASK
1266,1712308237.4333344,4105599.7009225,751.0,-1.5733057157715973e-07,779.8,ASK
1267,1712308237.4357,4114802.31683939,751.0,-1.1903522075598257e-06,779.8,ASK
1268,1712308237.455691,4114869.93455283,751.0,-8.746305962413938e-09,779.8,ASK
1269,1712308237.551247,4115402.62865324,750.9,-6.890362524128037e-08,779.8,ASK
1270,1712308237.554401,4115708.8144303,750.9,-3.960492526675213e-08,779.8,ASK
1271,1712308242.1513271,4117040.37235306,750.9,1.7223612581093241e-07,779.8,BID
1272,1712308259.1313715,4118256.69539847,750.9,1.5733057157715973e-07,779.8,BID
1273,1712308259.3203282,4118286.88292568,750.9,3.904736433607729e-09,779.8,BID
1274,1712308260.9739628,4118286.88292568,750.9,0.0,779.8,BID
1275,1712308264.2052248,4118420.07418833,750.8,-1.7177651916007308e-08,779.8,ASK
1276,1712308264.2080388,4118445.77930285,750.8,-3.315183750751241e-09,779.8,ASK
1277,1712308264.2122796,4118445.77930286,750.8,-1.3212374564909774e-18,779.8,ASK
1278,1712308271.0818367,4118459.10197805,750.6,-1.718222895773432e-09,779.8,ASK
1279,1712308271.0844462,4124613.71623986,750.5,-7.937594355887803e-07,779.8,ASK
1280,1712308271.704858,4124700.19266736,750.5,-1.1152848475033181e-08,779.8,ASK
1281,1712308271.7298906,4124833.44916302,750.5,-1.7186065004934e-08,779.8,ASK
1282,1712308271.735464,4125254.58365692,750.5,-5.4313635910422615e-08,779.8,ASK
1283,1712308281.981586,4125515.89984667,750.8,3.3701899495689376e-08,779.8,BID
1284,1712308282.201449,4126070.29083783,750.8,7.149970112164985e-08,779.8,BID
1285,1712308282.4613438,4126272.38256544,750.8,2.6063731831322727e-08,779.8,BID
1286,1712308282.7317717,4126467.49530347,750.8,2.5163652867070115e-08,779.8,BID
1287,1712308285.2213917,4126515.61650438,750.4,-6.2061821666165345e-09,779.8,ASK
1288,1712308285.3215742,4127507.67489563,751.0,1.2794558281193205e-07,779.8,BID
1289,1712308285.421346,4130042.9352288,751.0,3.269720449605699e-07,779.8,BID
1290,1712308286.0014064,4130042.93522881,751.0,1.3212374564909774e-18,779.8,BID
1291,1712308290.9813516,4130042.93522881,751.0,0.0,779.8,BID
1292,1712308315.5514414,4133185.04838787,751.0,4.0477703387219844e-07,779.8,BID
1293,1712308320.5787804,4133193.02817241,751.9,1.0279812831332048e-09,779.8,BID
1294,1712308320.6812966,4133193.02817241,751.9,0.0,779.8,BID
1295,1712308344.4815748,4133287.61854346,751.9,1.2181720635512541e-08,779.8,BID
1296,1712308350.6760612,4133287.61854346,751.9,0.0,779.8,BID
1297,1712308370.541299,4133686.60777075,751.9,5.1382933924318026e-08,779.8,BID
1298,1712308380.9614282,4133686.60777075,751.9,0.0,779.8,BID
1299,1712308410.9570324,4133686.60777075,751.9,0.0,779.8,BID
1300,1712308417.0315278,4134351.58981623,751.9,8.563491471661452e-08,779.8,BID
1301,1712308421.52151,4141345.71869623,751.9,9.006884234347301e-07,779.8,BID
1302,1712308421.621447,4142560.02155344,751.9,1.5637523196922646e-07,779.8,BID
1303,1712308421.631572,4142920.26088123,751.9,4.6390822613226884e-08,779.8,BID
1304,1712308429.0388217,4142920.26088165,751.9,5.409007977977716e-17,779.8,BID
1305,1712308440.681706,4142920.26088165,751.9,0.0,779.8,BID
1306,1712308441.6615393,4142928.22266508,753.6,1.024384954473457e-09,779.8,BID
1307,1712308450.4116397,4146909.11438482,753.0,5.121924778419123e-07,779.8,BID
1308,1712308470.7221384,4146909.11438482,753.0,0.0,779.8,BID
1309,1712308500.7142746,4146909.11438482,753.0,0.0,779.8,BID
1310,1712308512.833968,4147573.12500899,753.0,8.591591955436678e-08,779.8,BID
1311,1712308530.6962848,4147573.12500899,753.0,0.0,779.8,BID
1312,1712308549.821222,4147579.76777127,753.0,8.594472570164046e-10,779.8,BID
1313,1712308557.0011013,4147896.10511881,753.0,4.092804381256964e-08,779.8,BID
1314,1712308557.0111258,4148244.76777127,753.0,4.5110324236625e-08,779.8,BID
1315,1712308560.7143352,4148244.76777127,753.0,0.0,779.8,BID
1316,1712308569.4112518,4148909.66138829,752.0,-8.601897554199973e-08,779.8,ASK
1317,1712308569.4137716,4149819.30995627,752.0,-1.176835450332015e-07,779.8,ASK
1318,1712308569.4712646,4150518.83492552,752.0,-9.049932151645517e-08,779.8,ASK
1319,1712308569.473665,4151435.70500529,752.0,-1.1861781035051625e-07,779.8,ASK
1320,1712308569.4762914,4151449.00464577,751.9,-1.720608259545011e-09,779.8,ASK
1321,1712308586.2112415,4154775.24200577,751.6,-4.303237732964079e-07,779.8,ASK
1322,1712308590.6655304,4154775.24200577,751.6,-0.0,779.8,ASK
1323,1712308597.411085,4154775.24200606,751.6,-3.7508053085028736e-17,779.8,ASK
1324,1712308602.154844,4156106.62264706,751.1,-1.721347601356797e-07,779.8,ASK
1325,1712308620.966166,4156106.62264706,751.1,-0.0,779.8,ASK
1326,1712308633.9613285,4156240.9451594,751.1,-1.7364368775572742e-08,779.8,ASK
1327,1712308633.9712894,4156813.43883606,751.1,-7.4008378417325e-08,779.8,ASK
1328,1712308634.7712064,4156882.78620046,751.1,-8.964790697260142e-09,779.8,ASK
1329,1712308635.4112644,4156970.29177223,751.1,-1.131216943209062e-08,779.8,ASK
1330,1712308636.566578,4158008.50089251,751.1,-1.342131390834998e-07,779.8,ASK
1331,1712308637.3458595,4158274.81247706,751.0,-3.4427085101224234e-08,779.8,ASK
1332,1712308637.3475244,4159255.0114748,751.0,-1.2671395564089446e-07,779.8,ASK
1333,1712308637.3618948,4159629.73415027,751.0,-4.844178843954871e-08,779.8,ASK
1334,1712308637.5413013,4160402.54944181,751.0,-9.990469567572313e-08,779.8,ASK
1335,1712308637.5448587,4160517.60345131,751.0,-1.4873458032198944e-08,779.8,ASK
1336,1712308637.5611155,4162140.33714853,751.0,-2.0977679654911525e-07,779.8,ASK
1337,1712308638.1411312,4163474.81247706,751.0,-1.7251256935905017e-07,779.8,ASK
1338,1712308638.142881,4163488.12805627,751.0,-1.721354252791756e-09,779.8,ASK
1339,1712308638.485849,4163488.12805628,751.0,-1.2641529532603585e-18,779.8,ASK
1340,1712308638.4875183,4164833.18065981,750.9,-1.7387993288242464e-07,779.8,ASK
1341,1712308640.5913637,4164966.37192246,750.8,-1.7218127937372277e-08,779.8,ASK
1342,1712308640.595006,4164966.37192247,750.9,-1.3243507129394233e-18,779.8,ASK
1343,1712308644.1412752,4165534.08507038,750.5,-7.339038175603616e-08,779.8,ASK
1344,1712308644.2465498,4166132.87855938,750.5,-7.740825258763412e-08,779.8,ASK
1345,1712308650.9750135,4166132.87855938,750.5,-0.0,779.8,ASK
1346,1712308675.3769262,4167465.32359602,750.5,-1.7208261405272309e-07,779.8,ASK
1347,1712308680.6600902,4167465.32359602,750.5,-0.0,779.8,ASK
1348,1712308686.6213958,4167581.45079312,750.8,1.4995658806137827e-08,779.8,BID
1349,1712308690.9612622,4167685.3016998,750.8,1.341040516064814e-08,779.8,BID
1350,1712308691.044763,4168704.61773871,750.8,1.3162563048837746e-07,779.8,BID
1351,1712308691.102606,4168951.98539053,750.8,3.194291259076436e-08,779.8,BID
1352,1712308691.1812608,4170168.3084459,750.8,1.5706540751765818e-07,779.8,BID
1353,1712308691.2411385,4170347.59231144,750.8,2.3151163071378013e-08,779.8,BID
1354,1712308695.7122402,4170792.71654301,750.8,5.7479481720614695e-08,779.8,BID
1355,1712308695.8357458,4171605.30132437,750.8,1.0493014932458633e-07,779.8,BID
1356,1712308697.5012326,4171605.30132438,750.8,1.3228920965790028e-18,779.8,BID
1357,1712308697.5041604,4172691.0661027,750.9,1.4020624423928232e-07,779.8,BID
1358,1712308697.982035,4173183.7711672,750.9,-6.362365771171227e-08,779.8,ASK
1359,1712308697.9859884,4173996.10076163,750.9,-1.048971966982668e-07,779.8,ASK
1360,1712308697.9895654,4174525.22993455,750.5,-6.832715108637766e-08,779.8,ASK
1361,1712308697.993148,4176253.22993455,750.7,-2.2313892924433402e-07,779.8,ASK
1362,1712308697.9952722,4180411.06735943,750.8,-5.369070549535408e-07,779.8,ASK
1363,1712308697.9969304,4181909.4507958,750.5,-1.9348823818812888e-07,779.8,ASK
1364,1712308698.0412867,4187282.14058998,750.5,6.937825508306035e-07,779.8,BID
1365,1712308710.7437556,4187282.14058998,750.5,0.0,779.8,BID
1366,1712308712.6113436,4187415.11931338,752.0,1.7138795132133066e-08,779.8,BID
1367,1712308717.396588,4187428.44376375,750.8,-1.717304989092258e-09,779.8,ASK
1368,1712308740.9811676,4187428.44376375,750.8,-0.0,779.8,ASK
1369,1712308770.9610236,4187428.44376375,750.8,-0.0,779.8,ASK
1370,1712308800.7505682,4187428.44376375,750.8,-0.0,779.8,ASK
1371,1712308810.391456,4189118.28211575,750.8,-2.182620927186017e-07,779.8,ASK
1372,1712308810.3952806,4202417.42769568,750.8,-1.7177378784246954e-06,779.8,ASK
1373,1712308813.154661,4202519.06919016,750.5,-1.3128170079693088e-08,779.8,ASK
1374,1712308826.2412665,4202898.54705126,750.5,-4.901393793436876e-08,779.8,ASK
1375,1712308829.491394,4202905.44009126,750.5,-8.903155344473421e-10,779.8,ASK
1376,1712308829.4950793,4204424.32073568,750.5,-1.961809350868297e-07,779.8,ASK
1377,1712308830.6446998,4204424.32073568,750.5,-0.0,779.8,ASK
1378,1712308834.871506,4204557.56523934,750.5,1.7181745794971013e-08,779.8,BID
1379,1712308846.691381,4204592.28263819,750.4,-4.476773940552922e-09,779.8,ASK
1380,1712308846.6953323,4205357.56523934,750.4,-9.868242781562445e-08,779.8,ASK
1381,1712308847.7012465,4205458.88429003,750.4,-1.3064990489863118e-08,779.8,ASK
1382,1712308849.4715283,4205525.11845907,750.4,-8.540830008921562e-09,779.8,ASK
1383,1712308849.4735277,4205539.64801903,750.3,-1.8735722591334794e-09,779.8,ASK
1384,1712308860.481233,4205647.94300276,750.3,-1.3964530094815272e-08,779.8,ASK
1385,1712308860.495729,4205833.33347478,750.3,-2.390591638348308e-08,779.8,ASK
1386,1712308860.751238,4205839.9970324,750.5,8.59259106141997e-10,779.8,BID
1387,1712308861.001842,4205839.9970324,750.5,0.0,779.8,BID
1388,1712308865.2769432,4208255.45104006,750.2,-3.114277237127032e-07,779.8,ASK
1389,1712308865.2789326,4209560.48569899,750.2,-1.682598682929458e-07,779.8,ASK
1390,1712308865.280759,4211418.64451354,750.2,-2.395749072749744e-07,779.8,ASK
1391,1712308869.388567,4211709.7143531,750.2,-3.7528024664621766e-08,779.8,ASK
1392,1712308870.1673143,4212544.61226323,750.2,-1.0764450693720241e-07,779.8,ASK
1393,1712308874.2640903,4213012.5116202,750.2,-6.032689142739784e-08,779.8,ASK
1394,1712308877.6514046,4213100.52253588,750.2,-1.1347365358697497e-08,779.8,ASK
1395,1712308877.7185068,4214012.0681144,750.2,-1.175267935876837e-07,779.8,ASK
1396,1712308877.7229445,4214532.5623238,750.2,-6.710801626739852e-08,779.8,ASK
1397,1712308877.8613615,4214599.42260722,750.2,-8.620385983788317e-09,779.8,ASK
1398,1712308885.8281837,4215191.15281249,750.2,-7.629256872415143e-08,779.8,ASK
1399,1712308885.9272945,4216216.98094519,750.2,-1.3226139652178884e-07,779.8,ASK
1400,1712308885.9291587,4217724.04306209,750.2,-1.943075393161138e-07,779.8,ASK
1401,1712308885.9446018,4217749.90549862,750.2,-3.334478616738744e-09,779.8,ASK
1402,1712308885.9960265,4218649.90549862,750.1,-1.1603820666946076e-07,779.8,ASK
1403,1712308886.0009055,4218866.57216528,750.1,-2.793512382691256e-08,779.8,ASK
1404,1712308886.002703,4219509.50893235,750.1,-8.289469939191994e-08,779.8,ASK
1405,1712308886.0815136,4219958.72942322,750.1,-5.791860017748592e-08,779.8,ASK
1406,1712308886.3813255,4220634.33646334,750.1,-8.710692149856963e-08,779.8,ASK
1407,1712308886.3844578,4221175.05246863,750.1,-6.971523952368645e-08,779.8,ASK
1408,1712308886.4516578,4221502.53186837,750.0,-4.22223580745576e-08,779.8,ASK
1409,1712308886.453431,4222194.36849757,750.1,-8.919942417843218e-08,779.8,ASK
1410,1712308887.1079257,4222910.11103216,750.0,-9.22816446120808e-08,779.8,ASK
1411,1712308887.1412468,4224016.75805551,750.0,-1.4268148445070108e-07,779.8,ASK
1412,1712308887.1511812,4226284.21575988,750.0,-2.923463619043741e-07,779.8,ASK
1413,1712308887.2138698,4231726.38656945,750.0,-7.016663790348482e-07,779.8,ASK
1414,1712308887.638678,4232347.72571429,750.0,-8.011008900084326e-08,779.8,ASK
1415,1712308887.707445,4232901.90869903,750.0,-7.14515552400152e-08,779.8,ASK
1416,1712308888.0483117,4234234.88657159,750.0,-1.7186262429101365e-07,779.8,ASK
1417,1712308891.227351,4235237.43467546,750.0,-1.2925987119214513e-07,779.8,ASK
1418,1712308891.3314877,4235237.43467546,750.0,-0.0,779.8,ASK
1419,1712308891.624615,4236320.54468052,750.0,-1.3925092465965906e-07,779.8,ASK
1420,1712308891.6625557,4237367.28993851,750.0,-1.34575661176889e-07,779.8,ASK
1421,1712308891.9097354,4238636.2535223,750.0,-1.6314534218741384e-07,779.8,ASK
1422,1712308891.989395,4239604.82495465,750.0,-1.2452517927410198e-07,779.8,ASK
1423,1712308892.1570532,4241737.12932175,750.0,-2.741414569039849e-07,779.8,ASK
1424,1712308892.1592174,4242910.14954383,750.0,-1.508103053300019e-07,779.8,ASK
1425,1712308892.3176584,4244122.19871713,750.0,-1.558280944008447e-07,779.8,ASK
1426,1712308892.4529052,4245190.18494438,750.0,-1.373065237819845e-07,779.8,ASK
1427,1712308892.6315525,4246258.17117163,750.0,-1.373065237819845e-07,779.8,ASK
1428,1712308893.4812784,4246693.38837618,750.0,-5.595405626231805e-08,779.8,ASK
1429,1712308893.6261878,4247239.17345214,750.0,-7.016930518392953e-08,779.8,ASK
1430,1712308896.9246562,4247549.96474439,750.0,-3.995713696652517e-08,779.8,ASK
1431,1712308896.92734,4247861.12125194,750.0,-4.0004091170566e-08,779.8,ASK
1432,1712308899.0413318,4247913.12125194,750.0,-6.685422578013889e-09,779.8,ASK
1433,1712308899.0446353,4253193.10199586,750.0,-6.788250476323888e-07,779.8,ASK
1434,1712308899.1613176,4253216.80975681,750.0,-3.048007698591146e-09,779.8,ASK
1435,1712308899.1645744,4253410.76625263,750.0,-2.4936175698290883e-08,779.8,ASK
1436,1712308901.312727,4253725.46794085,750.0,-4.045988022622487e-08,779.8,ASK
1437,1712308901.5114586,4253804.51590373,750.0,-1.0162866072737791e-08,779.8,ASK
1438,1712308901.5147605,4254032.24005978,750.0,-2.9277542584921254e-08,779.8,ASK
1439,1712308904.481179,4254127.99670843,750.0,-1.2311031940043844e-08,779.8,ASK
1440,1712308904.6812043,4254137.84923705,750.0,-1.2666984093051531e-09,779.8,ASK
1441,1712308904.6841793,4254216.41472419,750.0,-1.0100836184182088e-08,779.8,ASK
1442,1712308905.8213882,4254283.08139085,750.0,-8.571054586399052e-09,779.8,ASK
1443,1712308905.843645,4254529.71259653,750.0,-3.1708342901824006e-08,779.8,ASK
1444,1712308905.8456714,4255519.78099115,750.0,-1.2728895383019852e-07,779.8,ASK
1445,1712308905.8476224,4255619.41953256,750.0,-1.2810110661174742e-08,779.8,ASK
1446,1712308906.1412952,4255752.75286589,750.0,-1.7142109173995467e-08,779.8,ASK
1447,1712308906.1511428,4256565.598128,750.0,-1.0450411668737257e-07,779.8,ASK
1448,1712308906.318109,4258552.83873847,750.0,-2.554912162535129e-07,779.8,ASK
1449,1712308906.5145414,4258560.83873847,750.0,-1.0285265504636754e-09,779.8,ASK
1450,1712308906.5166025,4259996.29934781,750.0,-1.8455116860638345e-07,779.8,ASK
1451,1712308906.5185423,4260009.63268114,750.0,-1.714210916920601e-09,779.8,ASK
1452,1712308907.0311756,4260311.77009294,750.0,-3.884454374061202e-08,779.8,ASK
1453,1712308907.4511511,4260647.82838264,750.0,-4.3205609182507073e-08,779.8,ASK
1454,1712308907.5911956,4260853.22666559,750.0,-2.64071984291916e-08,779.8,ASK
1455,1712308907.593769,4261160.19453884,750.0,-3.946557597214141e-08,779.8,ASK
1456,1712308915.2214851,4261947.82469989,750.0,-1.0126231657320937e-07,779.8,ASK
1457,1712308915.225181,4262307.90803322,750.0,-4.629440858870026e-08,779.8,ASK
1458,1712308915.228698,4263812.19453884,750.0,-1.9339982631679882e-07,779.8,ASK
1459,1712308916.404323,4264413.85130563,750.0,-7.735249486370137e-08,779.8,ASK
1460,1712308916.6055744,4264644.47270217,750.0,-2.965002868076585e-08,779.8,ASK
1461,1712308916.661091,4264842.27140541,750.0,-2.543015224123283e-08,779.8,ASK
1462,1712308919.7540362,4265159.3899814,750.0,-4.0770609381394166e-08,779.8,ASK
1463,1712308920.731273,4265159.3899814,750.0,-0.0,779.8,ASK
1464,1712308922.5824962,4265549.43357217,750.0,-5.0002007550300616e-08,779.8,ASK
1465,1712308922.786452,4265856.97983998,750.0,-3.9426185095638895e-08,779.8,ASK
1466,1712308924.1934686,4266117.53883705,750.0,-3.340260741905869e-08,779.8,ASK
1467,1712308924.2111712,4266627.79784716,750.0,-6.541313709515597e-08,779.8,ASK
1468,1712308924.231061,4267115.72997422,750.0,-6.255092117547572e-08,779.8,ASK
1469,1712308924.4714582,4267474.81797605,750.0,-4.603362650646445e-08,779.8,ASK
1470,1712308924.8314435,4267781.44778343,750.0,-3.9308698582872846e-08,779.8,ASK
1471,1712308924.9001467,4268186.50699329,750.0,-5.19269490616316e-08,779.8,ASK
1472,1712308925.3284357,4268784.08434879,750.0,-7.66069950864208e-08,779.8,ASK
1473,1712308925.338158,4268872.48494554,750.0,-1.1332598229381884e-08,779.8,ASK
1474,1712308925.351189,4269157.9080332,750.0,-3.659008306223388e-08,779.8,ASK
1475,1712308925.360072,4269431.45159167,750.0,-3.5067175566060126e-08,779.8,ASK
1476,1712308926.3415227,4269824.57469986,750.0,-5.039678920278506e-08,779.8,ASK
1477,1712308926.3460505,4270332.93735185,750.0,-6.51700316697858e-08,779.8,ASK
1478,1712308926.3503869,4271328.7580916,750.0,-1.2766018292828476e-07,779.8,ASK
1479,1712308926.464707,4272343.35657011,750.0,-1.300674129340709e-07,779.8,ASK
1480,1712308926.6013577,4273300.25589808,750.0,-1.2267061568059614e-07,779.8,ASK
1481,1712308926.6058524,4273321.71938866,750.0,-2.751532504170708e-09,779.8,ASK
1482,1712308927.3259127,4275966.92256474,750.0,-3.391043265735979e-07,779.8,ASK
1483,1712308928.9912906,4275973.5892314,750.0,8.546396467810744e-10,779.8,BID
1484,1712308940.618047,4275980.28435009,749.8,-8.58287081764497e-10,779.8,ASK
1485,1712308940.620277,4276113.65324846,749.8,-1.7097352247528164e-08,779.8,ASK
1486,1712308940.6222997,4277423.0475709,749.7,-1.6785904536387405e-07,779.8,ASK
1487,1712308943.071226,4277478.12207446,749.7,-7.060328147887154e-09,779.8,ASK
1488,1712308943.0814228,4280303.71508027,749.7,-3.622295716528268e-07,779.8,ASK
1489,1712308949.5413027,4281552.50614387,749.7,-1.600899531962578e-07,779.8,ASK
1490,1712308950.664468,4281552.50614387,749.7,-0.0,779.8,ASK
1491,1712308951.3811228,4281637.58196035,749.7,-1.0889214174169736e-08,779.8,ASK
1492,1712308952.4315326,4285762.91291898,749.7,5.280185863180178e-07,779.8,BID
1493,1712308953.3914182,4285896.31740137,749.6,-1.7075004867813733e-08,779.8,ASK
1494,1712308953.396175,4287015.22468525,749.6,-1.432136835031928e-07,779.8,ASK
1495,1712308955.361826,4287148.64696677,749.5,-1.70772830539503e-08,779.8,ASK
1496,1712308955.3655117,4287155.32030544,749.4,-8.54148887822311e-10,779.8,ASK
1497,1712308955.3691132,4287195.35233106,749.4,-5.123868554419982e-09,779.8,ASK
1498,1712308955.3716977,4287403.8802905,749.3,-2.6690376955308752e-08,779.8,ASK
1499,1712308955.3737493,4287811.19097804,749.5,-5.213342046587407e-08,779.8,ASK
1500,1712308955.375847,4287944.64887207,749.3,-1.708184124992424e-08,779.8,ASK
1501,1712308955.377922,4288078.08895747,749.4,-1.7079561847907668e-08,779.8,ASK
1502,1712308955.581499,4289125.4206337,749.3,-1.340524182507322e-07,779.8,ASK
1503,1712308956.3213174,4293207.87675941,749.3,-5.225308548138158e-07,779.8,ASK
1504,1712308957.141264,4293341.35246683,749.2,-1.7084121261192057e-08,779.8,ASK
1505,1712308957.1447875,4293608.33951795,749.1,-3.417280376079975e-08,779.8,ASK
1506,1712308957.1551416,4293621.69065279,749.0,-1.708868310051466e-09,779.8,ASK
1507,1712308957.157352,4293755.16636021,749.2,-1.7084121261192057e-08,779.8,ASK
1508,1712308957.1594627,4294163.97056555,749.0,-5.232458213639913e-08,779.8,ASK
1509,1712308957.2612357,4297250.98149058,749.0,-3.951196063852595e-07,779.8,ASK
1510,1712308957.3412108,4297266.26408702,748.9,-1.956084262928144e-09,779.8,ASK
1511,1712308957.3514504,4297662.51105831,749.0,-5.071732855165395e-08,779.8,ASK
1512,1712308957.3551798,4297796.04023443,748.9,-1.7090964946569244e-08,779.8,ASK
