,time,acc_trade_volume,trade_price,dev,high,ask_bid
0,1712365207.1690078,6814507.87051908,47.07,0.0,47.25,ASK
1,1712365230.2943568,6814507.87051908,47.07,-0.0,47.25,ASK
2,1712365260.2634642,6814507.87051908,47.07,-0.0,47.25,ASK
3,1712365278.2856314,6814801.87476987,47.05,-5.9221830187002665e-08,47.25,ASK
4,1712365278.2872548,6814908.35723508,47.05,-2.1448963596894652e-08,47.25,ASK
5,1712365278.7454138,6814908.35723533,47.05,-5.046387839915477e-17,47.25,ASK
6,1712365278.7462778,6823097.93701486,47.03,-1.6496424854505587e-06,47.25,ASK
7,1712365278.8659406,6839918.77824383,47.03,3.388253741869098e-06,47.25,BID
8,1712365290.2234707,6839918.77824383,47.03,0.0,47.25,BID
9,1712365316.7557306,6843174.18120883,47.02,6.555841355924455e-07,47.25,BID
10,1712365316.795513,6843174.1812096,47.02,1.5491870511354454e-16,47.25,BID
11,1712365320.3001802,6843174.1812096,47.02,0.0,47.25,BID
12,1712365321.0554967,6843298.31164438,47.03,2.4997039143003733e-08,47.25,BID
13,1712365350.290091,6843298.31164438,47.03,0.0,47.25,BID
14,1712365380.2420857,6843298.31164438,47.03,0.0,47.25,BID
15,1712365382.7257466,6844235.39628923,47.03,1.887072582255913e-07,47.25,BID
16,1712365382.7270665,6844298.31164438,47.03,1.2669703036780768e-08,47.25,BID
17,1712365388.6484706,6848472.30165075,47.03,8.405454238223945e-07,47.25,BID
18,1712365394.035638,6848897.56212278,47.03,8.563766160229215e-08,47.25,BID
19,1712365409.036087,6850054.50332884,47.01,-2.329813044356572e-07,47.25,ASK
20,1712365409.0370991,6878739.13425841,47.01,-5.776423811529402e-06,47.25,ASK
21,1712365409.0381317,6879239.13425841,47.01,-1.0068848063118608e-07,47.25,ASK
22,1712365409.2358046,6920276.63678374,47.0,-8.264007556347796e-06,47.25,ASK
23,1712365409.2371068,6920976.8069965,47.0,-1.409981498121517e-07,47.25,ASK
24,1712365409.238454,6928414.40686165,47.0,-1.4977612599292767e-06,47.25,ASK
25,1712365410.249683,6928414.40686165,47.0,-0.0,47.25,ASK
26,1712365417.415614,6931545.04276126,47.02,6.299304126897403e-07,47.25,BID
27,1712365440.3061569,6931545.04276126,47.02,0.0,47.25,BID
28,1712365445.405676,6936239.21669279,47.03,9.445094973994472e-07,47.25,BID
29,1712365446.6756282,6936878.05826008,46.96,-1.2854059871663374e-07,47.25,ASK
30,1712365446.6766794,6968804.17356699,46.96,-6.423818026830722e-06,47.25,ASK
31,1712365458.1457987,6969804.17356699,46.93,-2.0120888385817899e-07,47.25,ASK
32,1712365458.14689,6976808.48409554,46.92,-1.4093295036456968e-06,47.25,ASK
33,1712365458.1479895,6979426.65072866,46.91,-5.267983860047626e-07,47.25,ASK
34,1712365467.3056552,6982616.10426895,47.03,6.417463869594103e-07,47.25,BID
35,1712365468.9169476,6983481.17339396,46.93,-1.7405959310337337e-07,47.25,ASK
36,1712365470.285392,6983481.17339396,46.93,-0.0,47.25,ASK
37,1712365475.7357855,6985827.08026191,47.03,4.717857738662963e-07,47.25,BID
38,1712365485.1502705,6988170.64588075,47.01,4.713149248149767e-07,47.25,BID
39,1712365486.7879455,6989270.64588075,47.01,2.21221208029618e-07,47.25,BID
40,1712365500.257085,6989270.64588075,47.01,0.0,47.25,BID
41,1712365512.2163012,6990270.64588075,47.0,2.021419144853352e-07,47.25,BID
42,1712365512.217787,6990482.8905616,47.0,4.2903546126314654e-08,47.25,BID
43,1712365523.8667426,7018695.65651905,46.95,-5.702982523565543e-06,47.25,ASK
44,1712365523.8682325,7020695.65651905,46.95,-4.042838289706704e-07,47.25,ASK
45,1712365527.155786,7020908.69893401,47.0,4.306480162668485e-08,47.25,BID
46,1712365530.314376,7020908.69893401,47.0,0.0,47.25,BID
47,1712365560.294294,7020908.69893401,47.0,0.0,47.25,BID
48,1712365560.945705,7042185.2946787,46.95,-4.299600724903839e-06,47.25,ASK
49,1712365565.305818,7049852.02319859,46.95,-1.5493019605819623e-06,47.25,ASK
50,1712365566.8801086,7054395.86017273,47.0,9.182241831489492e-07,47.25,BID
51,1712365566.880816,7064331.99839042,47.0,2.0079070729248834e-06,47.25,BID
52,1712365566.8815184,7065331.99839042,46.99,2.0208123407039426e-07,47.25,BID
53,1712365579.2561817,7080289.61165281,47.0,3.022652946811424e-06,47.25,BID
54,1712365581.2486234,7095434.19508098,47.0,3.0604361086465543e-06,47.25,BID
55,1712365582.0457747,7110481.20254366,46.99,3.0407178371248744e-06,47.25,BID
56,1712365590.2320485,7110481.20254366,46.99,0.0,47.25,BID
57,1712365620.314888,7110481.20254366,46.99,0.0,47.25,BID
58,1712365630.6830835,7131762.32618698,46.99,4.2968615978063845e-06,47.25,BID
59,1712365638.9161713,7149212.84757451,46.99,3.5234265102026724e-06,47.25,BID
60,1712365638.9174483,7199466.13554974,46.99,1.0146617579192115e-05,47.25,BID
61,1712365650.3088984,7199466.13554974,46.99,0.0,47.25,BID
62,1712365663.7910018,7206470.44607829,46.95,-1.4130440386639664e-06,47.25,ASK
63,1712365666.1558273,7363114.40353199,46.95,-3.160122746849358e-05,47.25,ASK
64,1712365666.1658337,7393396.28851601,46.95,-6.109043407165136e-06,47.25,ASK
65,1712365666.1671588,7404115.95530668,46.95,-2.1625770578385715e-06,47.25,ASK
66,1712365667.5058925,7409879.11824597,46.95,1.1626559105310071e-06,47.25,BID
67,1712365667.5484867,7419668.21489976,46.93,-1.974844578086584e-06,47.25,ASK
68,1712365680.2052035,7419668.21489976,46.93,-0.0,47.25,ASK
69,1712365700.5459,7419668.21489977,46.93,-2.062425560639885e-18,47.25,ASK
70,1712365700.547232,7429668.21489977,46.93,-2.013193257586993e-06,47.25,ASK
71,1712365710.2219863,7429668.21489977,46.93,-0.0,47.25,ASK
72,1712365728.0458574,7430741.76719244,46.93,-2.1610640617542e-07,47.25,ASK
73,1712365740.3027868,7430741.76719244,46.93,-0.0,47.25,ASK
74,1712365744.9197154,7451491.26128506,46.93,4.176837171537661e-06,47.25,BID
75,1712365748.615976,7524215.09974954,46.91,-1.4639182545823004e-05,47.25,ASK
76,1712365749.3358147,7526131.51274954,46.91,3.857706129453915e-07,47.25,BID
77,1712365752.3261998,7540518.97556388,46.91,2.896171309951432e-06,47.25,BID
78,1712365754.8160715,7557004.61003865,46.91,3.318529625987054e-06,47.25,BID
79,1712365760.141776,7557417.10748001,46.9,-8.303501948264712e-08,47.25,ASK
80,1712365760.145833,7613447.97678377,46.9,-1.1278916807169403e-05,47.25,ASK
81,1712365770.3287735,7613447.97678377,46.9,-0.0,47.25,ASK
82,1712365775.30593,7634713.18278377,46.9,4.273276627681949e-06,47.25,BID
83,1712365788.587599,7691156.54952888,46.88,-1.134238341728526e-05,47.25,ASK
84,1712365793.425936,7712441.35952888,46.9,4.277216082348239e-06,47.25,BID
85,1712365794.6081858,7712841.35952888,46.9,8.038062979840219e-08,47.25,BID
86,1712365795.835878,7734034.44452888,46.9,4.258783799177668e-06,47.25,BID
87,1712365798.3861992,7776714.76889934,46.9,8.576678382244285e-06,47.25,BID
88,1712365799.012922,7797980.80089934,46.9,4.273442613682366e-06,47.25,BID
89,1712365800.2911963,7797980.80089934,46.9,0.0,47.25,BID
90,1712365805.1562464,7798100.80089934,46.89,-2.42683971068564e-08,47.25,ASK
91,1712365829.7258887,7803617.90475943,46.89,1.1157605613037186e-06,47.25,BID
92,1712365830.2402844,7803617.90475943,46.89,0.0,47.25,BID
93,1712365833.538241,7803831.39750067,46.84,-4.317374730453036e-08,47.25,ASK
94,1712365833.6360598,7825593.06676373,46.84,4.400771680734618e-06,47.25,BID
95,1712365834.0221477,7840075.96290364,46.89,2.928815727189112e-06,47.25,BID
96,1712365834.028834,7847354.06676373,46.9,1.471820611266075e-06,47.25,BID
97,1712365860.302693,7847354.06676373,46.9,0.0,47.25,BID
98,1712365890.2863822,7847354.06676373,46.9,0.0,47.25,BID
99,1712365894.9502864,7852401.29067395,46.9,1.0202561450252486e-06,47.25,BID
100,1712365894.9565077,7911641.15566784,46.9,1.1974867246943304e-05,47.25,BID
101,1712365895.0268865,8065620.90687864,46.9,3.1125781256538586e-05,47.25,BID
102,1712365895.2460485,8073114.37709445,46.91,1.5147453672034745e-06,47.25,BID
103,1712365909.7860188,8101747.98215684,46.95,5.788055382281628e-06,47.25,BID
104,1712365910.4860134,8120617.73843417,46.95,3.814371056154685e-06,47.25,BID
105,1712365910.4961383,8199144.51700755,46.95,1.5873563331775418e-05,47.25,BID
106,1712365910.5763586,8253100.22636302,46.95,1.0906717238687996e-05,47.25,BID
107,1712365914.447746,8255772.85511838,46.94,-5.402506327301602e-07,47.25,ASK
108,1712365917.3063283,8256046.85511838,46.95,5.538691936588461e-08,47.25,BID
109,1712365920.1160493,8268098.95473417,46.95,2.436236020472141e-06,47.25,BID
110,1712365920.226678,8268098.95473417,46.95,0.0,47.25,BID
111,1712365925.6466491,8287566.95473417,46.95,3.919658547984821e-06,47.25,BID
112,1712365946.876201,8302450.32472629,46.95,2.996595870784605e-06,47.25,BID
113,1712365946.9364388,8330360.65536829,46.95,5.6194250091430735e-06,47.25,BID
114,1712365946.9384089,8351921.37368072,46.95,4.341003381652449e-06,47.25,BID
115,1712365946.955998,8386900.67708772,46.95,7.042681610941029e-06,47.25,BID
116,1712365946.9759345,8404932.75009281,46.95,3.630551114253605e-06,47.25,BID
117,1712365946.977491,8419234.73844461,46.95,2.8795413445813867e-06,47.25,BID
118,1712365946.99616,8529323.52817861,46.95,2.216511535433419e-05,47.25,BID
119,1712365947.0565145,8529700.05717861,46.95,7.580979625081702e-08,47.25,BID
120,1712365947.0585752,8547517.59522847,46.95,3.587356961227941e-06,47.25,BID
121,1712365947.0993707,8575191.59522847,46.95,5.571842544531125e-06,47.25,BID
122,1712365947.1561863,8627630.11043847,46.95,1.055789369151964e-05,47.25,BID
123,1712365947.1579168,8689056.74976878,46.95,1.2367549410572896e-05,47.25,BID
124,1712365947.1758926,8816823.54911878,46.95,2.572437986546565e-05,47.25,BID
125,1712365947.1770325,8845364.55018362,46.95,5.746403266480725e-06,47.25,BID
126,1712365948.405974,8882141.10179554,46.95,7.404536926806199e-06,47.25,BID
127,1712365950.220355,8882141.10179554,46.95,0.0,47.25,BID
128,1712365951.095995,8884592.87190301,46.95,4.907870488458584e-07,47.25,BID
129,1712365951.2460625,8907211.28595304,47.0,4.527677634768415e-06,47.25,BID
130,1712365951.2559392,8932941.30600156,47.0,5.150548400880527e-06,47.25,BID
131,1712365980.298685,8932941.30600156,47.0,0.0,47.25,BID
132,1712366010.3039534,8932941.30600156,47.0,0.0,47.25,BID
133,1712366040.229363,8932941.30600156,47.0,0.0,47.25,BID
134,1712366070.2410717,8932941.30600156,47.0,0.0,47.25,BID
135,1712366070.3770504,8933153.93623757,47.03,4.2543269342569163e-08,47.25,BID
136,1712366077.2564125,8933261.38304608,47.0,-2.1498064434372947e-08,47.25,ASK
137,1712366100.289627,8933261.38304608,47.0,-0.0,47.25,ASK
138,1712366115.5661051,8934261.38304608,47.0,2.007431233261203e-07,47.25,BID
139,1712366115.5768316,8935012.91251196,47.0,1.5086437225241128e-07,47.25,BID
140,1712366115.6560686,8938760.08050586,47.0,-7.522182067230448e-07,47.25,ASK
141,1712366130.2202845,8938760.08050586,47.0,-0.0,47.25,ASK
142,1712366160.3325727,8938760.08050586,47.0,-0.0,47.25,ASK
143,1712366182.3963552,8940537.47050586,47.03,3.567803102747344e-07,47.25,BID
144,1712366184.0061498,8942314.86050586,47.03,3.567803102747344e-07,47.25,BID
145,1712366189.275851,8944199.01650586,47.03,3.782117387211565e-07,47.25,BID
146,1712366190.290038,8944199.01650586,47.03,0.0,47.25,BID
147,1712366194.1059196,8944399.01650586,47.03,4.0144480609668176e-08,47.25,BID
148,1712366195.5828576,8970152.46052971,47.03,5.169293171237992e-06,47.25,BID
149,1712366195.5839264,8991388.71352971,47.03,4.262591733902636e-06,47.25,BID
150,1712366196.976123,8995905.71352971,47.03,9.066630945693556e-07,47.25,BID
151,1712366197.0766156,8995905.90455356,47.03,3.8342766374835086e-11,47.25,BID
152,1712366197.0784605,8999029.3843081,47.04,6.269523622039513e-07,47.25,BID
153,1712366198.0560913,9000157.60523384,47.04,2.264592153841367e-07,47.25,BID
154,1712366198.9863164,9001012.3973081,47.05,1.715759192520167e-07,47.25,BID
155,1712366202.3715708,9004408.3973081,47.05,6.816532807521655e-07,47.25,BID
156,1712366205.916328,9004408.40225829,47.05,9.936140249157517e-13,47.25,BID
157,1712366220.2393577,9004408.40225829,47.05,0.0,47.25,BID
158,1712366221.4565475,9006193.40225829,47.1,3.580859531449483e-07,47.25,BID
159,1712366228.5264218,9006618.03070839,47.1,8.518402425002698e-08,47.25,BID
160,1712366233.836097,9006777.03070839,47.1,3.1896731960810523e-08,47.25,BID
161,1712366237.4127424,9011022.41385422,47.11,8.516594231039667e-07,47.25,BID
162,1712366237.419508,9012900.06990519,47.1,3.766735331594306e-07,47.25,BID
163,1712366250.2539744,9012900.06990519,47.1,0.0,47.25,BID
164,1712366264.4661045,9017143.65090519,47.13,8.512295920386294e-07,47.25,BID
165,1712366280.3262527,9017143.65090519,47.13,0.0,47.25,BID
166,1712366290.2166705,9017143.65148805,47.13,1.1691268351063477e-13,47.25,BID
167,1712366290.2180245,9031386.33286268,47.14,2.856857330596155e-06,47.25,BID
168,1712366304.676075,9035533.75296308,47.15,8.319070830293528e-07,47.25,BID
169,1712366310.34629,9035533.75296308,47.15,0.0,47.25,BID
170,1712366340.2469964,9035533.75296308,47.15,0.0,47.25,BID
171,1712366360.6752784,9035628.11441094,47.15,1.8924127875281068e-08,47.25,BID
172,1712366360.6765857,9048177.19516913,47.15,2.5167101010783862e-06,47.25,BID
173,1712366370.233618,9048177.19516913,47.15,0.0,47.25,BID
174,1712366397.846352,9052206.03316713,47.16,8.078842909566948e-07,47.25,BID
175,1712366399.1258998,9052418.0772723,47.16,4.252022584232265e-08,47.25,BID
176,1712366400.274848,9052418.0772723,47.16,0.0,47.25,BID
177,1712366405.1161065,9052418.07727261,47.16,6.301965061652921e-17,47.25,BID
178,1712366412.0934834,9052630.07642461,47.17,4.295003459234258e-08,47.25,BID
179,1712366413.2363176,9056870.05857661,47.17,8.590005119457493e-07,47.25,BID
180,1712366413.2467456,9057858.05942461,47.17,2.0016434121904e-07,47.25,BID
181,1712366414.819396,9057858.06031268,47.17,1.7991883833112685e-13,47.25,BID
182,1712366414.821834,9060894.03529005,47.18,6.150743013349303e-07,47.25,BID
183,1712366420.3262205,9061281.09729005,47.18,7.841694710875985e-08,47.25,BID
184,1712366420.8862135,9061493.05150793,47.18,4.2940931150222976e-08,47.25,BID
185,1712366423.336576,9062097.14450793,47.18,1.223864105225907e-07,47.25,BID
186,1712366430.2586136,9062097.14450793,47.18,0.0,47.25,BID
187,1712366432.096526,9062097.14467046,47.18,3.2924910382601186e-14,47.25,BID
188,1712366432.0988543,9066335.3305643,47.19,8.585571769178617e-07,47.25,BID
189,1712366453.4657693,9070572.6186999,47.2,8.58375312130027e-07,47.25,BID
190,1712366453.467764,9095635.07965877,47.2,5.077067468592808e-06,47.25,BID
191,1712366453.469665,9095635.0798213,47.19,3.2924910382601186e-14,47.25,BID
192,1712366460.2931871,9095635.0798213,47.19,0.0,47.25,BID
193,1712366461.1974585,9101170.15191598,47.16,-1.1209164976212025e-06,47.25,ASK
194,1712366461.1986408,9103310.34161682,47.16,-4.334133147093109e-07,47.25,ASK
195,1712366490.2958927,9103310.34161682,47.16,-0.0,47.25,ASK
196,1712366491.6584456,9108845.41371181,47.16,-1.1208343380677846e-06,47.25,ASK
197,1712366498.5254295,9117124.63871181,47.2,1.6765164957811992e-06,47.25,BID
198,1712366508.4655442,9118328.86710608,47.2,2.438523856619136e-07,47.25,BID
199,1712366509.610806,9141322.66681639,47.2,4.656170657884519e-06,47.25,BID
200,1712366520.256252,9141322.66681639,47.2,0.0,47.25,BID
201,1712366527.8057618,9142381.54017513,47.2,2.1434059362104162e-07,47.25,BID
202,1712366533.9854438,9155093.40458191,47.16,-2.5731769908895256e-06,47.25,ASK
203,1712366550.2144678,9155093.40458191,47.16,-0.0,47.25,ASK
204,1712366551.6245809,9173933.39086527,47.16,-3.8131500712473497e-06,47.25,ASK
205,1712366551.6259162,9192861.39505655,47.16,-3.830964600770133e-06,47.25,ASK
206,1712366580.3111088,9192861.39505655,47.16,-0.0,47.25,ASK
207,1712366588.1255157,9208600.65964968,47.15,-3.184426420493901e-06,47.25,ASK
208,1712366595.356542,9229922.62127014,47.15,-4.3139384003106754e-06,47.25,ASK
209,1712366608.4755018,9251134.10979674,47.15,-4.291587073997723e-06,47.25,ASK
210,1712366608.5659947,9272502.99943955,47.15,4.323433051941078e-06,47.25,BID
211,1712366608.595518,9276775.99943955,47.19,8.645292169946603e-07,47.25,BID
212,1712366608.8356311,9298143.99943955,47.19,4.323253056106225e-06,47.25,BID
213,1712366610.2949293,9298143.99943955,47.19,0.0,47.25,BID
214,1712366612.3266826,9315660.70686141,47.19,3.5404886250839587e-06,47.25,BID
215,1712366624.3556335,9317778.22886141,47.19,4.279949635402804e-07,47.25,BID
216,1712366631.1658208,9335167.30927352,47.19,3.514692568474177e-06,47.25,BID
217,1712366633.1959612,9335374.49159396,47.17,-4.187582923955168e-08,47.25,ASK
218,1712366640.2681298,9335374.49159396,47.17,-0.0,47.25,ASK
219,1712366648.1156125,9335744.1377662,47.17,-7.468660998404264e-08,47.25,ASK
220,1712366648.1188111,9336076.8769271,47.17,-6.722958819276126e-08,47.25,ASK
221,1712366648.2156825,9336320.38133828,47.17,-4.9199803360679305e-08,47.25,ASK
222,1712366648.2182024,9337474.84486669,47.16,-2.332581094103533e-07,47.25,ASK
223,1712366670.2458975,9337474.84486669,47.16,-0.0,47.25,ASK
224,1712366691.7156937,9337898.93286669,47.17,8.5684807486048e-08,47.25,BID
225,1712366700.3369272,9337898.93286669,47.17,0.0,47.25,BID
226,1712366730.3324418,9337898.93286669,47.17,0.0,47.25,BID
227,1712366746.0789132,9337898.93307704,47.17,4.26320020810145e-14,47.25,BID
228,1712366760.23516,9337898.93307704,47.17,0.0,47.25,BID
229,1712366789.4097924,9338898.93307704,47.19,2.026731766366257e-07,47.25,BID
230,1712366789.4120376,9362844.23669009,47.2,4.853070748785292e-06,47.25,BID
231,1712366789.485983,9379243.33752192,47.2,3.323657859571492e-06,47.25,BID
232,1712366789.5659564,9380641.30546152,47.2,2.833306031549609e-07,47.25,BID
233,1712366790.2592432,9380641.30546152,47.2,0.0,47.25,BID
234,1712366790.8962123,9383599.73218057,47.2,5.993486799421918e-07,47.25,BID
235,1712366809.9294367,9386789.54018057,47.2,6.462242927158674e-07,47.25,BID
236,1712366820.3364472,9386789.54018057,47.2,0.0,47.25,BID
237,1712366840.6161146,9391025.03361556,47.22,8.580196184443232e-07,47.25,BID
238,1712366840.6193497,9391783.140058,47.22,1.53576014333823e-07,47.25,BID
239,1712366840.620862,9391783.14018057,47.2,2.4829937394150712e-14,47.25,BID
240,1712366850.300506,9391783.14018057,47.2,0.0,47.25,BID
241,1712366880.2445638,9391783.14018057,47.2,0.0,47.25,BID
242,1712366884.4561996,9392198.15618057,47.22,8.406927471654757e-08,47.25,BID
243,1712366890.636062,9393426.44927671,47.22,2.488138041223605e-07,47.25,BID
244,1712366893.6359217,9393532.48485486,47.22,2.1479495126041843e-08,47.25,BID
245,1712366894.2759378,9395480.25323222,47.23,3.945570165973803e-07,47.25,BID
246,1712366894.2782078,9397767.08150953,47.22,4.632399586387549e-07,47.25,BID
247,1712366894.357197,9399722.45018353,47.23,3.9609659923048905e-07,47.25,BID
248,1712366910.2769847,9399722.45018353,47.23,0.0,47.25,BID
249,1712366912.1366005,9409722.45018353,47.2,-2.025533718215785e-06,47.25,ASK
250,1712366912.206622,9411722.45018353,47.19,-4.0510674364315714e-07,47.25,ASK
251,1712366931.0262897,9411828.48576168,47.22,2.1477863887394208e-08,47.25,BID
252,1712366940.2781634,9411828.48576168,47.22,0.0,47.25,BID
253,1712366970.3260884,9411828.48576168,47.22,0.0,47.25,BID
254,1712367000.2907012,9411828.48576168,47.22,0.0,47.25,BID
255,1712367030.2682898,9411828.48576168,47.22,0.0,47.25,BID
256,1712367041.3462377,9425256.35583389,47.21,2.7234025589194333e-06,47.25,BID
257,1712367041.3493512,9430775.16592726,47.21,1.1193094250723963e-06,47.25,BID
258,1712367041.352018,9445101.87975204,47.22,2.905703501857898e-06,47.25,BID
259,1712367041.466011,9511828.48576168,47.22,-1.3533301154793678e-05,47.25,ASK
260,1712367060.3229678,9511828.48576168,47.22,-0.0,47.25,ASK
261,1712367073.8859055,9593180.34904157,47.18,-1.6483768476821418e-05,47.25,ASK
262,1712367077.9560022,9593361.34840722,47.17,-3.667465645578638e-08,47.25,ASK
263,1712367077.959029,9614518.88496647,47.17,-4.287006100679882e-06,47.25,ASK
264,1712367078.0358818,9615091.18151539,47.16,-1.159605131602319e-07,47.25,ASK
265,1712367078.0376194,9615303.22562056,47.16,-4.29650384832172e-08,47.25,ASK
266,1712367082.1865392,9615439.03915471,47.14,-2.7518962230078773e-08,47.25,ASK
267,1712367082.1897078,9615680.56439866,47.14,-4.8938598847675855e-08,47.25,ASK
268,1712367083.876021,9617680.56439866,47.14,-4.052462429805493e-07,47.25,ASK
269,1712367087.1461835,9627680.56439866,47.13,-2.0262312149027467e-06,47.25,ASK
270,1712367087.1487198,9655104.66616439,47.13,-5.556757103839439e-06,47.25,ASK
271,1712367087.246002,9722903.32029587,47.13,-1.3737574932959896e-05,47.25,ASK
272,1712367090.326997,9722903.32029587,47.13,-0.0,47.25,ASK
273,1712367106.2758665,9723539.8575333,47.13,-1.2871757817837114e-07,47.25,ASK
274,1712367120.260517,9723539.8575333,47.13,-0.0,47.25,ASK
275,1712367127.5958593,9731409.48982987,47.13,-1.5913505224218518e-06,47.25,ASK
276,1712367146.6089356,9743786.82860797,47.14,2.5028722802346006e-06,47.25,BID
277,1712367146.6156335,9752829.64644271,47.14,1.828585166774523e-06,47.25,BID
278,1712367150.2617934,9752829.64644271,47.14,0.0,47.25,BID
279,1712367150.2712755,9753829.64644271,47.16,2.021576491594778e-07,47.25,BID
280,1712367179.586041,9758325.05431705,47.2,9.087810878896184e-07,47.25,BID
281,1712367179.589271,9763325.05431705,47.2,1.010788245797389e-06,47.25,BID
282,1712367179.5924714,9763656.51392036,47.23,6.700709419640814e-08,47.25,BID
283,1712367179.595199,9764277.3397375,47.22,1.255046877304977e-07,47.25,BID
284,1712367179.5966494,9768511.93639217,47.23,8.560561048467395e-07,47.25,BID
285,1712367179.5984151,9785392.64974134,47.25,3.412565326803421e-06,47.25,BID
286,1712367179.5998354,9787508.60403673,47.26,4.277563460848111e-07,47.26,BID
287,1712367179.6012752,9791745.89217233,47.2,8.566002083041101e-07,47.26,BID
288,1712367179.6027431,9798089.72807845,47.29,1.2824549534347085e-06,47.29,BID
289,1712367179.6042309,9802325.22151344,47.22,8.56237395848321e-07,47.29,BID
290,1712367179.605755,9806558.92176747,47.24,8.558748906003185e-07,47.29,BID
291,1712367179.6072462,9808674.42843132,47.27,4.276658539450402e-07,47.29,BID
292,1712367179.6087413,9815647.09680954,47.24,1.4095782477097598e-06,47.29,BID
293,1712367179.610269,9817064.0852342,47.25,2.864550488155864e-07,47.29,BID
294,1712367179.611786,9821294.20367752,47.28,8.551508001676348e-07,47.29,BID
295,1712367179.6133058,9825527.00791033,47.25,8.556937530570944e-07,47.29,BID
296,1712367179.614848,9830321.28730438,47.26,9.69200251715088e-07,47.29,BID
297,1712367179.616358,9838137.26550306,47.29,1.5800597785267096e-06,47.29,BID
298,1712367180.3282435,9838137.26550306,47.29,0.0,47.29,BID
299,1712367206.0958672,9838723.19090967,47.25,1.1835287015142905e-07,47.29,BID
300,1712367206.098845,9852443.47619777,47.25,2.771402511006268e-06,47.29,BID
301,1712367207.675927,9855443.47619777,47.25,-6.059792022131233e-07,47.29,ASK
302,1712367207.7357118,9855982.77723915,47.25,-1.08935071602633e-07,47.29,ASK
303,1712367210.3260312,9855982.77723915,47.25,-0.0,47.29,ASK
304,1712367240.2801728,9855982.77723915,47.25,-0.0,47.29,ASK
305,1712367270.264403,9855982.77723915,47.25,-0.0,47.29,ASK
306,1712367300.3510416,9855982.77723915,47.25,-0.0,47.29,ASK
307,1712367303.275722,9856090.53585983,47.13,-2.198724336787714e-08,47.29,ASK
308,1712367330.3236384,9856090.53585983,47.13,-0.0,47.29,ASK
309,1712367360.2314358,9856090.53585983,47.13,-0.0,47.29,ASK
310,1712367368.0668275,9856302.66995983,47.24,4.328414024295709e-08,47.29,BID
311,1712367390.2386055,9856302.66995983,47.24,0.0,47.29,BID
312,1712367420.298812,9856302.66995983,47.24,0.0,47.29,BID
313,1712367428.985999,9856514.31017147,47.25,-4.318327826846879e-08,47.29,ASK
314,1712367450.31137,9856514.31017147,47.25,-0.0,47.29,ASK
315,1712367457.9459343,9863268.45649962,47.26,-1.378119890247081e-06,47.29,ASK
316,1712367457.9487004,10062729.6493466,47.26,-4.069817617797294e-05,47.29,ASK
317,1712367457.9661293,10083460.5492466,47.26,-4.229944704609333e-06,47.29,ASK
318,1712367457.974777,10093503.36708134,47.26,-2.0491423104800025e-06,47.29,ASK
319,1712367458.0260892,10094682.47563909,47.26,-2.405859863329948e-07,47.29,ASK
320,1712367461.095915,10095580.15996109,47.2,-1.831640238759108e-07,47.29,ASK
321,1712367473.045744,10095692.15996109,47.25,2.285254423114709e-08,47.29,BID
322,1712367480.2527614,10095692.15996109,47.25,0.0,47.29,BID
323,1712367487.4259486,10099982.97054309,47.25,-8.734848720502081e-07,47.29,ASK
324,1712367487.4522266,10099982.9705431,47.25,-1.8959032667113134e-18,47.29,ASK
325,1712367501.5257623,10100093.9705431,47.27,2.2596388012160426e-08,47.29,BID
326,1712367510.2600832,10100093.9705431,47.27,0.0,47.29,BID
327,1712367540.3375823,10100093.9705431,47.27,0.0,47.29,BID
328,1712367555.295875,10101093.97054307,47.2,-2.035624442733275e-07,47.29,ASK
329,1712367555.305693,10101093.9705431,47.2,-6.066633590441768e-18,47.29,ASK
330,1712367570.295944,10101093.9705431,47.2,-0.0,47.29,ASK
331,1712367580.765824,10101755.1854851,47.2,1.3459723655765754e-07,47.29,BID
332,1712367594.2757533,10102293.06717208,47.2,1.0949145892468026e-07,47.29,BID
333,1712367599.4060547,10111910.47069989,47.17,-1.9577233596475813e-06,47.29,ASK
334,1712367599.4098136,10115370.14217765,47.17,-7.042524158557598e-07,47.29,ASK
335,1712367599.5258942,10177802.74225089,47.17,1.2708810565501566e-05,47.29,BID
336,1712367600.2691295,10177802.74225089,47.17,0.0,47.29,BID
337,1712367626.4556828,10181211.65682824,47.17,6.954941510935453e-07,47.29,BID
338,1712367629.893447,10184843.9829981,47.17,7.410750691104785e-07,47.29,BID
339,1712367630.2563372,10184843.9829981,47.17,0.0,47.29,BID
340,1712367660.3116171,10184843.9829981,47.17,0.0,47.29,BID
341,1712367669.526082,10215778.89044729,47.13,-6.310979311057748e-06,47.29,ASK
342,1712367669.530414,10215982.37377138,47.14,-4.151229644331562e-08,47.29,ASK
343,1712367669.5345483,10216088.61183631,47.13,-2.167345193840471e-08,47.29,ASK
344,1712367669.5384023,10270525.59113952,47.12,-1.1105598124167368e-05,47.29,ASK
345,1712367669.540254,10272028.42554875,47.13,-3.065907625610967e-07,47.29,ASK
346,1712367669.625693,10275937.43205775,47.12,7.974699535015053e-07,47.29,BID
347,1712367672.0162077,10284843.9829981,47.12,1.8170107284060435e-06,47.29,BID
348,1712367672.8160312,10285162.45433567,47.1,-6.497081091583073e-08,47.29,ASK
349,1712367672.8205335,10307628.88664469,47.1,-4.583339702191373e-06,47.29,ASK
350,1712367672.824797,10368939.2878334,47.11,-1.2507833556318491e-05,47.29,ASK
351,1712367672.8290634,10369151.60205845,47.1,-4.331387394426714e-08,47.29,ASK
352,1712367690.3124194,10369151.60205845,47.1,-0.0,47.29,ASK
353,1712367719.1457803,10379955.87304733,47.17,2.20026352733707e-06,47.29,BID
354,1712367720.2465813,10379955.87304733,47.17,0.0,47.29,BID
355,1712367750.2488046,10379955.87304733,47.17,0.0,47.29,BID
356,1712367762.555805,10380617.08798933,47.2,1.346408419773678e-07,47.29,BID
357,1712367762.5587826,10384854.37612493,47.2,8.628238807663106e-07,47.29,BID
358,1712367762.6357844,10385255.51951597,47.21,8.168339898671305e-08,47.29,BID
359,1712367780.2877836,10385255.51951597,47.21,0.0,47.29,BID
360,1712367804.2957284,10385676.3650112,47.2,-8.569090343759804e-08,47.29,ASK
361,1712367810.259145,10385676.3650112,47.2,-0.0,47.29,ASK
362,1712367815.5872889,10385830.10392778,47.2,-3.130358652038453e-08,47.29,ASK
363,1712367815.5890126,10385983.84284436,47.2,-3.130358652038453e-08,47.29,ASK
364,1712367815.7264063,10386250.94942301,47.2,-5.43869703322753e-08,47.29,ASK
365,1712367840.285183,10386250.94942301,47.2,-0.0,47.29,ASK
366,1712367870.2542312,10386250.94942301,47.2,-0.0,47.29,ASK
367,1712367900.2803917,10386250.94942301,47.2,-0.0,47.29,ASK
368,1712367930.2458217,10386250.94942301,47.2,-0.0,47.29,ASK
369,1712367960.3024185,10386250.94942301,47.2,-0.0,47.29,ASK
370,1712367990.3546925,10386250.94942301,47.2,-0.0,47.29,ASK
371,1712368020.2269683,10386250.94942301,47.2,-0.0,47.29,ASK
372,1712368050.2319643,10386250.94942301,47.2,-0.0,47.29,ASK
373,1712368080.3128417,10386250.94942301,47.2,-0.0,47.29,ASK
374,1712368103.7357953,10388902.96597901,47.11,-5.426240256486155e-07,47.29,ASK
375,1712368103.7958229,10388902.96598,47.11,-2.027517195147532e-16,47.29,ASK
376,1712368103.9360695,10392206.4395832,47.1,-6.759174037340261e-07,47.29,ASK
377,1712368103.9556932,10392297.87149963,47.1,-1.870770921625031e-08,47.29,ASK
378,1712368103.9575007,10392426.45430217,47.1,-2.6309080833377522e-08,47.29,ASK
379,1712368110.3063622,10392426.45430217,47.1,-0.0,47.29,ASK
380,1712368140.263284,10392426.45430217,47.1,-0.0,47.29,ASK
381,1712368142.3359592,10392577.34509164,47.09,-3.08716378423055e-08,47.29,ASK
382,1712368145.7558608,10392781.29581381,47.08,-4.172748286802329e-08,47.29,ASK
383,1712368170.23766,10392781.29581381,47.08,-0.0,47.29,ASK
384,1712368180.6456478,10394753.54727488,47.09,4.035131960508021e-07,47.29,BID
385,1712368200.2762115,10394753.54727488,47.09,0.0,47.29,BID
386,1712368210.2330291,10401930.69395582,47.09,1.480859241369666e-06,47.29,BID
387,1712368230.232967,10401930.69395582,47.09,0.0,47.29,BID
388,1712368260.296767,10401930.69395582,47.09,0.0,47.29,BID
389,1712368266.895952,10421643.87297471,47.09,-4.067132674102724e-06,47.29,ASK
390,1712368266.900233,10421816.13765995,47.09,-3.554085970917165e-08,47.29,ASK
391,1712368267.0356803,10550053.94739746,47.09,2.6457436699529688e-05,47.29,BID
392,1712368267.0559757,10618275.9975394,47.09,1.407526046208324e-05,47.29,BID
393,1712368267.0657833,10620977.0113154,47.09,5.572607731633059e-07,47.29,BID
394,1712368290.32227,10620977.0113154,47.09,0.0,47.29,BID
395,1712368320.2746172,10620977.0113154,47.09,0.0,47.29,BID
396,1712368350.2775214,10620977.0113154,47.09,0.0,47.29,BID
397,1712368380.3354926,10620977.0113154,47.09,0.0,47.29,BID
398,1712368410.2976546,10620977.0113154,47.09,0.0,47.29,BID
399,1712368440.2297366,10620977.0113154,47.09,0.0,47.29,BID
400,1712368449.155738,10630977.0113154,47.04,-2.05877281397026e-06,47.29,ASK
401,1712368470.2560754,10630977.0113154,47.04,-0.0,47.29,ASK
402,1712368477.2158587,10704356.17933656,47.04,1.5105640722533449e-05,47.29,BID
403,1712368500.2452626,10704356.17933656,47.04,0.0,47.29,BID
404,1712368511.4756837,10746873.18613928,47.04,-8.77022834545412e-06,47.29,ASK
405,1712368530.2505884,10746873.18613928,47.04,-0.0,47.29,ASK
406,1712368560.338808,10746873.18613928,47.04,-0.0,47.29,ASK
407,1712368590.318543,10746873.18613928,47.04,-0.0,47.29,ASK
408,1712368590.515113,10753253.44985685,47.02,-1.3155510828887548e-06,47.29,ASK
409,1712368592.2051125,10759819.31485685,47.02,1.353820342420305e-06,47.29,BID
410,1712368593.3752882,10768485.79108352,47.01,-1.7869468551010896e-06,47.29,ASK
411,1712368593.379296,10864068.19578782,47.02,1.9708203544563527e-05,47.29,BID
412,1712368593.3829324,10866080.91648554,47.02,4.150043024316854e-07,47.29,BID
413,1712368601.1251192,10870053.34944754,47.06,-8.190787585267657e-07,47.29,ASK
414,1712368601.145224,10870053.34944828,47.06,-1.528559273923903e-16,47.29,ASK
415,1712368612.5753057,10872181.00902274,47.0,-4.3870363061828134e-07,47.29,ASK
416,1712368612.579411,10891302.81821157,47.0,-3.942739344125462e-06,47.29,ASK
417,1712368620.2402558,10891302.81821157,47.0,-0.0,47.29,ASK
418,1712368635.9463596,10910354.31821157,47.0,3.922749683376965e-06,47.29,BID
419,1712368636.0451653,10915394.41082857,47.0,1.0377671951040838e-06,47.29,BID
420,1712368636.3508298,10922148.26682857,47.0,1.3906351985710318e-06,47.29,BID
421,1712368642.365272,10924998.27819157,47.0,5.868241960910027e-07,47.29,BID
422,1712368650.2714057,10924998.27819157,47.0,0.0,47.29,BID
423,1712368658.2255504,10927848.28955457,47.0,5.866329039680703e-07,47.29,BID
424,1712368658.2297857,10935673.78370664,47.0,1.6107628267779135e-06,47.29,BID
425,1712368680.3090038,10935673.78370664,47.0,0.0,47.29,BID
426,1712368703.9253993,10941020.26533496,47.0,1.1003809302862975e-06,47.29,BID
427,1712368704.2652311,10945816.20333496,47.0,9.870713274466992e-07,47.29,BID
428,1712368710.329965,10945816.20333496,47.0,0.0,47.29,BID
429,1712368732.8055966,10947656.00933496,47.0,3.786207407144029e-07,47.29,BID
430,1712368734.8553514,10954608.14633496,47.0,1.4307069661085123e-06,47.29,BID
431,1712368740.2395446,10954608.14633496,47.0,0.0,47.29,BID
432,1712368741.905486,10956923.25233496,47.0,4.76394040850996e-07,47.29,BID
433,1712368751.8552518,10957136.01829241,47.0,4.3782200134829784e-08,47.29,BID
434,1712368751.8651211,10957136.01842737,47.0,2.7771537260519508e-14,47.29,BID
435,1712368752.3451917,11057136.01842737,47.12,2.057763406301354e-05,47.29,BID
436,1712368752.3486235,11058166.51029926,47.12,2.1205084644655682e-07,47.29,BID
437,1712368752.3519018,11079928.17956232,47.11,4.478036666955633e-06,47.29,BID
438,1712368752.4253275,11104206.62919137,47.12,-4.9959305208393085e-06,47.29,ASK
439,1712368752.429708,11257136.01842737,47.12,-3.146925009178558e-05,47.29,ASK
440,1712368753.0651126,11269440.45942737,46.98,-2.53196284247933e-06,47.29,ASK
441,1712368770.239046,11269440.45942737,46.98,-0.0,47.29,ASK
442,1712368800.399302,11269440.45942737,46.98,-0.0,47.29,ASK
443,1712368830.2434375,11269440.45942737,46.98,-0.0,47.29,ASK
444,1712368860.3548937,11269440.45942737,46.98,-0.0,47.29,ASK
445,1712368877.5069933,11322043.95351137,47.1,1.0857730113895242e-05,47.29,BID
446,1712368877.5870454,11322043.95351188,47.1,1.0534286815828132e-16,47.29,BID
447,1712368877.590341,11322457.60376387,47.12,8.538031314958244e-08,47.29,BID
448,1712368890.3252645,11322457.60376387,47.12,0.0,47.29,BID
449,1712368907.4278574,11323624.47772576,47.18,2.4072689362485855e-07,47.29,BID
450,1712368920.246218,11323624.47772576,47.18,0.0,47.29,BID
451,1712368939.6181858,11327862.66378212,47.17,8.743307417718569e-07,47.29,BID
452,1712368939.6279752,11331023.32175436,47.18,6.520384883077732e-07,47.29,BID
453,1712368950.230856,11331023.32175436,47.18,0.0,47.29,BID
454,1712368980.314195,11331023.32175436,47.18,0.0,47.29,BID
455,1712369002.3389876,11352281.82515572,47.04,-4.385278167632643e-06,47.29,ASK
456,1712369002.3412404,11352494.41015572,47.04,-4.385277465968364e-08,47.29,ASK
457,1712369010.326261,11352494.41015572,47.04,-0.0,47.29,ASK
458,1712369040.2327282,11352494.41015572,47.04,-0.0,47.29,ASK
459,1712369070.295751,11352494.41015572,47.04,-0.0,47.29,ASK
460,1712369073.9100554,11373775.53379904,46.99,-4.389029911747525e-06,47.29,ASK
461,1712369073.9201326,11414077.1163287,46.98,-8.31181915852282e-06,47.29,ASK
462,1712369073.9241366,11417237.77430094,46.99,-6.518557296819522e-07,47.29,ASK
463,1712369100.3485837,11417237.77430094,46.99,-0.0,47.29,ASK
464,1712369130.3238354,11417237.77430094,46.99,-0.0,47.29,ASK
465,1712369160.2658005,11417237.77430094,46.99,-0.0,47.29,ASK
466,1712369170.0714936,11419237.77430094,47.0,4.145641709492709e-07,47.29,BID
467,1712369173.6216433,11427741.17566149,47.04,1.762602767642456e-06,47.29,BID
468,1712369187.2630868,11450491.71797161,47.04,4.715779855720715e-06,47.29,BID
469,1712369190.2288833,11450491.71797161,47.04,0.0,47.29,BID
470,1712369220.323501,11450491.71797161,47.04,0.0,47.29,BID
471,1712369250.310611,11450491.71797161,47.04,0.0,47.29,BID
472,1712369280.271406,11450491.71797161,47.04,0.0,47.29,BID
473,1712369297.8929975,11454743.41865188,47.12,8.810157341728863e-07,47.29,BID
474,1712369310.263451,11454743.41865188,47.12,0.0,47.29,BID
475,1712369310.8228314,11455356.84585688,47.05,-1.271059807477584e-07,47.29,ASK
476,1712369315.372897,11461733.04139354,47.12,1.3211878777475425e-06,47.29,BID
477,1712369340.3800037,11461733.04139354,47.12,0.0,47.29,BID
478,1712369355.8139236,11464921.41025861,47.08,-6.606050356331824e-07,47.29,ASK
479,1712369366.833278,11473005.41025861,47.12,-1.6749414305747438e-06,47.29,ASK
480,1712369370.3462503,11473005.41025861,47.12,-0.0,47.29,ASK
481,1712369399.743538,11473409.41025861,47.12,-8.369642443714433e-08,47.29,ASK
482,1712369400.3042264,11473409.41025861,47.12,-0.0,47.29,ASK
483,1712369420.643648,11473410.37460495,47.12,-2.0002054221225888e-10,47.29,ASK
484,1712369430.278246,11473410.37460495,47.12,-0.0,47.29,ASK
485,1712369432.8739526,11516120.47647253,47.12,-8.85874431133553e-06,47.29,ASK
486,1712369432.8793073,11522221.91959646,47.12,-1.2655349016170983e-06,47.29,ASK
487,1712369433.2339275,11522221.91959656,47.05,-2.086245655023392e-17,47.29,ASK
488,1712369433.238492,11525409.74626815,47.07,-6.612051987143574e-07,47.29,ASK
489,1712369460.3270946,11525409.74626815,47.07,-0.0,47.29,ASK
490,1712369490.310518,11525409.74626815,47.07,-0.0,47.29,ASK
491,1712369520.303476,11525409.74626815,47.07,-0.0,47.29,ASK
492,1712369550.283358,11525409.74626815,47.07,-0.0,47.29,ASK
493,1712369580.3131485,11525409.74626815,47.07,-0.0,47.29,ASK
494,1712369610.0850463,11541420.2830845,46.99,-3.3191494676560995e-06,47.29,ASK
495,1712369610.1678274,11543526.7326375,46.99,-4.366887252239662e-07,47.29,ASK
496,1712369610.3268256,11546757.12868994,46.99,-6.696944306589547e-07,47.29,ASK
497,1712369610.3295832,11548863.5782425,46.98,-4.366887251328358e-07,47.29,ASK
498,1712369610.3449352,11548863.5782425,46.98,-0.0,47.29,ASK
499,1712369640.416948,11548863.5782425,46.98,-0.0,47.29,ASK
500,1712369670.2487874,11548863.5782425,46.98,-0.0,47.29,ASK
501,1712369680.725757,11548863.57824294,46.98,-9.14955928620061e-17,47.29,ASK
502,1712369680.730554,11548970.09581482,46.95,-2.2077147627998456e-08,47.29,ASK
503,1712369680.7350948,11549076.63607808,46.94,-2.2081850710714648e-08,47.29,ASK
504,1712369680.7399764,11549183.2814455,46.95,-2.2103634910317227e-08,47.29,ASK
505,1712369700.2953882,11549183.2814455,46.95,-0.0,47.29,ASK
506,1712369700.445634,11549289.95237474,46.92,-2.2727742466113612e-08,47.29,ASK
507,1712369700.447823,11549289.95237564,46.94,-1.9168471248005144e-16,47.29,ASK
508,1712369700.4501717,11556524.7562972,46.92,-1.5414767781016658e-06,47.29,ASK
509,1712369730.292845,11556524.7562972,46.92,-0.0,47.29,ASK
510,1712369760.3353567,11556524.7562972,46.92,-0.0,47.29,ASK
511,1712369785.7262366,11556951.0137567,46.92,-9.081348468784853e-08,47.29,ASK
512,1712369785.8661025,11591859.67113804,46.92,7.43723482587316e-06,47.29,BID
513,1712369785.8705692,11653691.93974773,46.92,1.317326806480185e-05,47.29,BID
514,1712369790.324694,11653691.93974773,46.92,0.0,47.29,BID
515,1712369806.3863592,11655717.07298159,46.91,-4.310328016595405e-07,47.29,ASK
516,1712369806.391186,11655823.68138065,46.91,-2.2690712965842065e-08,47.29,ASK
517,1712369810.0765293,11663247.30987665,46.92,1.5800577145294678e-06,47.29,BID
518,1712369810.078958,11663247.30987748,46.92,1.764196098149558e-16,47.29,BID
519,1712369820.2673967,11663247.30987748,46.92,0.0,47.29,BID
520,1712369850.3061175,11663247.30987748,46.92,0.0,47.29,BID
521,1712369880.3507178,11663247.30987748,46.92,0.0,47.29,BID
522,1712369885.5666344,11673875.20609441,46.91,-2.2618436795778995e-06,47.29,ASK
523,1712369908.4965851,11681892.32602871,46.91,-1.7062146337980546e-06,47.29,ASK
524,1712369910.3285975,11681892.32602871,46.91,-0.0,47.29,ASK
525,1712369940.2742908,11681892.32602871,46.91,-0.0,47.29,ASK
526,1712369948.7268422,11696387.69313976,46.91,-3.0843500974805283e-06,47.29,ASK
527,1712369948.7316897,11710005.03653567,46.91,-2.897522643533617e-06,47.29,ASK
528,1712369948.8468542,11713835.45209767,46.91,8.150426630478459e-07,47.29,BID
529,1712369948.867703,11714046.35356797,46.91,4.487599144611452e-08,47.29,BID
530,1712369969.0267408,11718277.75356796,46.93,9.003648477793378e-07,47.29,BID
531,1712369970.2755308,11718277.75356796,46.93,0.0,47.29,BID
532,1712370000.2820551,11718277.75356796,46.93,0.0,47.29,BID
533,1712370003.530986,11727923.96182974,46.92,2.0722675856450326e-06,47.29,BID
534,1712370003.5370083,11733571.84302609,46.93,1.2133183125583544e-06,47.29,BID
535,1712370011.4173434,11738519.78106009,46.92,1.0629515064757298e-06,47.29,BID
536,1712370026.8871758,11738519.78106027,46.92,3.841409079191823e-17,47.29,BID
537,1712370030.2695007,11738519.78106027,46.92,0.0,47.29,BID
538,1712370055.5472703,11739763.08222068,46.97,2.6704037665940305e-07,47.29,BID
539,1712370055.5523603,11749176.2175479,46.93,2.0217846515141403e-06,47.29,BID
540,1712370060.3314662,11749176.2175479,46.93,0.0,47.29,BID
541,1712370090.3369627,11749176.2175479,46.93,0.0,47.29,BID
542,1712370120.2674053,11749176.2175479,46.93,0.0,47.29,BID
543,1712370150.2699966,11749176.2175479,46.93,0.0,47.29,BID
544,1712370180.298221,11749176.2175479,46.93,0.0,47.29,BID
545,1712370210.2730038,11749176.2175479,46.93,0.0,47.29,BID
546,1712370240.3619149,11749176.2175479,46.93,0.0,47.29,BID
547,1712370268.0379052,11750314.7795479,46.93,2.445178824982129e-07,47.29,BID
548,1712370270.3257492,11750314.7795479,46.93,0.0,47.29,BID
549,1712370295.1884215,11750442.46619731,46.99,2.7421704628708856e-08,47.29,BID
550,1712370295.1943288,11750442.46628987,46.93,1.987807384228152e-14,47.29,BID
551,1712370300.2938938,11750442.46628987,46.93,0.0,47.29,BID
552,1712370330.2747798,11750442.46628987,46.93,0.0,47.29,BID
553,1712370343.408381,11750548.84926859,47.0,2.299894949831457e-08,47.29,BID
554,1712370343.9282968,11752775.416715,46.94,-4.813618952143053e-07,47.29,ASK
555,1712370343.9333627,11774079.20878998,46.94,-4.605669477920062e-06,47.29,ASK
556,1712370348.36832,11777609.20452922,46.94,7.631502211524261e-07,47.29,BID
557,1712370360.3272617,11777609.20452922,46.94,0.0,47.29,BID
558,1712370362.8686252,11779740.49182656,46.92,-4.606362757365133e-07,47.29,ASK
559,1712370362.8738377,11779740.49182751,46.91,-2.0531299654998616e-16,47.29,ASK
560,1712370362.8789923,11784003.06642255,46.92,-9.212725515507236e-07,47.29,ASK
561,1712370362.8834789,11788265.6410176,46.92,-9.212725515531388e-07,47.29,ASK
562,1712370362.885676,11797903.20126017,46.91,-2.082971105239439e-06,47.29,ASK
563,1712370379.9183476,11837123.0026716,46.9,-8.476596881064937e-06,47.29,ASK
564,1712370390.3473723,11837123.0026716,46.9,-0.0,47.29,ASK
565,1712370420.2523022,11837123.0026716,46.9,-0.0,47.29,ASK
566,1712370423.8385537,11839824.9945756,46.94,-5.836308489877965e-07,47.29,ASK
567,1712370427.6885452,11839824.99457615,46.94,-1.1909020222711447e-16,47.29,ASK
568,1712370447.3485756,11863324.99457615,46.9,-5.07600519857595e-06,47.29,ASK
569,1712370447.3690984,11888824.99457615,46.9,-5.508005641007946e-06,47.29,ASK
570,1712370448.1688108,11902950.60894297,46.9,-3.0511358280450154e-06,47.29,ASK
571,1712370448.174086,11913095.56519115,46.9,-2.1913127938333007e-06,47.29,ASK
572,1712370448.179345,11936374.24308536,46.9,-5.028199574765415e-06,47.29,ASK
573,1712370448.2285888,11938507.3488874,46.88,-4.607513251178869e-07,47.29,ASK
574,1712370448.2336354,11940639.99977245,46.89,-4.606530629471325e-07,47.29,ASK
575,1712370448.2483206,11942773.10557355,46.88,-4.607513249147092e-07,47.29,ASK
576,1712370448.2506444,11945012.41032936,46.89,-4.836903226251361e-07,47.29,ASK
577,1712370448.308566,11945012.4103303,46.88,-2.0277520919751923e-16,47.29,ASK
578,1712370450.2457108,11945012.4103303,46.88,-0.0,47.29,ASK
579,1712370480.3477397,11945012.4103303,46.88,-0.0,47.29,ASK
580,1712370485.7086694,11945118.95059446,46.94,2.2987596116925296e-08,47.29,BID
581,1712370510.3451772,11945118.95059446,46.94,0.0,47.29,BID
582,1712370540.319794,11945118.95059446,46.94,0.0,47.29,BID
583,1712370570.2736351,11945118.95059446,46.94,0.0,47.29,BID
584,1712370600.3929036,11945118.95059446,46.94,0.0,47.29,BID
585,1712370630.2589097,11945118.95059446,46.94,0.0,47.29,BID
586,1712370660.4703507,11945118.95059446,46.94,0.0,47.29,BID
587,1712370661.7591777,11945318.95059446,46.86,-4.34039559439534e-08,47.29,ASK
588,1712370661.769101,11945425.67274554,46.86,-2.3160817718633072e-08,47.29,ASK
589,1712370663.309252,11945639.16548678,46.84,-4.6332147675714933e-08,47.29,ASK
590,1712370678.8001442,11945745.95600567,46.83,-2.31756548854946e-08,47.29,ASK
591,1712370678.805664,11945879.48610567,46.83,-2.897867288777607e-08,47.29,ASK
592,1712370690.3236358,11945879.48610567,46.83,-0.0,47.29,ASK
593,1712370691.4394462,11946186.20825675,46.83,6.656425900036577e-08,47.29,BID
594,1712370693.3460937,11946399.53315526,46.83,4.629536453666152e-08,47.29,BID
595,1712370695.2692442,11978828.53315526,46.83,7.037680022525715e-06,47.29,BID
596,1712370697.923962,12008723.80924135,46.83,6.487816068302054e-06,47.29,BID
597,1712370697.959505,12031414.67950296,46.83,4.924329591842253e-06,47.29,BID
598,1712370697.9991927,12098152.53321358,46.83,1.448332232894854e-05,47.29,BID
599,1712370698.059358,12106175.53321358,46.83,1.7411362305567182e-06,47.29,BID
600,1712370698.0646696,12121219.58536389,46.83,3.2648316406939864e-06,47.29,BID
601,1712370698.9495614,12132177.78266839,46.83,2.378127177920277e-06,47.29,BID
602,1712370698.954287,12138270.00561439,46.83,1.3221226593433509e-06,47.29,BID
603,1712370720.256205,12138270.00561439,46.83,0.0,47.29,BID
604,1712370738.4994855,12139287.67859608,46.84,-2.2042247618958209e-07,47.29,ASK
605,1712370749.1792593,12139394.24156219,46.93,2.308096341629843e-08,47.29,BID
606,1712370750.3049972,12139394.24156219,46.93,0.0,47.29,BID
607,1712370756.3495798,12161986.16037744,46.93,4.893231882250689e-06,47.29,BID
608,1712370780.3468392,12161986.16037744,46.93,0.0,47.29,BID
609,1712370810.350001,12161986.16037744,46.93,0.0,47.29,BID
610,1712370830.949855,12163041.79910638,46.89,-2.2859055047105545e-07,47.29,ASK
611,1712370830.954606,12163896.59015115,46.9,-1.8509850965557552e-07,47.29,ASK
612,1712370830.9599898,12169111.91324644,46.89,-1.129338612304302e-06,47.29,ASK
613,1712370830.9697623,12169111.91324775,46.89,-2.8354918878048863e-16,47.29,ASK
614,1712370831.029942,12170285.15983478,46.88,-2.540576390529857e-07,47.29,ASK
615,1712370831.0352778,12174551.37143887,46.88,-9.238157262224372e-07,47.29,ASK
616,1712370838.3899162,12191296.5072597,46.92,3.6260320032371775e-06,47.29,BID
617,1712370838.395578,12212145.04265006,46.92,4.514592019733232e-06,47.29,BID
618,1712370838.4497657,12323635.15045206,46.92,-2.4142336213930496e-05,47.29,ASK
619,1712370838.4550922,12323635.15045283,46.92,-1.6658010663775506e-16,47.29,ASK
620,1712370840.2751553,12323635.15045283,46.92,-0.0,47.29,ASK
621,1712370844.049668,12325077.90322586,46.88,-3.1190491885275935e-07,47.29,ASK
622,1712370865.279456,12329344.11482994,46.88,-9.223010407980648e-07,47.29,ASK
623,1712370865.2840486,12330155.39362686,46.88,-1.7538822454557437e-07,47.29,ASK
624,1712370865.3192766,12330155.39362687,46.88,-2.4160820688731924e-18,47.29,ASK
625,1712370870.290475,12330155.39362687,46.88,-0.0,47.29,ASK
626,1712370900.3434782,12330155.39362687,46.88,-0.0,47.29,ASK
627,1712370904.4593434,12342695.23015387,46.88,-2.7659649140620133e-06,47.29,ASK
628,1712370904.4638789,12369306.27467098,46.88,-5.8697109250502295e-06,47.29,ASK
629,1712370904.5393777,12373573.3964973,46.87,-9.412171546426848e-07,47.29,ASK
630,1712370904.5446208,12377188.40076398,46.87,-7.973768194099508e-07,47.29,ASK
631,1712370904.5991094,12377188.40076441,46.87,-9.490670540205652e-17,47.29,ASK
632,1712370904.6192873,12381456.43320145,46.86,-9.41418011910883e-07,47.29,ASK
633,1712370904.624883,12382369.20528851,46.86,-2.013340095707799e-07,47.29,ASK
634,1712370904.6298437,12383281.06263341,46.86,-2.0113224101373745e-07,47.29,ASK
635,1712370930.3442836,12383281.06263341,46.86,-0.0,47.29,ASK
636,1712370934.589244,12387550.91745741,46.84,-9.413029231985728e-07,47.29,ASK
637,1712370938.5388594,12387550.91745834,46.84,-2.053129902682036e-16,47.29,ASK
638,1712370938.7389953,12391821.68406094,46.83,-9.415039276583732e-07,47.29,ASK
639,1712370938.7435615,12393821.68406094,46.83,-4.409062893229505e-07,47.29,ASK
640,1712370940.789728,12398093.36283069,46.82,-9.417050177747532e-07,47.29,ASK
641,1712370940.7954583,12402365.04160044,46.82,-9.417050177751638e-07,47.29,ASK
642,1712370940.800963,12402485.04160044,46.82,-2.6454377359377025e-08,47.29,ASK
643,1712370940.8046649,12420020.56034226,46.81,-3.865760249904456e-06,47.29,ASK
644,1712370940.807262,12421820.56034226,46.82,-3.968156603906553e-07,47.29,ASK
645,1712370950.5289714,12421927.35086115,46.83,2.354230570956624e-08,47.29,BID
646,1712370954.4587965,12443087.91882282,46.81,-4.664913749972704e-06,47.29,ASK
647,1712370954.468611,12447360.51014945,46.81,-9.419061938088708e-07,47.29,ASK
648,1712370960.2633357,12447360.51014945,46.81,-0.0,47.29,ASK
649,1712370961.2493246,12447616.92040586,46.8,-5.6489088763259634e-08,47.29,ASK
650,1712370961.2569473,12447830.59561953,46.8,-4.7074240635023816e-08,47.29,ASK
651,1712370961.2613606,12452104.09989303,46.8,-9.41484812720994e-07,47.29,ASK
652,1712370961.264543,12456378.51750363,46.79,-9.41686027685059e-07,47.29,ASK
653,1712370961.2671194,12456485.37647798,46.8,-2.3541827739858693e-08,47.29,ASK
654,1712370961.2697015,12456594.37412705,46.79,-2.401299370628252e-08,47.29,ASK
655,1712370961.2722957,12457594.37412705,46.8,-2.2030744617691773e-07,47.29,ASK
656,1712370961.7487638,12497337.96387153,46.8,8.75580875850919e-06,47.29,BID
657,1712370961.753276,12593086.63654102,46.81,2.109414555064516e-05,47.29,BID
658,1712370980.538772,12597361.96787919,46.78,-9.418873286721684e-07,47.29,ASK
659,1712370980.6587076,12619509.82172393,46.78,4.879337118834598e-06,47.29,BID
660,1712370981.8986268,12623576.56061513,46.78,8.959328593884529e-07,47.29,BID
661,1712370990.25927,12623576.56061513,46.78,0.0,47.29,BID
662,1712370992.6703837,12626975.71066552,46.78,7.474999170728763e-07,47.29,BID
663,1712370994.4887276,12627749.99871486,46.77,-1.702720515694391e-07,47.29,ASK
664,1712370998.8886888,12629293.2085914,46.77,-3.393640285478305e-07,47.29,ASK
665,1712371007.118528,12633570.36855595,46.76,-9.405812251334588e-07,47.29,ASK
666,1712371007.1285532,12635529.11608655,46.77,-4.3074403747549553e-07,47.29,ASK
667,1712371007.1337814,12656914.91591546,46.76,-4.702906127021466e-06,47.29,ASK
668,1712371007.13903,12657021.8663004,46.76,-2.3519233540481488e-08,47.29,ASK
669,1712371007.2784014,12657021.86630163,46.76,-2.703428412409772e-16,47.29,ASK
670,1712371007.288699,12661299.9411674,46.75,-9.407824191306124e-07,47.29,ASK
671,1712371020.3935096,12661299.9411674,46.75,-0.0,47.29,ASK
672,1712371020.762871,12661299.94116794,46.75,-1.1874094396175042e-16,47.29,ASK
673,1712371050.3089235,12661299.94116794,46.75,-0.0,47.29,ASK
674,1712371080.232968,12661299.94116794,46.75,-0.0,47.29,ASK
675,1712371088.5581636,12667362.83416794,46.75,1.3327610047324175e-06,47.29,BID
676,1712371110.2462006,12667362.83416794,46.75,0.0,47.29,BID
677,1712371140.4470952,12667362.83416794,46.75,0.0,47.29,BID
678,1712371145.768061,12683899.98190917,46.74,-3.635012605948493e-06,47.29,ASK
679,1712371145.77841,12689954.75298319,46.74,-1.3308926983411855e-06,47.29,ASK
680,1712371170.334974,12689954.75298319,46.74,-0.0,47.29,ASK
681,1712371200.2877,12689954.75298319,46.74,-0.0,47.29,ASK
682,1712371219.7580583,12701631.36973382,46.81,2.6327884754568144e-06,47.29,BID
683,1712371220.8376231,12723235.24389402,46.81,4.871139657052442e-06,47.29,BID
684,1712371220.847726,12779684.2755889,46.81,1.2727861440597697e-05,47.29,BID
685,1712371220.852254,12788823.19730813,46.81,2.060600968101073e-06,47.29,BID
686,1712371226.0176811,12828558.29664551,46.81,8.959282799184185e-06,47.29,BID
687,1712371226.217549,12832782.02764551,46.81,9.523469458421404e-07,47.29,BID
688,1712371226.2374563,12853630.56303587,46.77,-4.700829433571532e-06,47.29,ASK
689,1712371226.327959,12896845.22108887,46.77,9.743837288023456e-06,47.29,BID
690,1712371226.3476613,12896845.22108956,46.77,1.5581274457827475e-16,47.29,BID
691,1712371226.352222,12905487.22108956,46.81,1.948557402440304e-06,47.29,BID
692,1712371227.7091506,12940211.27503653,46.81,7.829415917739516e-06,47.29,BID
693,1712371227.713869,12940386.45128093,46.81,3.9497913417558784e-08,47.29,BID
694,1712371230.2437606,12940386.45128093,46.81,0.0,47.29,BID
695,1712371260.341644,12940386.45128093,46.81,0.0,47.29,BID
696,1712371272.8476222,12940599.71636943,46.82,-4.795927396645942e-08,47.29,ASK
697,1712371290.3285737,12940599.71636943,46.82,-0.0,47.29,ASK
698,1712371320.2772985,12940599.71636943,46.82,-0.0,47.29,ASK
699,1712371350.2677708,12940599.71636943,46.82,-0.0,47.29,ASK
700,1712371380.3425584,12940599.71636943,46.82,-0.0,47.29,ASK
701,1712371397.367199,12940812.799685,46.93,4.7918289083311833e-08,47.29,BID
702,1712371410.3724794,12940812.799685,46.93,0.0,47.29,BID
703,1712371428.3870354,12974061.12331777,46.93,7.4768838485298015e-06,47.29,BID
704,1712371440.3069184,12974061.12331777,46.93,0.0,47.29,BID
705,1712371470.239587,12974061.12331777,46.93,0.0,47.29,BID
706,1712371500.2677393,12974061.12331777,46.93,0.0,47.29,BID
707,1712371529.0569675,12974479.92531777,46.93,9.5189745265673e-08,47.29,BID
708,1712371530.2439065,12974479.92531777,46.93,0.0,47.29,BID
709,1712371535.716931,12995758.99631777,46.93,4.836510569146086e-06,47.29,BID
710,1712371537.3068354,13005761.51831777,46.93,2.2734687699061025e-06,47.29,BID
711,1712371540.5768948,13027046.32431777,46.93,4.8378140747413805e-06,47.29,BID
712,1712371543.9171946,13039604.79031777,46.93,2.854408143159094e-06,47.29,BID
713,1712371546.6470723,13060882.14431777,46.93,4.8361203129808575e-06,47.29,BID
714,1712371546.746954,13077009.04183267,46.93,3.6654753526762913e-06,47.29,BID
715,1712371546.766755,13080073.16459573,46.93,6.964430979482439e-07,47.29,BID
716,1712371546.9670198,13172327.96500273,46.93,2.0968552490985528e-05,47.29,BID
717,1712371546.9712558,13259953.85833873,46.93,1.9916450264695392e-05,47.29,BID
718,1712371546.9919195,13318611.47158073,46.93,1.3332262785617469e-05,47.29,BID
719,1712371546.9959853,13376322.26056273,46.93,1.3117059521310323e-05,47.29,BID
720,1712371547.0471327,13417158.90344821,46.93,9.28174237136877e-06,47.29,BID
721,1712371547.0533695,13423040.07765959,46.94,1.3367294668236692e-06,47.29,BID
722,1712371560.2943192,13423040.07765959,46.94,0.0,47.29,BID
723,1712371590.244047,13423040.07765959,46.94,0.0,47.29,BID
724,1712371595.916924,13426040.07765959,46.93,-6.786216832898638e-07,47.29,ASK
725,1712371599.1070411,13428170.45686708,46.95,4.819071746108659e-07,47.29,BID
726,1712371620.3377163,13428170.45686708,46.95,0.0,47.29,BID
727,1712371650.319343,13428170.45686708,46.95,0.0,47.29,BID
728,1712371654.2570105,13428383.22282453,47.0,4.8126575785925256e-08,47.29,BID
729,1712371680.2640142,13428383.22282453,47.0,0.0,47.29,BID
730,1712371710.2836423,13428383.22282453,47.0,0.0,47.29,BID
731,1712371740.3671775,13428383.22282453,47.0,0.0,47.29,BID
732,1712371770.2724812,13428383.22282453,47.0,0.0,47.29,BID
733,1712371800.311334,13428383.22282453,47.0,0.0,47.29,BID
734,1712371801.8266792,13428799.70682453,47.05,9.463246378256096e-08,47.29,BID
735,1712371830.256651,13428799.70682453,47.05,0.0,47.29,BID
736,1712371843.3382058,13441565.66427133,47.0,-2.9006363434421207e-06,47.29,ASK
737,1712371843.3468308,13464198.11400391,47.0,-5.142466321779843e-06,47.29,ASK
738,1712371858.2567124,13467904.50642686,47.05,8.421535642641045e-07,47.29,BID
739,1712371860.3424544,13467904.50642686,47.05,0.0,47.29,BID
740,1712371890.3243697,13467904.50642686,47.05,0.0,47.29,BID
741,1712371920.2739809,13467904.50642686,47.05,0.0,47.29,BID
742,1712371950.0667524,13468569.3273411,47.05,1.5099522725362216e-07,47.29,BID
743,1712371950.2529466,13468569.3273411,47.05,0.0,47.29,BID
744,1712371980.350482,13468569.3273411,47.05,0.0,47.29,BID
745,1712371981.406673,13469431.94320698,47.07,1.959173524376199e-07,47.29,BID
746,1712371981.412437,13469659.3449537,47.07,5.1647494463373256e-08,47.29,BID
747,1712371995.137139,13493297.35159879,47.07,-5.3686650825520505e-06,47.29,ASK
748,1712371995.1468654,13507480.15558585,47.07,-3.2211990495326685e-06,47.29,ASK
749,1712371995.2166617,13510623.60796278,47.06,-7.139410386025812e-07,47.29,ASK
750,1712372010.321349,13510623.60796278,47.06,-0.0,47.29,ASK
751,1712372021.3469422,13511623.60796278,47.09,2.2701798106703245e-07,47.29,BID
752,1712372021.353521,13516993.24702859,47.1,1.2190046197787494e-06,47.29,BID
753,1712372040.2751362,13516993.24702859,47.1,0.0,47.29,BID
754,1712372067.7290468,13520657.58980103,47.1,8.318150470453442e-07,47.29,BID
755,1712372070.2556937,13520657.58980103,47.1,0.0,47.29,BID
756,1712372082.4866946,13525424.7637543,47.1,-1.0821181095467463e-06,47.29,ASK
757,1712372100.3282332,13525424.7637543,47.1,-0.0,47.29,ASK
758,1712372130.326882,13525424.7637543,47.1,-0.0,47.29,ASK
759,1712372135.6868188,13525816.79703702,47.1,8.970678353227078e-08,47.29,BID
760,1712372160.2862887,13525816.79703702,47.1,0.0,47.29,BID
761,1712372190.2676723,13525816.79703702,47.1,0.0,47.29,BID
762,1712372220.4048169,13525816.79703702,47.1,0.0,47.29,BID
763,1712372250.434798,13525816.79703702,47.1,0.0,47.29,BID
764,1712372280.2651088,13525816.79703702,47.1,0.0,47.29,BID
765,1712372310.2745185,13525816.79703702,47.1,0.0,47.29,BID
766,1712372318.846702,13553810.81808965,47.01,-6.4056882080723535e-06,47.29,ASK
767,1712372340.308311,13553810.81808965,47.01,-0.0,47.29,ASK
768,1712372370.259919,13553810.81808965,47.01,-0.0,47.29,ASK
769,1712372400.3125744,13553810.81808965,47.01,-0.0,47.29,ASK
770,1712372430.370183,13553810.81808965,47.01,-0.0,47.29,ASK
771,1712372441.0867894,13559817.52908965,47.1,1.377897293433494e-06,47.29,BID
772,1712372442.476959,13562303.38709144,47.1,5.702383571516194e-07,47.29,BID
773,1712372442.4835632,13582068.45826965,47.1,4.533968436465873e-06,47.29,BID
774,1712372446.027129,13588075.16926965,47.1,1.3778972934330668e-06,47.29,BID
775,1712372451.5667765,13588075.16926999,47.1,7.819182059609653e-17,47.29,BID
776,1712372460.3587382,13588075.16926999,47.1,0.0,47.29,BID
777,1712372490.3693757,13588075.16926999,47.1,0.0,47.29,BID
778,1712372520.2661624,13588075.16926999,47.1,0.0,47.29,BID
779,1712372550.2899787,13588075.16926999,47.1,0.0,47.29,BID
780,1712372580.352438,13588075.16926999,47.1,0.0,47.29,BID
781,1712372605.0269892,13600340.15819599,47.1,2.812461081745921e-06,47.29,BID
782,1712372605.0669246,13605997.08094056,47.1,1.297178102445891e-06,47.29,BID
783,1712372610.3322058,13605997.08094056,47.1,0.0,47.29,BID
784,1712372628.5373683,13610238.86248881,47.15,9.724865511001735e-07,47.29,BID
785,1712372628.5440729,13615053.79558466,47.15,1.1038893980979736e-06,47.29,BID
786,1712372635.4072456,13627792.64908785,47.09,-2.920556744228661e-06,47.29,ASK
787,1712372640.2941048,13627792.64908785,47.09,-0.0,47.29,ASK
788,1712372666.326987,13627792.64908786,47.15,2.1346820661761495e-18,47.29,BID
789,1712372666.3309505,13632033.53119134,47.16,9.720514908386858e-07,47.29,BID
790,1712372670.288443,13632033.53119134,47.16,0.0,47.29,BID
791,1712372670.303296,13636273.51423141,47.17,9.718008675016638e-07,47.29,BID
792,1712372700.373723,13636273.51423141,47.17,0.0,47.29,BID
793,1712372711.2871308,13636806.42017141,47.11,-1.2226662853475688e-07,47.29,ASK
794,1712372717.4672296,13641044.60622778,47.19,9.72383081741213e-07,47.29,BID
795,1712372717.4739394,13641257.19122778,47.19,4.87741818512516e-08,47.29,BID
796,1712372717.4805307,13752004.32771347,47.2,2.540913504920724e-05,47.29,BID
797,1712372730.3354366,13752004.32771347,47.2,0.0,47.29,BID
798,1712372759.5170317,13756239.82114846,47.22,9.705489536570706e-07,47.29,BID
799,1712372759.523182,13758216.96542533,47.22,4.53055904488363e-07,47.29,BID
800,1712372760.2676551,13758216.96542533,47.22,0.0,47.29,BID
801,1712372766.916874,13758239.82114846,47.22,5.236959385864601e-09,47.29,BID
802,1712372766.9267423,13768857.22467624,47.22,2.432778465968146e-06,47.29,BID
803,1712372767.0669413,14008857.22467624,47.22,-5.499148923790253e-05,47.29,ASK
804,1712372767.1471713,14184837.09458142,47.22,-4.0322479674909e-05,47.29,ASK
805,1712372790.2580843,14184837.09458142,47.22,-0.0,47.29,ASK
806,1712372796.816933,14272604.67905977,47.24,2.0017892840670285e-05,47.29,BID
807,1712372796.8201194,14284566.97356124,47.24,2.728341344725529e-06,47.29,BID
808,1712372796.8801792,14289381.90665709,47.25,1.0981823792985711e-06,47.29,BID
809,1712372796.8853714,14293614.7108899,47.25,9.654113423711785e-07,47.29,BID
810,1712372799.0670106,14297846.61948068,47.26,9.652070657436617e-07,47.29,BID
811,1712372803.0104322,14302077.63280838,47.27,9.650028755459418e-07,47.29,BID
812,1712372805.9578867,14306307.7512517,47.28,9.647987717219422e-07,47.29,BID
813,1712372805.962197,14310536.9751891,47.29,9.64594754216435e-07,47.29,BID
814,1712372805.9660952,14323733.6751891,47.28,3.009882612363096e-06,47.29,BID
815,1712372805.9696305,14376703.7601329,47.29,1.2081333791608831e-05,47.29,BID
816,1712372820.320778,14376703.7601329,47.29,0.0,47.29,BID
817,1712372831.157043,14376703.76013291,47.29,2.543714343600477e-18,47.29,BID
818,1712372831.163385,14376809.48951979,47.3,2.4064823266307715e-08,47.3,BID
819,1712372848.5973332,14381624.42261564,47.3,1.095915879311675e-06,47.3,BID
820,1712372848.6046307,14404251.99481167,47.3,5.150209813148769e-06,47.3,BID
821,1712372848.6084008,14404361.51862119,47.32,2.49284631011102e-08,47.32,BID
822,1712372848.6115491,14406474.34346802,47.33,4.808952178050377e-07,47.33,BID
823,1712372848.614652,14408482.77898601,47.3,4.5713540207587787e-07,47.33,BID
824,1712372848.6179862,14409152.58748899,47.31,1.5245357721501346e-07,47.33,BID
825,1712372848.62109,14409332.08478899,47.3,4.085496879115935e-08,47.33,BID
826,1712372848.6242068,14411445.80281901,47.31,4.810985131825603e-07,47.33,BID
827,1712372848.627372,14413559.07416306,47.32,4.809968440134033e-07,47.33,BID
828,1712372848.6305215,14448106.54871322,47.33,7.86327145070159e-06,47.33,BID
829,1712372850.3363633,14448106.54871322,47.33,0.0,47.33,BID
830,1712372880.2606003,14448106.54871322,47.33,0.0,47.33,BID
831,1712372889.4266744,14448740.53011643,47.32,1.441881756534109e-07,47.33,BID
832,1712372910.3060927,14448740.53011643,47.32,0.0,47.33,BID
833,1712372915.8065,14455080.34414855,47.27,1.4418719186707515e-06,47.33,BID
834,1712372940.34802,14455080.34414855,47.27,0.0,47.33,BID
835,1712372970.3274338,14455080.34414855,47.27,0.0,47.33,BID
836,1712373000.3020377,14455080.34414855,47.27,0.0,47.33,BID
837,1712373030.2988222,14455080.34414855,47.27,0.0,47.33,BID
838,1712373044.8048298,14457312.64274855,47.26,-5.088409686989701e-07,47.33,ASK
839,1712373060.3389077,14457312.64274855,47.26,-0.0,47.33,ASK
840,1712373090.3715749,14457312.64274855,47.26,-0.0,47.33,ASK
841,1712373104.4926877,14457471.8708268,47.26,3.629434755293522e-08,47.33,BID
842,1712373120.2483935,14457471.8708268,47.26,0.0,47.33,BID
843,1712373150.2755597,14457471.8708268,47.26,0.0,47.33,BID
844,1712373180.327124,14457471.8708268,47.26,0.0,47.33,BID
845,1712373210.1606512,14457471.87082681,47.26,2.547416581256608e-18,47.33,BID
846,1712373210.3446329,14457471.87082681,47.26,0.0,47.33,BID
847,1712373211.631121,14501494.61188961,47.26,-1.0034498571564854e-05,47.33,ASK
848,1712373220.7403822,14503511.456447,47.23,-4.5971748559056e-07,47.33,ASK
849,1712373224.4804766,14511759.19202997,47.23,1.879980413030078e-06,47.33,BID
850,1712373240.2438157,14511759.19202997,47.23,0.0,47.33,BID
851,1712373270.2682717,14511759.19202997,47.23,0.0,47.33,BID
852,1712373284.2002606,14512959.19202997,47.27,2.733669256173761e-07,47.33,BID
853,1712373289.939366,14527617.56943635,47.27,-3.339262971768e-06,47.33,ASK
854,1712373290.1199024,14528097.37776721,47.23,-1.0930310691066665e-07,47.33,ASK
855,1712373290.131447,14532015.08265826,47.22,-8.924757846183756e-07,47.33,ASK
856,1712373300.3035347,14532015.08265826,47.22,-0.0,47.33,ASK
857,1712373322.439102,14590826.6069074,47.22,-1.340695538233816e-05,47.33,ASK
858,1712373322.4492643,14603312.14185169,47.22,-2.84626205594682e-06,47.33,ASK
859,1712373330.2417643,14603312.14185169,47.22,-0.0,47.33,ASK
860,1712373360.3453686,14603312.14185169,47.22,-0.0,47.33,ASK
861,1712373390.3475704,14603312.14185169,47.22,-0.0,47.33,ASK
862,1712373420.237301,14603312.14185169,47.22,-0.0,47.33,ASK
863,1712373420.247457,14604816.36586185,47.23,-3.426471012236343e-07,47.33,ASK
864,1712373420.2513652,14612237.63616243,47.22,-1.6904907372273935e-06,47.33,ASK
865,1712373420.256183,14613929.31518,47.23,-3.853474666379189e-07,47.33,ASK
866,1712373447.497877,14655972.93580545,47.22,-9.577113937120464e-06,47.33,ASK
867,1712373450.2486298,14655972.93580545,47.22,-0.0,47.33,ASK
868,1712373480.2770967,14655972.93580545,47.22,-0.0,47.33,ASK
869,1712373510.2947538,14655972.93580545,47.22,-0.0,47.33,ASK
870,1712373529.8772025,14657682.99285134,47.22,-3.893132742505009e-07,47.33,ASK
871,1712373540.3303745,14657682.99285134,47.22,-0.0,47.33,ASK
872,1712373570.3006349,14657682.99285134,47.22,-0.0,47.33,ASK
873,1712373600.2737908,14657682.99285134,47.22,-0.0,47.33,ASK
874,1712373610.6364982,14686193.78981827,47.22,-6.5081856780134176e-06,47.33,ASK
875,1712373610.6439347,14699556.10775396,47.22,-3.0502285262313005e-06,47.33,ASK
876,1712373610.6481495,14714409.00471671,47.22,-3.3904843628921152e-06,47.33,ASK
877,1712373612.442767,14768563.76606229,47.22,1.2361956861266952e-05,47.33,BID
878,1712373612.5104723,14999356.80065538,47.22,5.268333691500099e-05,47.33,BID
879,1712373630.257567,14999356.80065538,47.22,0.0,47.33,BID
880,1712373632.9618814,15010412.68736683,47.22,2.5144768320349105e-06,47.33,BID
881,1712373657.666195,15037611.26512157,47.22,6.1858623748164005e-06,47.33,BID
882,1712373660.3477142,15037611.26512157,47.22,0.0,47.33,BID
883,1712373690.3043935,15037611.26512157,47.22,0.0,47.33,BID
884,1712373693.905552,15037845.26512157,47.22,5.3197537749361954e-08,47.33,BID
885,1712373695.2479422,15084303.12200743,47.22,1.0561724766837518e-05,47.33,BID
886,1712373695.2515085,15088731.06379216,47.22,1.0066478642955597e-06,47.33,BID
887,1712373695.2549152,15088943.47129216,47.22,4.8288700852706295e-08,47.33,BID
888,1712373695.2582734,15105692.99668235,47.22,3.807835509523433e-06,47.33,BID
889,1712373715.015581,15106692.99668235,47.27,2.2733990491180322e-07,47.33,BID
890,1712373720.2920702,15106692.99668235,47.27,0.0,47.33,BID
891,1712373731.1999068,15109654.7407728,47.28,6.728236517997721e-07,47.33,BID
892,1712373735.9753785,15109782.59076214,47.3,-2.90438653992582e-08,47.33,ASK
893,1712373736.1152766,15114010.02682217,47.31,9.603527113736502e-07,47.33,BID
894,1712373750.2482843,15114010.02682217,47.31,0.0,47.33,BID
895,1712373780.3201003,15114010.02682217,47.31,0.0,47.33,BID
896,1712373783.8151572,15114157.95581625,47.31,-3.360259988860609e-08,47.33,ASK
897,1712373810.34901,15114157.95581625,47.31,-0.0,47.33,ASK
898,1712373818.315254,15118386.28562597,47.3,-9.604787067088457e-07,47.33,ASK
899,1712373818.3228502,15122825.09348599,47.31,-1.0082894723399593e-06,47.33,ASK
900,1712373818.3293123,15136157.77992283,47.23,-3.0285625772079942e-06,47.33,ASK
901,1712373818.332611,15140386.10973255,47.3,-9.604787067088457e-07,47.33,ASK
902,1712373818.3361306,15148844.55760735,47.29,-1.92136362137083e-06,47.33,ASK
903,1712373818.3394775,15153075.57093504,47.27,-9.61088276440958e-07,47.33,ASK
904,1712373818.3428564,15163700.20588093,47.31,-2.413419976990503e-06,47.33,ASK
905,1712373818.34621,15172167.60638897,47.24,-1.92339724078571e-06,47.33,ASK
906,1712373818.349588,15176398.61971666,47.27,-9.61088276440958e-07,47.33,ASK
907,1712373828.2547174,15176504.260959,47.33,2.3996747742996945e-08,47.33,BID
908,1712373840.244655,15176504.260959,47.33,0.0,47.33,BID
909,1712373870.2629158,15176504.260959,47.33,0.0,47.33,BID
910,1712373900.3147745,15176504.260959,47.33,0.0,47.33,BID
911,1712373923.974999,15180624.26941031,47.33,9.391428188429804e-07,47.33,BID
912,1712373923.9810276,15183818.14221824,47.33,7.280331453956774e-07,47.33,BID
913,1712373930.3419511,15183818.14221824,47.33,0.0,47.33,BID
914,1712373931.3896236,15186479.527046,47.23,-6.066063386520971e-07,47.33,ASK
915,1712373960.2649171,15186479.527046,47.23,-0.0,47.33,ASK
916,1712373990.232332,15186479.527046,47.23,-0.0,47.33,ASK
917,1712374014.6244926,15189131.54360299,47.23,-6.044537220158133e-07,47.33,ASK
918,1712374020.323733,15189131.54360299,47.23,-0.0,47.33,ASK
919,1712374024.7042408,15190156.24948629,47.23,-2.335466577386265e-07,47.33,ASK
920,1712374050.3155034,15190156.24948629,47.23,-0.0,47.33,ASK
921,1712374080.2504325,15190156.24948629,47.23,-0.0,47.33,ASK
922,1712374107.5142298,15190714.12370066,47.23,-1.271469435236708e-07,47.33,ASK
923,1712374107.5226138,15194948.72035532,47.23,-9.651208244208295e-07,47.33,ASK
924,1712374107.527528,15196478.22027403,47.23,-3.4859334734296845e-07,47.33,ASK
925,1712374110.2487445,15196478.22027403,47.23,-0.0,47.33,ASK
926,1712374129.3938878,15197478.22027403,47.28,2.2789777381760482e-07,47.33,BID
927,1712374140.336716,15197478.22027403,47.28,0.0,47.33,BID
928,1712374170.3224125,15197478.22027403,47.28,0.0,47.33,BID
929,1712374200.28269,15197478.22027403,47.28,0.0,47.33,BID
930,1712374230.2560625,15197478.22027403,47.28,0.0,47.33,BID
931,1712374237.3330953,15201051.37019356,47.24,-8.163671275360404e-07,47.33,ASK
932,1712374237.3422935,15201203.70723418,47.24,-3.4804851480895645e-08,47.33,ASK
933,1712374237.452985,15204781.18976646,47.23,-8.173570111693715e-07,47.33,ASK
934,1712374237.4566128,15235279.25707195,47.23,-6.967975081453153e-06,47.33,ASK
935,1712374237.6328523,15239514.75050693,47.22,-9.676945236228009e-07,47.33,ASK
936,1712374237.643071,15253281.68824516,47.22,-3.1453691195257333e-06,47.33,ASK
937,1712374260.3168042,15253281.68824516,47.22,-0.0,47.33,ASK
938,1712374290.341142,15253281.68824516,47.22,-0.0,47.33,ASK
939,1712374320.269397,15253281.68824516,47.22,-0.0,47.33,ASK
940,1712374320.9031584,15257518.07884037,47.21,-9.673170501247388e-07,47.33,ASK
941,1712374320.9123368,15274365.72128898,47.21,-3.846909634200956e-06,47.33,ASK
942,1712374323.4833324,15274683.51789914,47.2,-7.256414926118574e-08,47.33,ASK
943,1712374323.4889634,15278920.80603473,47.2,-9.675219901779224e-07,47.33,ASK
944,1712374330.7826183,15286282.85091195,47.24,1.6810139134886017e-06,47.33,BID
945,1712374350.2491353,15286282.85091195,47.24,0.0,47.33,BID
946,1712374380.3151438,15286282.85091195,47.24,0.0,47.33,BID
947,1712374408.4999793,15298790.17366327,47.25,2.854846207647355e-06,47.33,BID
948,1712374410.3714056,15298790.17366327,47.25,0.0,47.33,BID
949,1712374440.263212,15298790.17366327,47.25,0.0,47.33,BID
950,1712374447.7126534,15299438.05029288,47.19,-1.4786047468326233e-07,47.33,ASK
951,1712374447.7187688,15306630.17366327,47.19,-1.641409377842953e-06,47.33,ASK
952,1712374447.7323427,15310220.48309002,47.19,-8.193918901181404e-07,47.33,ASK
953,1712374447.7383626,15317337.17366327,47.19,-1.6241938638357102e-06,47.33,ASK
954,1712374447.9321566,15335624.07366327,47.19,-4.17349475333703e-06,47.33,ASK
955,1712374466.3521657,15372601.19468144,47.19,-8.439036718242867e-06,47.33,ASK
956,1712374470.2561023,15372601.19468144,47.19,-0.0,47.33,ASK
957,1712374471.5123992,15372601.19468145,47.19,-2.5485670258524047e-18,47.33,ASK
958,1712374471.5185733,15393770.94462846,47.19,-4.827590365486874e-06,47.33,ASK
959,1712374471.632011,15393770.94462847,47.19,-2.123805854877004e-18,47.33,ASK
960,1712374471.7322738,15398010.02898624,47.18,-9.666889243039036e-07,47.33,ASK
961,1712374472.702283,15398200.04382618,47.17,4.33313484046304e-08,47.33,BID
962,1712374500.308332,15398200.04382618,47.17,0.0,47.33,BID
963,1712374530.324968,15398200.04382618,47.17,0.0,47.33,BID
964,1712374560.2518802,15398200.04382618,47.17,0.0,47.33,BID
965,1712374590.252656,15398200.04382618,47.17,0.0,47.33,BID
966,1712374620.3159697,15398200.04382618,47.17,0.0,47.33,BID
967,1712374638.5417886,15402432.84805899,47.25,9.658743668158487e-07,47.33,BID
968,1712374650.352344,15402432.84805899,47.25,0.0,47.33,BID
969,1712374680.2633543,15402432.84805899,47.25,0.0,47.33,BID
970,1712374710.2682817,15402432.84805899,47.25,0.0,47.33,BID
971,1712374725.7517684,15403604.95387061,47.31,2.6744806330024014e-07,47.33,BID
972,1712374725.7606382,15408302.70548939,47.29,1.0719207769916944e-06,47.33,BID
973,1712374740.3101568,15408302.70548939,47.29,0.0,47.33,BID
974,1712374770.3114617,15408302.70548939,47.29,0.0,47.33,BID
975,1712374800.2907183,15408302.70548939,47.29,0.0,47.33,BID
976,1712374830.2556918,15408302.70548939,47.29,0.0,47.33,BID
977,1712374860.3203511,15408302.70548939,47.29,0.0,47.33,BID
978,1712374890.3315244,15408302.70548939,47.29,0.0,47.33,BID
979,1712374891.3529956,15410302.70548939,47.22,-4.566894037402575e-07,47.33,ASK
980,1712374920.2366617,15410302.70548939,47.22,-0.0,47.33,ASK
981,1712374950.280674,15410302.70548939,47.22,-0.0,47.33,ASK
982,1712374980.3121762,15410302.70548939,47.22,-0.0,47.33,ASK
983,1712375010.3170755,15410302.70548939,47.22,-0.0,47.33,ASK
984,1712375018.6938517,15410424.70548939,47.24,2.7857452885704168e-08,47.33,BID
985,1712375040.2521532,15410424.70548939,47.24,0.0,47.33,BID
986,1712375057.7550626,15418951.91160255,47.22,-1.947097786368016e-06,47.33,ASK
987,1712375070.2404633,15418951.91160255,47.22,-0.0,47.33,ASK
988,1712375100.297079,15418951.91160255,47.22,-0.0,47.33,ASK
989,1712375130.2531435,15418951.91160255,47.22,-0.0,47.33,ASK
990,1712375160.3128097,15418951.91160255,47.22,-0.0,47.33,ASK
991,1712375161.6766946,15440109.46935112,47.17,-4.831597839669092e-06,47.33,ASK
992,1712375161.7567258,15441168.79138501,47.16,-2.4190968122492773e-07,47.33,ASK
993,1712375161.7634375,15441380.49638916,47.16,-4.834553462426879e-08,47.33,ASK
994,1712375161.768408,15460109.46935112,47.16,-4.276999565715007e-06,47.33,ASK
995,1712375161.8366897,15531344.40802624,47.16,-1.626740571391884e-05,47.33,ASK
996,1712375165.256954,15560947.10802624,47.16,-6.760153656110361e-06,47.33,ASK
997,1712375168.586951,15592277.00476887,47.16,-7.154581035184652e-06,47.33,ASK
998,1712375169.7570064,15625235.58841406,47.16,-7.526512437353701e-06,47.33,ASK
999,1712375173.3273416,15649315.09212577,47.16,-5.498861423249967e-06,47.33,ASK
1000,1712375173.347196,15649815.09212577,47.11,-1.1418136953910509e-07,47.33,ASK
1201,1712375173.3577597,15657026.64236847,47.11,-1.646849366423031e-06,47.33,ASK
1202,1712375173.359331,15710416.51586458,47.16,-1.2192257750611154e-05,47.33,ASK
1203,1712375173.36051,15717629.14576913,47.15,-1.6470959209603491e-06,47.33,ASK
1204,1712375173.3616705,15718700.52686907,47.11,-2.446635225787748e-07,47.33,ASK
1205,1712375173.362852,15718769.15733402,47.11,-1.567264096032473e-08,47.33,ASK
1206,1712375190.322485,15718769.15733402,47.11,-0.0,47.33,ASK
1207,1712375220.348894,15718769.15733402,47.11,-0.0,47.33,ASK
1208,1712375250.2454543,15718769.15733402,47.11,-0.0,47.33,ASK
1209,1712375280.3339877,15718769.15733402,47.11,-0.0,47.33,ASK
1210,1712375310.3632765,15718769.15733402,47.11,-0.0,47.33,ASK
1211,1712375340.255853,15718769.15733402,47.11,-0.0,47.33,ASK
1212,1712375370.2586138,15718769.15733402,47.11,-0.0,47.33,ASK
1213,1712375400.2959545,15718769.15733402,47.11,-0.0,47.33,ASK
1214,1712375430.2580855,15718769.15733402,47.11,-0.0,47.33,ASK
1215,1712375448.0607011,15721411.27592603,47.13,-6.031074753275836e-07,47.33,ASK
1216,1712375460.335896,15721411.27592603,47.13,-0.0,47.33,ASK
1217,1712375490.3108125,15721411.27592603,47.13,-0.0,47.33,ASK
1218,1712375520.2672997,15721411.27592603,47.13,-0.0,47.33,ASK
1219,1712375539.8214214,15727776.64830031,47.23,1.4529607245098735e-06,47.33,BID
1220,1712375550.2568016,15727776.64830031,47.23,0.0,47.33,BID
1221,1712375580.3195825,15727776.64830031,47.23,0.0,47.33,BID
1222,1712375610.3355627,15727776.64830031,47.23,0.0,47.33,BID
1223,1712375640.3087263,15727776.64830031,47.23,0.0,47.33,BID
1224,1712375654.0327115,15727866.60584987,47.23,2.053231294487914e-08,47.33,BID
1225,1712375654.036183,15727976.64830031,47.23,2.511658043993581e-08,47.33,BID
1226,1712375670.2635367,15727976.64830031,47.23,0.0,47.33,BID
1227,1712375700.287841,15727976.64830031,47.23,0.0,47.33,BID
1228,1712375730.2962947,15727976.64830031,47.23,0.0,47.33,BID
1229,1712375736.7933066,15729708.01783536,47.11,-3.9573520097238273e-07,47.33,ASK
1230,1712375736.8030877,15737416.17345033,47.11,-1.761835616063082e-06,47.33,ASK
1231,1712375760.3503382,15737416.17345033,47.11,-0.0,47.33,ASK
1232,1712375768.250784,15741122.56587328,47.11,-8.470755957866826e-07,47.33,ASK
1233,1712375790.3115182,15741122.56587328,47.11,-0.0,47.33,ASK
1234,1712375820.2441854,15741122.56587328,47.11,-0.0,47.33,ASK
1235,1712375833.8237443,15748484.6107505,47.12,-1.6824877099991264e-06,47.33,ASK
1236,1712375850.301666,15748484.6107505,47.12,-0.0,47.33,ASK
1237,1712375853.3739786,15748619.92201281,47.12,-3.0920959123172043e-08,47.33,ASK
1238,1712375871.1041298,15758018.8910356,47.12,-2.1478266627118337e-06,47.33,ASK
1239,1712375880.3721128,15758018.8910356,47.12,-0.0,47.33,ASK
1240,1712375902.0642076,15758140.06401887,47.23,2.7687275866315348e-08,47.33,BID
1241,1712375910.3340442,15758140.06401887,47.23,0.0,47.33,BID
1242,1712375940.2667942,15758140.06401887,47.23,0.0,47.33,BID
1243,1712375970.2512631,15758140.06401887,47.23,0.0,47.33,BID
1244,1712376000.3577282,15758140.06401887,47.23,0.0,47.33,BID
1245,1712376015.9849403,15814837.73885655,47.12,-1.2960188698657233e-05,47.33,ASK
1246,1712376015.9879048,15815191.58699983,47.12,-8.088407012635987e-08,47.33,ASK
1247,1712376030.2838025,15815191.58699983,47.12,-0.0,47.33,ASK
1248,1712376033.85521,15815313.58699983,47.22,2.7870137839121697e-08,47.33,BID
1249,1712376060.3346417,15815313.58699983,47.22,0.0,47.33,BID
1250,1712376069.6354585,15819040.71848459,47.22,8.514387829646901e-07,47.33,BID
1251,1712376090.392949,15819040.71848459,47.22,0.0,47.33,BID
1252,1712376120.232803,15819040.71848459,47.22,0.0,47.33,BID
1253,1712376150.3028743,15819040.71848459,47.22,0.0,47.33,BID
1254,1712376180.3483424,15819040.71848459,47.22,0.0,47.33,BID
1255,1712376210.325627,15819040.71848459,47.22,0.0,47.33,BID
1256,1712376240.312682,15819040.71848459,47.22,0.0,47.33,BID
1257,1712376270.2793374,15819040.71848459,47.22,0.0,47.33,BID
1258,1712376300.3284528,15819040.71848459,47.22,0.0,47.33,BID
1259,1712376330.3394856,15819040.71848459,47.22,0.0,47.33,BID
1260,1712376360.26182,15819040.71848459,47.22,0.0,47.33,BID
1261,1712376390.2446513,15819040.71848459,47.22,0.0,47.33,BID
1262,1712376420.3290484,15819040.71848459,47.22,0.0,47.33,BID
1263,1712376436.4567244,15820191.58699983,47.22,2.633967189700033e-07,47.33,BID
1264,1712376436.459126,15821408.60709111,47.22,2.785366831387849e-07,47.33,BID
1265,1712376450.351803,15821408.60709111,47.22,0.0,47.33,BID
1266,1712376480.2760303,15821408.60709111,47.22,0.0,47.33,BID
1267,1712376510.2715206,15821408.60709111,47.22,0.0,47.33,BID
1268,1712376510.2883768,15823539.58760784,47.22,4.877002938930365e-07,47.33,BID
1269,1712376540.3430886,15823539.58760784,47.22,0.0,47.33,BID
1270,1712376570.3427017,15823539.58760784,47.22,0.0,47.33,BID
1271,1712376582.037243,15824599.8081334,47.16,-2.426385180024602e-07,47.33,ASK
1272,1712376582.0403292,15839424.03515614,47.16,-3.3926229389242314e-06,47.33,ASK
1273,1712376600.3035278,15839424.03515614,47.16,-0.0,47.33,ASK
1274,1712376630.2838745,15839424.03515614,47.16,-0.0,47.33,ASK
1275,1712376660.3469212,15839424.03515614,47.16,-0.0,47.33,ASK
1276,1712376686.9369822,15841424.03515614,47.18,4.582197419627616e-07,47.33,BID
1277,1712376690.2973876,15841424.03515614,47.18,0.0,47.33,BID
1278,1712376720.3139994,15841424.03515614,47.18,0.0,47.33,BID
1279,1712376750.258305,15841424.03515614,47.18,0.0,47.33,BID
1280,1712376775.037403,15846507.54693307,47.18,1.1646575488374329e-06,47.33,BID
1281,1712376780.3309853,15846507.54693307,47.18,0.0,47.33,BID
1282,1712376810.354221,15846507.54693307,47.18,0.0,47.33,BID
1283,1712376840.259997,15846507.54693307,47.18,0.0,47.33,BID
1284,1712376863.2276552,15878946.26610676,47.18,-7.431461748520412e-06,47.33,ASK
1285,1712376870.271939,15878946.26610676,47.18,-0.0,47.33,ASK
1286,1712376886.2780724,15901022.61665551,47.18,-5.055749950180123e-06,47.33,ASK
1287,1712376886.3077145,15904176.38101962,47.18,-7.222499928836059e-07,47.33,ASK
1288,1712376900.3282926,15904176.38101962,47.18,-0.0,47.33,ASK
1289,1712376930.2451825,15904176.38101962,47.18,-0.0,47.33,ASK
1290,1712376960.35957,15904176.38101962,47.18,-0.0,47.33,ASK
1291,1712376990.322274,15904176.38101962,47.18,-0.0,47.33,ASK
1292,1712377017.406349,15906176.38101962,47.14,-4.582625172669916e-07,47.33,ASK
1293,1712377020.2551155,15906176.38101962,47.14,-0.0,47.33,ASK
1294,1712377024.4961634,15906399.16905271,47.13,-5.104659969659648e-08,47.33,ASK
1295,1712377050.2572608,15906399.16905271,47.13,-0.0,47.33,ASK
1296,1712377060.4752865,15907459.16481272,47.17,2.428723316673628e-07,47.33,BID
1297,1712377080.3514698,15907459.16481272,47.17,0.0,47.33,BID
1298,1712377088.945237,15907883.7031273,47.11,-9.727154862880129e-08,47.33,ASK
1299,1712377088.9477973,15908095.97228459,47.11,-4.8635774314400644e-08,47.33,ASK
1300,1712377088.957532,15908308.28650964,47.1,-4.864610038058369e-08,47.33,ASK
1301,1712377088.9593318,15939347.56993,47.11,-7.111817857022174e-06,47.33,ASK
1302,1712377088.9607587,15950013.61694895,47.1,-2.443838107533222e-06,47.33,ASK
1303,1712377088.9622,15956381.69166769,47.11,-1.4590732294384206e-06,47.33,ASK
1304,1712377088.963713,15959036.32011779,47.1,-6.082367868967081e-07,47.33,ASK
1305,1712377088.9651816,15960959.16481272,47.09,-4.405682003827439e-07,47.33,ASK
1306,1712377093.444515,15984436.22663923,47.09,-5.379137954540285e-06,47.33,ASK
1307,1712377110.3329165,15984436.22663923,47.09,-0.0,47.33,ASK
1308,1712377133.9435942,15990685.15910878,47.09,-1.4305865353141549e-06,47.33,ASK
1309,1712377134.0635486,15994436.22663923,47.09,8.587429498179762e-07,47.33,BID
1310,1712377140.246364,15994436.22663923,47.09,0.0,47.33,BID
1311,1712377144.1634195,15994966.56181105,47.14,1.2139810731979978e-07,47.33,BID
1312,1712377170.2713382,15994966.56181105,47.14,0.0,47.33,BID
1313,1712377200.290655,15994966.56181105,47.14,0.0,47.33,BID
1314,1712377230.2527015,15994966.56181105,47.14,0.0,47.33,BID
1315,1712377260.3137262,15994966.56181105,47.14,0.0,47.33,BID
1316,1712377290.321783,15994966.56181105,47.14,0.0,47.33,BID
1317,1712377320.296069,15994966.56181105,47.14,0.0,47.33,BID
1318,1712377350.464762,15994966.56181105,47.14,0.0,47.33,BID
1319,1712377367.0399306,16001628.83574437,47.05,-1.533754639821527e-06,47.33,ASK
1320,1712377380.3265698,16001628.83574437,47.05,-0.0,47.33,ASK
1321,1712377394.3893847,16001734.88028307,47.15,2.4411269885399333e-08,47.33,BID
1322,1712377410.3074238,16001734.88028307,47.15,0.0,47.33,BID
1323,1712377440.2596018,16001734.88028307,47.15,0.0,47.33,BID
1324,1712377470.2382698,16001734.88028307,47.15,0.0,47.33,BID
1325,1712377500.3147526,16001734.88028307,47.15,0.0,47.33,BID
1326,1712377530.341705,16001734.88028307,47.15,0.0,47.33,BID
1327,1712377560.3538558,16001734.88028307,47.15,0.0,47.33,BID
1328,1712377590.2282364,16001734.88028307,47.15,0.0,47.33,BID
1329,1712377620.3646204,16001734.88028307,47.15,0.0,47.33,BID
1330,1712377650.3152733,16001734.88028307,47.15,0.0,47.33,BID
1331,1712377680.2472622,16001734.88028307,47.15,0.0,47.33,BID
1332,1712377710.2822542,16001734.88028307,47.15,0.0,47.33,BID
1333,1712377740.3162746,16001734.88028307,47.15,0.0,47.33,BID
1334,1712377770.5004048,16001734.88028307,47.15,0.0,47.33,BID
1335,1712377800.2750745,16001734.88028307,47.15,0.0,47.33,BID
1336,1712377829.9539857,16005968.57748999,47.09,9.791733253462046e-07,47.33,BID
1337,1712377830.0454404,16008105.65964173,47.09,-4.942662960487345e-07,47.33,ASK
1338,1712377830.0651758,16008105.65964174,47.09,-2.5847655449681456e-18,47.33,ASK
1339,1712377830.2807608,16008105.65964174,47.09,-0.0,47.33,ASK
1340,1712377860.341246,16008105.65964174,47.09,-0.0,47.33,ASK
1341,1712377890.3457408,16008105.65964174,47.09,-0.0,47.33,ASK
1342,1712377920.2405822,16008105.65964174,47.09,-0.0,47.33,ASK
1343,1712377928.654329,16014101.70618172,47.1,1.3866748621926228e-06,47.33,BID
1344,1712377950.2953424,16014101.70618172,47.1,0.0,47.33,BID
1345,1712377980.3635545,16014101.70618172,47.1,0.0,47.33,BID
1346,1712378010.3357277,16014101.70618172,47.1,0.0,47.33,BID
1347,1712378040.2319045,16014101.70618172,47.1,0.0,47.33,BID
1348,1712378070.2499695,16014101.70618172,47.1,0.0,47.33,BID
1349,1712378100.3270087,16014101.70618172,47.1,0.0,47.33,BID
1350,1712378130.3539765,16014101.70618172,47.1,0.0,47.33,BID
1351,1712378130.604626,16015588.74162255,47.05,-3.471681600025073e-07,47.33,ASK
1352,1712378130.7265055,16026854.09725505,47.05,2.630046789284471e-06,47.33,BID
1353,1712378160.2190738,16026854.09725505,47.05,0.0,47.33,BID
1354,1712378190.247201,16026854.09725505,47.05,0.0,47.33,BID
1355,1712378220.2999928,16026854.09725505,47.05,0.0,47.33,BID
1356,1712378232.6124868,16027066.72749107,47.03,-4.9634398000139444e-08,47.33,ASK
1357,1712378250.2546363,16027066.72749107,47.03,-0.0,47.33,ASK
1358,1712378268.8785262,16034907.55884067,47.03,-1.8302854885119069e-06,47.33,ASK
1359,1712378280.2989554,16034907.55884067,47.03,-0.0,47.33,ASK
1360,1712378310.3419068,16034907.55884067,47.03,-0.0,47.33,ASK
1361,1712378340.2594345,16034907.55884067,47.03,-0.0,47.33,ASK
1362,1712378368.8645656,16041276.98559227,47.1,1.486687499110038e-06,47.33,BID
1363,1712378368.866577,16097437.42502324,47.1,1.3108404649691088e-05,47.33,BID
1364,1712378370.2889462,16097437.42502324,47.1,0.0,47.33,BID
1365,1712378371.0133352,16103805.49974199,47.11,1.485350848196434e-06,47.33,BID
1366,1712378390.8016407,16105928.1913149,47.11,-4.951169493972183e-07,47.33,ASK
1367,1712378390.8117692,16115841.99040804,47.11,-2.312389622013278e-06,47.33,ASK
1368,1712378394.5815508,16164750.26023063,47.11,1.1407834121496054e-05,47.33,BID
1369,1712378400.2329564,16164750.26023063,47.11,0.0,47.33,BID
1370,1712378430.2567277,16164750.26023063,47.11,0.0,47.33,BID
1371,1712378431.141541,16172285.42740945,47.13,1.778667214473783e-06,47.33,BID
1372,1712378460.329955,16172285.42740945,47.13,0.0,47.33,BID
1373,1712378490.338695,16172285.42740945,47.13,0.0,47.33,BID
1374,1712378512.1211815,16181833.48597087,47.13,2.253618903965776e-06,47.33,BID
1375,1712378520.289041,16181833.48597087,47.13,0.0,47.33,BID
1376,1712378550.255546,16181833.48597087,47.13,0.0,47.33,BID
1377,1712378580.3715637,16181833.48597087,47.13,0.0,47.33,BID
1378,1712378606.6106143,16213379.49951194,47.13,7.444983902563836e-06,47.33,BID
1379,1712378610.2884774,16213379.49951194,47.13,0.0,47.33,BID
1380,1712378640.27591,16213379.49951194,47.13,0.0,47.33,BID
1381,1712378670.2393525,16213379.49951194,47.13,0.0,47.33,BID
1382,1712378700.293588,16213379.49951194,47.13,0.0,47.33,BID
1383,1712378711.9502032,16215326.51415229,47.1,4.607326318417926e-07,47.33,BID
1384,1712378730.230849,16215326.51415229,47.1,0.0,47.33,BID
1385,1712378740.4106472,16218669.0468364,47.03,-7.909444697004305e-07,47.33,ASK
1386,1712378740.4144669,16236131.21357312,47.03,-4.132077533618109e-06,47.33,ASK
1387,1712378740.5101726,16257398.75929834,47.02,-5.032545457350224e-06,47.33,ASK
1388,1712378740.520358,16260588.89115712,47.02,-7.548818186020929e-07,47.33,ASK
1389,1712378740.6302977,16281860.9609295,47.01,-5.03361598393005e-06,47.33,ASK
1390,1712378740.643049,16282073.68162722,47.01,-5.03361598383088e-08,47.33,ASK
1391,1712378760.3126023,16282073.68162722,47.01,-0.0,47.33,ASK
1392,1712378790.299605,16282073.68162722,47.01,-0.0,47.33,ASK
1393,1712378820.230061,16282073.68162722,47.01,-0.0,47.33,ASK
1394,1712378850.2720256,16282073.68162722,47.01,-0.0,47.33,ASK
1395,1712378880.3181407,16282073.68162722,47.01,-0.0,47.33,ASK
1396,1712378909.6594045,16297310.81444202,47.06,3.602891425744289e-06,47.33,BID
1397,1712378910.3305564,16297310.81444202,47.06,0.0,47.33,BID
1398,1712378940.2607574,16297310.81444202,47.06,0.0,47.33,BID
1399,1712378940.3181188,16312563.50455767,47.01,-3.6059586246504494e-06,47.33,ASK
1400,1712378956.6294622,16312988.94595312,47.01,-1.005805571066852e-07,47.33,ASK
1401,1712378963.832278,16313095.2145464,47.06,2.5123446917278084e-08,47.33,BID
1402,1712378970.3019612,16313095.2145464,47.06,0.0,47.33,BID
1403,1712379000.2909834,16313095.2145464,47.06,0.0,47.33,BID
1404,1712379030.237321,16313095.2145464,47.06,0.0,47.33,BID
1405,1712379060.3283284,16313095.2145464,47.06,0.0,47.33,BID
1406,1712379090.3040912,16313095.2145464,47.06,0.0,47.33,BID
1407,1712379104.7727113,16330385.50921847,47.05,-4.113187854819536e-06,47.33,ASK
1408,1712379119.9422543,16331585.50921847,47.11,2.8546797607541896e-07,47.33,BID
1409,1712379120.2775044,16331585.50921847,47.11,0.0,47.33,BID
1410,1712379125.4420269,16367633.4277056,47.13,8.573664085647122e-06,47.33,BID
1411,1712379125.4523823,16373997.44976755,47.14,1.5136238008383512e-06,47.33,BID
1412,1712379125.4562554,16388221.44738594,47.15,3.3830463076157104e-06,47.33,BID
1413,1712379150.2595756,16388221.44738594,47.15,0.0,47.33,BID
1414,1712379180.3179622,16388221.44738594,47.15,0.0,47.33,BID
1415,1712379210.3121452,16388221.44738594,47.15,0.0,47.33,BID
1416,1712379231.4146886,16392461.43042601,47.17,1.0078008672396756e-06,47.33,BID
1417,1712379240.2544987,16392461.43042601,47.17,0.0,47.33,BID
1418,1712379245.8351634,16396700.51478378,47.18,1.007539363219136e-06,47.33,BID
1419,1712379255.2571948,16396700.51478379,47.18,2.6562646305260642e-18,47.33,BID
1420,1712379255.2725978,16400938.70084016,47.19,1.0073258562580758e-06,47.33,BID
1421,1712379260.1554563,16405175.98897576,47.2,1.0071124397640766e-06,47.33,BID
1422,1712379270.2939622,16405175.98897576,47.2,0.0,47.33,BID
1423,1712379300.326216,16405175.98897576,47.2,0.0,47.33,BID
1424,1712379330.3434005,16405175.98897576,47.2,0.0,47.33,BID
1425,1712379331.4368308,16406175.98897576,47.2,2.384965813581306e-07,47.33,BID
1426,1712379333.586767,16420549.53101829,47.2,-3.428040639151023e-06,47.33,ASK
1427,1712379360.2635138,16420549.53101829,47.2,-0.0,47.33,ASK
1428,1712379378.0173633,16424785.9216135,47.21,1.0101898502370838e-06,47.33,BID
1429,1712379390.2423427,16424785.9216135,47.21,0.0,47.33,BID
1430,1712379420.3574097,16424785.9216135,47.21,0.0,47.33,BID
1431,1712379450.3115942,16424785.9216135,47.21,0.0,47.33,BID
1432,1712379480.2665956,16424785.9216135,47.21,0.0,47.33,BID
1433,1712379510.271181,16424785.9216135,47.21,0.0,47.33,BID
1434,1712379540.3552191,16424785.9216135,47.21,0.0,47.33,BID
1435,1712379557.6456492,16440464.05312459,47.21,3.738355488595036e-06,47.33,BID
1436,1712379557.6499116,16446765.07032706,47.21,1.5024393835403543e-06,47.33,BID
1437,1712379557.6517255,16447565.07032706,47.2,1.9075515400291762e-07,47.33,BID
1438,1712379558.3502238,16467149.82756562,47.21,-4.669866728938947e-06,47.33,ASK
1439,1712379570.333457,16467149.82756562,47.21,-0.0,47.33,ASK
1440,1712379600.322175,16467149.82756562,47.21,-0.0,47.33,ASK
1441,1712379630.2694108,16467149.82756562,47.21,-0.0,47.33,ASK
1442,1712379660.3367136,16467149.82756562,47.21,-0.0,47.33,ASK
1443,1712379690.326917,16467149.82756562,47.21,-0.0,47.33,ASK
1444,1712379694.945845,16471385.32100061,47.22,1.0211895601431665e-06,47.33,BID
1445,1712379694.9515152,16484856.45611284,47.22,3.247929137663767e-06,47.33,BID
1446,1712379720.278972,16484856.45611284,47.22,0.0,47.33,BID
1447,1712379750.3110096,16484856.45611284,47.22,0.0,47.33,BID
1448,1712379780.3566213,16484856.45611284,47.22,0.0,47.33,BID
1449,1712379810.3245022,16484856.45611284,47.22,0.0,47.33,BID
1450,1712379840.2542164,16484856.45611284,47.22,0.0,47.33,BID
1451,1712379863.4852269,16485079.24414593,47.22,5.370400479990831e-08,47.33,BID
1452,1712379870.2516727,16485079.24414593,47.22,0.0,47.33,BID
1453,1712379878.1733172,16487079.24414593,47.22,4.821073005324126e-07,47.33,BID
1454,1712379878.6930633,16489619.60125752,47.23,6.123623547284818e-07,47.33,BID
1455,1712379878.9929342,16495304.27369323,47.23,1.3703110411956311e-06,47.33,BID
1456,1712379878.9962883,16496998.51323631,47.23,4.08402626284863e-07,47.33,BID
1457,1712379884.0730488,16499538.8703479,47.23,6.123623547284818e-07,47.33,BID
1458,1712379900.3248837,16499538.8703479,47.23,0.0,47.33,BID
1459,1712379916.0435035,16503772.57060193,47.24,1.0250700411546636e-06,47.33,BID
1460,1712379916.047932,16508571.0655491,47.24,1.161819004142347e-06,47.33,BID
1461,1712379922.1032443,16512803.86978191,47.25,1.0248530951134693e-06,47.33,BID
1462,1712379930.3479853,16512803.86978191,47.25,0.0,47.33,BID
1463,1712379960.24466,16512803.86978191,47.25,0.0,47.33,BID
1464,1712379969.873943,16517602.36472907,47.26,1.1616427446628e-06,47.33,BID
1465,1712379969.8774493,16522731.95764188,47.26,1.2417965332580972e-06,47.33,BID
1466,1712379969.8808482,16526962.97096958,47.27,1.024264063798744e-06,47.33,BID
1467,1712379982.5237198,16551783.5456171,47.25,6.0086841343282905e-06,47.33,BID
1468,1712379983.0836809,16555245.64343595,47.25,-8.381212977956972e-07,47.33,ASK
1469,1712379990.2674687,16555245.64343595,47.25,-0.0,47.33,ASK
1470,1712380020.296889,16555245.64343595,47.25,-0.0,47.33,ASK
1471,1712380041.4242742,16558416.64676677,47.28,7.672792179240135e-07,47.33,BID
1472,1712380050.263629,16558416.64676677,47.28,0.0,47.33,BID
1473,1712380080.3467293,16558416.64676677,47.28,0.0,47.33,BID
1474,1712380110.331111,16558416.64676677,47.28,0.0,47.33,BID
1475,1712380126.9446096,16562646.76521009,47.28,1.023513346757437e-06,47.33,BID
1476,1712380126.949164,16570435.44065861,47.28,1.884536658237503e-06,47.33,BID
1477,1712380127.1445715,16570780.44065861,47.29,8.347570153478068e-08,47.33,BID
1478,1712380127.1480412,16575009.66459602,47.29,1.02329691339972e-06,47.33,BID
1479,1712380140.2390068,16575009.66459602,47.29,0.0,47.33,BID
1480,1712380154.354527,16641278.50056143,47.29,1.603126855733728e-05,47.33,BID
1481,1712380170.2766025,16641278.50056143,47.29,0.0,47.33,BID
1482,1712380200.2962422,16641278.50056143,47.29,0.0,47.33,BID
1483,1712380211.9247386,16646151.31257242,47.29,1.195436192694806e-06,47.33,BID
1484,1712380213.4948337,16650906.81056353,47.29,1.166655803679602e-06,47.33,BID
1485,1712380230.2498732,16650906.81056353,47.29,0.0,47.33,BID
1486,1712380243.3327389,16651067.81056353,47.29,3.949336235097733e-08,47.33,BID
1487,1712380253.2852254,16672868.96773833,47.29,5.347832297981177e-06,47.33,BID
1488,1712380253.2896895,16684499.33356621,47.29,2.852933241707126e-06,47.33,BID
1489,1712380253.2940478,16693526.1583231,47.3,2.2142836087121167e-06,47.33,BID
1490,1712380260.3184557,16693526.1583231,47.3,0.0,47.33,BID
1491,1712380261.7555487,16696581.48857151,47.31,7.491033234212448e-07,47.33,BID
1492,1712380290.34725,16696581.48857151,47.31,0.0,47.33,BID
1493,1712380290.9275815,16698939.52341714,47.32,5.781205291872747e-07,47.33,BID
1494,1712380294.705768,16699205.22327365,47.31,-6.514176070614726e-08,47.33,ASK
1495,1712380320.253858,16699205.22327365,47.31,-0.0,47.33,ASK
1496,1712380350.306697,16699205.22327365,47.31,-0.0,47.33,ASK
1497,1712380351.525269,16700127.45856862,47.31,-2.260979855949489e-07,47.33,ASK
1498,1712380375.9753408,16717021.37346887,47.31,-4.141763114677216e-06,47.33,ASK
1499,1712380375.977726,16719135.09149887,47.31,-5.182054854172786e-07,47.33,ASK
1500,1712380380.5505743,16719135.09149887,47.31,-0.0,47.33,ASK
1501,1712380388.9354436,16721248.36284291,47.32,5.179762392512347e-07,47.33,BID
1502,1712380410.4008083,16721248.36284291,47.32,0.0,47.33,BID
1503,1712380440.2766223,16721248.36284291,47.32,0.0,47.33,BID
1504,1712380454.8556802,16721575.5516004,47.32,8.019407860018056e-08,47.33,BID
1505,1712380454.8602967,16726858.72996052,47.32,1.294908859093875e-06,47.33,BID
1506,1712380454.862419,16727858.72996052,47.32,2.451003488484524e-07,47.33,BID
1507,1712380470.2809014,16727858.72996052,47.32,0.0,47.33,BID
1508,1712380500.3046372,16727858.72996052,47.32,0.0,47.33,BID
1509,1712380521.5456507,16752097.84297815,47.32,-6.155942647630992e-06,47.33,ASK
1510,1712380530.4066565,16752097.84297815,47.32,-0.0,47.33,ASK
1511,1712380546.4876032,16760637.5561311,47.33,2.1681765014825297e-06,47.33,BID
1512,1712380546.491372,16764863.20582475,47.33,1.072864416540918e-06,47.33,BID
1513,1712380548.59593,16765295.35794229,47.34,1.0972055495736381e-07,47.34,BID
1514,1712380548.6014388,16769520.11501875,47.34,1.0726377869595644e-06,47.34,BID
1515,1712380560.3349416,16769520.11501875,47.34,0.0,47.34,BID
1516,1712380562.0455768,16770465.67358426,47.35,2.400207917531387e-07,47.35,BID
1517,1712380562.0502586,16770465.67358427,47.34,2.3640712473066946e-18,47.35,BID
1518,1712380562.0547926,16771105.4759084,47.35,1.6240756099602729e-07,47.35,BID
1519,1712380590.3322842,16771105.4759084,47.35,0.0,47.35,BID
1520,1712380620.258361,16771105.4759084,47.35,0.0,47.35,BID
1521,1712380626.185649,16772957.66467242,47.31,-4.701510396469574e-07,47.35,ASK
1522,1712380650.265789,16772957.66467242,47.31,-0.0,47.35,ASK
1523,1712380680.3463464,16772957.66467242,47.31,-0.0,47.35,ASK
1524,1712380709.805828,16792329.32009033,47.32,-4.9171021533081925e-06,47.35,ASK
1525,1712380710.373786,16792329.32009033,47.32,-0.0,47.35,ASK
1526,1712380710.4143362,16807396.16319313,47.32,-3.823523138960052e-06,47.35,ASK
1527,1712380710.935819,16841834.66171384,47.32,-8.739481460487413e-06,47.35,ASK
1528,1712380715.2657857,16904349.90876266,47.31,-1.586453724898652e-05,47.35,ASK
1529,1712380740.2446232,16904349.90876266,47.31,-0.0,47.35,ASK
1530,1712380770.2781496,16914790.50178834,47.25,-2.6459575751170173e-06,47.35,ASK
1531,1712380770.286779,16914790.50178834,47.25,-0.0,47.35,ASK
1532,1712380800.2968118,16914790.50178834,47.25,-0.0,47.35,ASK
1533,1712380815.506035,16926103.27654922,47.25,-2.968096801129648e-06,47.35,ASK
1534,1712380830.2334816,16926103.27654922,47.25,-0.0,47.35,ASK
1535,1712380860.317723,16926103.27654922,47.25,-0.0,47.35,ASK
1536,1712380890.3449314,16926103.27654922,47.25,-0.0,47.35,ASK
1537,1712380907.776798,16929489.51993547,47.25,-8.883133481271172e-07,47.35,ASK
1538,1712380912.176809,16931489.51993547,47.23,-5.246600712365555e-07,47.35,ASK
1539,1712380912.1817863,16932614.87736327,47.21,-2.952150541175983e-07,47.35,ASK
1540,1712380912.1865463,16981512.32173676,47.25,-1.2827268324140951e-05,47.35,ASK
1541,1712380920.2507908,16981512.32173676,47.25,-0.0,47.35,ASK
1542,1712380950.2689996,16981512.32173676,47.25,-0.0,47.35,ASK
1543,1712380980.335885,16981512.32173676,47.25,-0.0,47.35,ASK
1544,1712381010.339899,16981512.32173676,47.25,-0.0,47.35,ASK
1545,1712381040.2658665,16981512.32173676,47.25,-0.0,47.35,ASK
1546,1712381046.2268028,16990284.36680449,47.21,-2.2995915860794624e-06,47.35,ASK
1547,1712381070.2488189,16990284.36680449,47.21,-0.0,47.35,ASK
1548,1712381098.646158,17045879.7575496,47.14,-1.4572749431798748e-05,47.35,ASK
1549,1712381100.3292122,17045879.7575496,47.14,-0.0,47.35,ASK
1550,1712381130.3159926,17045879.7575496,47.14,-0.0,47.35,ASK
1551,1712381160.2702258,17045879.7575496,47.14,-0.0,47.35,ASK
1552,1712381190.3037615,17045879.7575496,47.14,-0.0,47.35,ASK
1553,1712381220.3019123,17045879.7575496,47.14,-0.0,47.35,ASK
1554,1712381245.483329,17046091.26347176,47.28,5.582613054225928e-08,47.35,BID
1555,1712381250.2774343,17046091.26347176,47.28,0.0,47.35,BID
1556,1712381267.5129738,17046092.88627935,47.28,4.2833235225539917e-10,47.35,BID
1557,1712381267.516842,17050368.70608872,47.28,1.1285823222844363e-06,47.35,BID
1558,1712381277.0228057,17063866.05027035,47.2,-3.562559864608752e-06,47.35,ASK
1559,1712381277.032614,17069800.11357555,47.28,-1.566267813925964e-06,47.35,ASK
1560,1712381280.334676,17069800.11357555,47.28,-0.0,47.35,ASK
1561,1712381310.321219,17069800.11357555,47.28,-0.0,47.35,ASK
1562,1712381340.2580009,17069800.11357555,47.28,-0.0,47.35,ASK
1563,1712381370.315598,17069800.11357555,47.28,-0.0,47.35,ASK
1564,1712381400.3045576,17069800.11357555,47.28,-0.0,47.35,ASK
1565,1712381430.234816,17069800.11357555,47.28,-0.0,47.35,ASK
1566,1712381449.7405248,17070879.09501706,47.29,-2.8752910596491136e-07,47.35,ASK
1567,1712381454.2902172,17071284.09501706,47.35,1.0792520004137633e-07,47.35,BID
1568,1712381457.771113,17074157.40128788,47.35,7.656843310081447e-07,47.35,BID
1569,1712381457.7757685,17083177.99501706,47.36,2.403825636330041e-06,47.36,BID
1570,1712381460.337738,17083177.99501706,47.36,0.0,47.36,BID
1571,1712381486.2449791,17083178.86920802,47.36,2.3291681574254017e-10,47.36,BID
