,time,acc_trade_volume,trade_price,dev,high,ask_bid
0,1712365207.225484,58109.16567504,3642.0,0.0,3649.0,ASK
1,1712365230.6285243,58109.16567504,3642.0,-0.0,3649.0,ASK
2,1712365251.5689602,58110.53957613,3640.0,-4.836573560150397e-10,3649.0,ASK
3,1712365251.570178,58277.11555854,3639.0,-5.864010139759947e-08,3649.0,ASK
4,1712365251.571375,58278.33521156,3642.0,-4.2935707614051296e-10,3649.0,ASK
5,1712365251.5725338,58528.15755286,3639.0,-8.794549618300055e-08,3649.0,ASK
6,1712365251.669679,58530.21868444,3639.0,7.255845836609544e-10,3649.0,BID
7,1712365260.4387476,58530.21868444,3639.0,0.0,3649.0,BID
8,1712365260.5611725,58593.65839379,3639.0,-2.2320777747253343e-08,3649.0,ASK
9,1712365280.3488984,58596.40640148,3647.0,9.668655409168526e-10,3649.0,BID
10,1712365290.3885725,58596.40640148,3647.0,0.0,3649.0,BID
11,1712365320.6186388,58596.40640148,3647.0,0.0,3649.0,BID
12,1712365350.5986578,58596.40640148,3647.0,0.0,3649.0,BID
13,1712365380.44345,58596.40640148,3647.0,0.0,3649.0,BID
14,1712365410.426526,58596.40640148,3647.0,0.0,3649.0,BID
15,1712365420.5788302,59386.0269505,3646.0,2.7779842225848386e-07,3649.0,BID
16,1712365440.608705,59386.0269505,3646.0,0.0,3649.0,BID
17,1712365470.57853,59386.0269505,3646.0,0.0,3649.0,BID
18,1712365488.1392772,59387.40009712,3642.0,-4.82601415460349e-10,3649.0,ASK
19,1712365488.1405582,59668.88023617,3640.0,-9.892804712274928e-08,3649.0,ASK
20,1712365488.1418068,59670.25375992,3641.0,-4.82733960281738e-10,3649.0,ASK
21,1712365488.143059,59671.62766101,3640.0,-4.828665789085477e-10,3649.0,ASK
22,1712365500.389912,59671.62766101,3640.0,-0.0,3649.0,ASK
23,1712365513.1290755,59674.48208139,3642.0,-1.0067491149439655e-09,3649.0,ASK
24,1712365513.1301398,59675.85522801,3642.0,-4.843064301451956e-10,3649.0,ASK
25,1712365525.1690218,59678.71415658,3640.0,-1.008339145735101e-09,3649.0,ASK
26,1712365525.179576,59680.08805767,3640.0,-4.845725304070012e-10,3649.0,ASK
27,1712365525.1808686,59681.48470417,3638.0,-4.925947970436672e-10,3649.0,ASK
28,1712365525.18219,59681.48470501,3642.0,-2.9626725859429886e-16,3649.0,ASK
29,1712365525.1834862,59682.85973937,3637.0,-4.84972232767459e-10,3649.0,ASK
30,1712365525.1847494,59688.58376355,3638.0,-2.0188533957779342e-09,3649.0,ASK
31,1712365525.18599,59713.69132057,3639.0,-8.855391793520591e-09,3649.0,ASK
32,1712365525.186663,59768.68169725,3637.0,-1.939501043398513e-08,3649.0,ASK
33,1712365525.187288,60256.52174125,3636.0,-1.7206033700321973e-07,3649.0,ASK
34,1712365525.2890306,60406.89642249,3636.0,5.3036889138412094e-08,3649.0,BID
35,1712365525.3088274,60590.40876274,3636.0,6.47244839697195e-08,3649.0,BID
36,1712365530.619013,60590.40876274,3636.0,0.0,3649.0,BID
37,1712365534.5090616,60593.15903776,3645.0,9.688755804769768e-10,3649.0,BID
38,1712365553.9512854,60643.15903776,3645.0,1.7614158101122107e-08,3649.0,BID
39,1712365560.4592788,60643.15903776,3645.0,0.0,3649.0,BID
40,1712365590.4193182,60643.15903776,3645.0,0.0,3649.0,BID
41,1712365620.599099,60643.15903776,3645.0,0.0,3649.0,BID
42,1712365650.6190586,60643.15903776,3645.0,0.0,3649.0,BID
43,1712365680.3790064,60643.15903776,3645.0,0.0,3649.0,BID
44,1712365707.6589212,60651.83837436,3645.0,3.057377049787703e-09,3649.0,BID
45,1712365710.446087,60651.83837436,3645.0,0.0,3649.0,BID
46,1712365740.5890334,60651.83837436,3645.0,0.0,3649.0,BID
47,1712365770.5891392,60651.83837436,3645.0,0.0,3649.0,BID
48,1712365793.7631695,60653.21227545,3640.0,-4.839640451831688e-10,3649.0,ASK
49,1712365793.7646625,60654.58655409,3639.0,-4.84097039198151e-10,3649.0,ASK
50,1712365793.7689424,60655.96120936,3638.0,-4.842297091428966e-10,3649.0,ASK
51,1712365800.5272448,60655.96120936,3638.0,-0.0,3649.0,ASK
52,1712365809.6891935,60657.33929155,3644.0,4.87616073564023e-10,3649.0,BID
53,1712365830.4239306,60657.33929155,3644.0,0.0,3649.0,BID
54,1712365842.8193526,60675.35024196,3642.0,6.372924183024262e-09,3649.0,BID
55,1712365842.8211532,60748.7831717,3643.0,2.59832203807885e-08,3649.0,BID
56,1712365842.8226628,60750.16352297,3644.0,4.884180895164471e-10,3649.0,BID
57,1712365842.919215,60906.75725615,3644.0,-5.54085135084816e-08,3649.0,ASK
58,1712365842.9210005,61055.50899921,3644.0,-5.263373442458233e-08,3649.0,ASK
59,1712365842.9991803,61352.34834839,3644.0,-1.0503247323430889e-07,3649.0,ASK
60,1712365843.0190306,61497.15306471,3644.0,-5.123713393489352e-08,3649.0,ASK
61,1712365843.8266442,62098.56460385,3644.0,-2.128011045773508e-07,3649.0,ASK
62,1712365843.9229307,62252.71155993,3644.0,-5.454275547816724e-08,3649.0,ASK
63,1712365848.361204,62254.08964212,3645.0,4.876152071337409e-10,3649.0,BID
64,1712365849.6202853,62474.08964212,3645.0,7.784393873446987e-08,3649.0,BID
65,1712365849.6210406,62484.08964212,3645.0,3.538360851566812e-09,3649.0,BID
66,1712365849.6337895,62511.51695973,3646.0,9.704774689469873e-09,3649.0,BID
67,1712365849.6373682,62517.22978912,3645.0,2.0214051865264443e-09,3649.0,BID
68,1712365849.6381404,62518.60900492,3647.0,4.88016319258118e-10,3649.0,BID
69,1712365849.6388862,63845.28023592,3646.0,4.694241546670352e-07,3649.0,BID
70,1712365849.63964,63867.22810971,3645.0,7.765949739366174e-09,3649.0,BID
71,1712365849.6403875,64867.22810971,3647.0,3.538360851566812e-07,3649.0,BID
72,1712365849.643978,65505.59380011,3648.0,2.258768167894786e-07,3649.0,BID
73,1712365849.6447508,67005.59380011,3647.0,5.307541277350217e-07,3649.0,BID
74,1712365849.6455188,67018.14757862,3648.0,4.441979841903289e-09,3649.0,BID
75,1712365849.659013,67364.13755083,3648.0,-1.2242373727025336e-07,3649.0,ASK
76,1712365852.779288,67365.51374782,3649.0,4.869481553487979e-10,3649.0,BID
77,1712365860.6140442,67365.51374782,3649.0,0.0,3649.0,BID
78,1712365862.5192077,67973.03370582,3648.0,-2.131180624755778e-07,3649.0,ASK
79,1712365862.560426,68327.02009394,3648.0,-1.2417846061752518e-07,3649.0,ASK
80,1712365862.561765,69277.52553294,3648.0,-3.3343740376704133e-07,3649.0,ASK
81,1712365866.5691433,69366.47060256,3647.0,3.120193938414065e-08,3649.0,BID
82,1712365866.5701675,74711.78907668,3649.0,1.8751382592757287e-06,3649.0,BID
83,1712365866.5790834,74713.16753654,3649.0,4.835638577724614e-10,3649.0,BID
84,1712365870.6890624,74714.68987142,3649.0,5.34035229285351e-10,3649.0,BID
85,1712365879.429215,74717.43034826,3648.0,9.613595515772826e-10,3649.0,BID
86,1712365890.5992012,74717.43034826,3648.0,0.0,3649.0,BID
87,1712365892.2592118,74720.1708251,3648.0,9.523972736102087e-10,3649.0,BID
88,1712365920.4092226,74720.1708251,3648.0,0.0,3649.0,BID
89,1712365921.5894315,74730.89972679,3648.0,3.728599734138425e-09,3649.0,BID
90,1712365921.590777,74735.1829301,3648.0,1.4885354702990655e-09,3649.0,BID
91,1712365922.8097026,74735.18293105,3648.0,3.301546441198245e-16,3649.0,BID
92,1712365922.810976,74800.13348776,3649.0,2.2572173320098096e-08,3649.0,BID
93,1712365922.812178,74870.71575172,3650.0,2.4529352420233093e-08,3650.0,BID
94,1712365922.8133445,74872.09421158,3649.0,4.790541675218712e-10,3650.0,BID
95,1712365929.3393538,74873.46927992,3650.0,4.77875517465245e-10,3650.0,BID
96,1712365932.4893494,74874.88023883,3650.0,4.903485155053212e-10,3650.0,BID
97,1712365932.491278,75357.01507442,3650.0,1.6755562421405836e-07,3650.0,BID
98,1712365932.4931123,75713.49930625,3650.0,1.2388845106712125e-07,3650.0,BID
99,1712365935.6592016,76247.20560101,3650.0,-1.854781790576353e-07,3650.0,ASK
100,1712365936.7891204,76248.58029354,3651.0,4.77744912755568e-10,3651.0,BID
101,1712365944.3019805,76249.95799828,3651.0,4.787917417584718e-10,3651.0,BID
102,1712365944.3028529,76306.55454575,3651.0,1.96689165347084e-08,3651.0,BID
103,1712365944.3037057,76310.51042354,3651.0,1.3747805043135151e-09,3651.0,BID
104,1712365944.3990998,76310.51042448,3651.0,3.266752863115646e-16,3651.0,BID
105,1712365944.4594183,76337.89268078,3652.0,9.51611604899126e-09,3652.0,BID
106,1712365944.463306,76339.27000828,3652.0,4.78660640082206e-10,3652.0,BID
107,1712365948.0492854,76340.6741933,3650.0,-4.87994395282361e-10,3652.0,ASK
108,1712365950.2355022,76342.07030608,3653.0,4.85189061354094e-10,3653.0,BID
109,1712365950.4043765,76342.07030608,3653.0,0.0,3653.0,BID
110,1712365964.3192525,76356.70054438,3650.0,-5.073986625115735e-09,3653.0,ASK
111,1712365964.3211772,76358.07030608,3651.0,-4.750539535227309e-10,3653.0,ASK
112,1712365967.9792864,76359.45343194,3650.0,-4.796888451553534e-10,3653.0,ASK
113,1712365968.4392557,76359.49465316,3653.0,1.4296138905972229e-11,3653.0,BID
114,1712365968.4412775,76360.82662331,3653.0,4.6194727574296696e-10,3653.0,BID
115,1712365974.2792284,76360.87160362,3653.0,1.559984784126091e-11,3653.0,BID
116,1712365974.2808805,76362.19536133,3653.0,4.5909907806497157e-10,3653.0,BID
117,1712365976.8692458,76385.12559963,3650.0,-7.952551425285448e-09,3653.0,ASK
118,1712365976.8711271,76386.49536133,3651.0,-4.750539535227309e-10,3653.0,ASK
119,1712365979.5392706,76387.86892768,3652.0,4.76373463349249e-10,3653.0,BID
120,1712365980.619184,76387.86892768,3652.0,0.0,3653.0,BID
121,1712365986.1738513,76608.08136864,3650.0,-7.636855782038465e-08,3653.0,ASK
122,1712365986.1790535,76608.08136946,3650.0,-2.843669419579068e-16,3653.0,ASK
123,1712365986.1801424,76609.6721665,3650.0,-5.516803464878931e-10,3653.0,ASK
124,1712365989.2895296,76636.6538566,3639.0,-9.357113301640682e-09,3653.0,ASK
125,1712365989.291597,76638.02587306,3645.0,-4.758083507904457e-10,3653.0,ASK
126,1712365989.2935777,76639.39864275,3643.0,-4.760695671324608e-10,3653.0,ASK
127,1712365989.2957745,76640.7721665,3641.0,-4.7633107131343e-10,3653.0,ASK
128,1712366010.6292088,76640.7721665,3641.0,-0.0,3653.0,ASK
129,1712366040.3691893,76640.7721665,3641.0,-0.0,3653.0,ASK
130,1712366041.4893048,76642.14648343,3651.0,4.764536707862102e-10,3653.0,BID
131,1712366064.979378,76643.51744233,3650.0,-4.752894955643458e-10,3653.0,ASK
132,1712366064.9815354,76644.88833048,3648.0,-4.75264967667213e-10,3653.0,ASK
133,1712366064.98365,76655.20207359,3643.0,-3.575609567953689e-09,3653.0,ASK
134,1712366064.989224,76656.57371374,3646.0,-4.755256740268883e-10,3653.0,ASK
135,1712366064.9911394,76657.94648343,3643.0,-4.75917267457245e-10,3653.0,ASK
136,1712366070.4292238,76657.94648343,3643.0,-0.0,3653.0,ASK
137,1712366073.77909,76659.32155177,3651.0,4.76703827371384e-10,3653.0,BID
138,1712366099.1696236,76659.3215529,3638.0,-3.917443583184913e-16,3653.0,ASK
139,1712366099.1717663,76676.45771371,3643.0,-5.9407036050157055e-09,3653.0,ASK
140,1712366099.1738222,76677.82973017,3645.0,-4.756458124082663e-10,3653.0,ASK
141,1712366099.1758933,76679.20099422,3647.0,-4.753849695738321e-10,3653.0,ASK
142,1712366099.1780114,76680.57451797,3641.0,-4.76168354377545e-10,3653.0,ASK
143,1712366099.179032,76681.94615812,3646.0,-4.75515354590248e-10,3653.0,ASK
144,1712366099.179958,76690.32155177,3638.0,-2.903551839975146e-09,3653.0,ASK
145,1712366100.4402013,76690.32155177,3638.0,-0.0,3653.0,ASK
146,1712366111.0792077,76691.6958687,3651.0,4.806751168988056e-10,3653.0,BID
147,1712366129.3293755,76693.06826167,3644.0,-4.800022010127412e-10,3653.0,ASK
148,1712366129.3316207,76722.6958687,3644.0,-1.0362423078480152e-08,3653.0,ASK
149,1712366130.4023793,76722.6958687,3644.0,-0.0,3653.0,ASK
150,1712366139.3012357,76749.17927034,3638.0,-9.262337257472313e-09,3653.0,ASK
151,1712366139.3030255,76750.55091049,3646.0,-4.797191024732289e-10,3653.0,ASK
152,1712366139.304754,76751.92443424,3641.0,-4.80377875042512e-10,3653.0,ASK
153,1712366139.3064833,76753.6958687,3639.0,-6.195436530783401e-10,3653.0,ASK
154,1712366142.989294,76904.07054994,3639.0,-5.259222480416696e-08,3653.0,ASK
155,1712366143.129588,77364.83095869,3639.0,1.6114690849560829e-07,3653.0,BID
156,1712366153.7691996,77485.57802291,3639.0,-4.223022581684637e-08,3653.0,ASK
157,1712366153.8294542,77676.07233764,3639.0,6.66237144549981e-08,3653.0,BID
158,1712366160.5892172,77676.07233764,3639.0,0.0,3653.0,BID
159,1712366182.4092371,77677.4481582,3650.0,4.80598023256425e-10,3653.0,BID
160,1712366190.5991418,77677.4481582,3650.0,0.0,3653.0,BID
161,1712366220.4074214,77677.4481582,3650.0,0.0,3653.0,BID
162,1712366225.1517177,77814.43445956,3650.0,4.7851610939494976e-08,3653.0,BID
163,1712366233.933046,77815.81254176,3650.0,4.813872089560917e-10,3653.0,BID
164,1712366233.9348593,77820.04278456,3650.0,1.477694708420291e-09,3653.0,BID
165,1712366237.9093487,77820.04278497,3650.0,1.4321994545341028e-16,3653.0,BID
166,1712366238.3532095,77821.42048971,3651.0,4.81255355850324e-10,3653.0,BID
167,1712366238.3556714,77857.65204534,3651.0,1.2656289618209996e-08,3653.0,BID
168,1712366238.3580303,77884.13544697,3651.0,9.251096048084612e-09,3653.0,BID
169,1712366240.7191665,77884.13544698,3651.0,3.4921775519607055e-18,3653.0,BID
170,1712366240.7202325,77885.51089132,3652.0,4.804657602473715e-10,3653.0,BID
171,1712366240.8405223,77888.17345051,3653.0,9.300765492516683e-10,3653.0,BID
172,1712366240.8417125,77892.88926732,3652.0,1.647313848273043e-09,3653.0,BID
173,1712366240.842853,78062.33339451,3653.0,5.918967349129352e-08,3653.0,BID
174,1712366240.844018,78068.42089451,3653.0,2.126465775788601e-09,3653.0,BID
175,1712366240.8451898,78069.79822201,3652.0,4.811235795978787e-10,3653.0,BID
176,1712366240.8463452,78071.17517247,3653.0,4.80991873209317e-10,3653.0,BID
177,1712366243.529056,78073.92736133,3653.0,-9.613856951633567e-10,3653.0,ASK
178,1712366244.149325,78076.70668317,3653.0,-9.708636998235072e-10,3653.0,ASK
179,1712366244.329287,78078.08024952,3654.0,4.798097468660648e-10,3654.0,BID
180,1712366244.5295064,78078.08325679,3654.0,1.0504898134917378e-12,3654.0,BID
181,1712366244.531979,78087.98159459,3655.0,3.4576552885272303e-09,3655.0,BID
182,1712366244.5344038,78089.35816821,3654.0,4.808602366795566e-10,3655.0,BID
183,1712366244.5391357,78090.73436521,3655.0,4.807286769980349e-10,3655.0,BID
184,1712366244.5404017,78142.27623152,3656.0,1.800443773775593e-08,3656.0,BID
185,1712366244.649163,78149.04824054,3653.0,-2.365576248768694e-09,3656.0,ASK
186,1712366247.5035398,78150.4236849,3657.0,4.804657672368099e-10,3657.0,BID
187,1712366247.5092206,78151.78796414,3657.0,4.765656036951808e-10,3657.0,BID
188,1712366247.5119317,78151.78796656,3656.0,8.45345879284742e-16,3657.0,BID
189,1712366247.8891394,78151.79913168,3657.0,3.900163541629029e-12,3657.0,BID
190,1712366247.8907533,78154.52244837,3657.0,9.513001622862855e-10,3657.0,BID
191,1712366247.9894514,78155.89489038,3657.0,4.794169960626636e-10,3657.0,BID
192,1712366248.4090855,78158.62937219,3657.0,9.552003258279146e-10,3657.0,BID
193,1712366250.409274,78158.62937219,3657.0,0.0,3657.0,BID
194,1712366280.6291432,78158.62937219,3657.0,0.0,3657.0,BID
195,1712366295.5998394,78159.99999582,3656.0,-4.78488065126326e-10,3657.0,ASK
196,1712366310.3323135,78436.56550182,3656.0,9.654969529896149e-08,3657.0,BID
197,1712366310.333536,78436.56550194,3656.0,4.189058075783558e-17,3657.0,BID
198,1712366310.3728158,78437.94242916,3657.0,4.806886638274752e-10,3657.0,BID
199,1712366310.3740072,78705.93581458,3657.0,9.355714701615337e-08,3657.0,BID
200,1712366310.379001,78707.31125894,3657.0,4.80170993767085e-10,3657.0,BID
201,1712366310.619195,78707.31125894,3657.0,0.0,3657.0,BID
202,1712366310.7492025,78707.31125903,3657.0,3.139848452040469e-17,3657.0,BID
203,1712366310.7624218,78746.54069494,3658.0,1.368550697065396e-08,3658.0,BID
204,1712366324.633303,78746.54069522,3658.0,9.767796938675935e-17,3658.0,BID
205,1712366324.6354003,78749.27368209,3659.0,9.53424641280649e-10,3659.0,BID
206,1712366339.3694484,78750.64569855,3654.0,-4.78639072715232e-10,3659.0,ASK
207,1712366339.429431,78790.86555155,3654.0,1.4031022007375525e-08,3659.0,BID
208,1712366339.4491782,78790.86555179,3654.0,8.3727599869852e-17,3659.0,BID
209,1712366340.401433,78790.86555179,3654.0,0.0,3659.0,BID
210,1712366341.409176,78792.23836838,3659.0,4.78867172416523e-10,3659.0,BID
211,1712366344.7430725,78918.29697058,3654.0,-4.3971880026951086e-08,3659.0,ASK
212,1712366344.839229,79232.79687758,3654.0,1.0970415297124545e-07,3659.0,BID
213,1712366344.9391322,79232.79687786,3654.0,9.767263711717436e-17,3659.0,BID
214,1712366347.75456,79234.16969445,3659.0,4.78867172416523e-10,3659.0,BID
215,1712366370.4646182,79234.16969445,3659.0,0.0,3659.0,BID
216,1712366400.4591954,79234.16969445,3659.0,0.0,3659.0,BID
217,1712366430.4092636,79234.16969445,3659.0,0.0,3659.0,BID
218,1712366432.9592457,79325.8275161,3653.0,-3.228748904426388e-08,3659.0,ASK
219,1712366432.9619713,79373.21307598,3653.0,-1.669209149791875e-08,3659.0,ASK
220,1712366452.5602674,79555.30285904,3653.0,-6.414315515888976e-08,3659.0,ASK
221,1712366460.628167,79555.30285904,3653.0,-0.0,3659.0,ASK
222,1712366471.318703,79558.04033508,3658.0,9.63908116690582e-10,3659.0,BID
223,1712366490.5889063,79558.04033508,3658.0,0.0,3659.0,BID
224,1712366520.4500036,79558.04033508,3658.0,0.0,3659.0,BID
225,1712366541.2688923,79569.81793008,3654.0,-4.147060730813429e-09,3659.0,ASK
226,1712366550.398728,79569.81793008,3654.0,-0.0,3659.0,ASK
227,1712366580.5888164,79569.81793008,3654.0,-0.0,3659.0,ASK
228,1712366585.342359,79569.81793025,3654.0,-5.986207009775543e-17,3659.0,ASK
229,1712366585.3449638,79571.81793025,3654.0,-7.04218117512883e-10,3659.0,ASK
230,1712366585.34772,79708.65427398,3653.0,-4.818131619444303e-08,3659.0,ASK
231,1712366598.6689994,79710.02629044,3645.0,-4.830994243270026e-10,3659.0,ASK
232,1712366598.6793191,79718.24546811,3650.0,-2.8940469131376313e-09,3659.0,ASK
233,1712366598.6814594,79719.61710826,3646.0,-4.8296692216859e-10,3659.0,ASK
234,1712366598.6836567,79849.61710826,3642.0,-4.57741776383374e-08,3659.0,ASK
235,1712366598.685845,79975.61710826,3644.0,-4.436574140331164e-08,3659.0,ASK
236,1712366598.6880126,80097.61710826,3639.0,-4.2957305168285866e-08,3659.0,ASK
237,1712366598.6901634,80701.83863106,3638.0,-2.127518716734913e-07,3659.0,ASK
238,1712366598.6917465,80703.21215481,3641.0,-4.83630154789717e-10,3659.0,ASK
239,1712366598.6929877,80943.00318099,3638.0,-8.443259252648066e-08,3659.0,ASK
240,1712366598.822053,81687.35553376,3638.0,2.62093206316988e-07,3659.0,BID
241,1712366610.6087987,81687.35553376,3638.0,0.0,3659.0,BID
242,1712366620.5288572,81690.10429681,3653.0,9.65244910224028e-10,3659.0,BID
243,1712366634.9688668,81708.02486029,3638.0,-6.2929151668571194e-09,3659.0,ASK
244,1712366640.4091258,81708.02486029,3638.0,-0.0,3659.0,ASK
245,1712366670.398891,81708.02486029,3638.0,-0.0,3659.0,ASK
246,1712366695.1888585,81710.77362334,3651.0,9.652194094556564e-10,3659.0,BID
247,1712366700.6187706,81710.77362334,3651.0,0.0,3659.0,BID
248,1712366730.6189866,81710.77362334,3651.0,0.0,3659.0,BID
249,1712366755.3623047,81712.15057379,3649.0,4.846991141537728e-10,3659.0,BID
250,1712366760.3991215,81712.15057379,3649.0,0.0,3659.0,BID
251,1712366790.4022334,81712.15057379,3649.0,0.0,3659.0,BID
252,1712366792.319147,81717.63152747,3648.0,1.929342261204684e-09,3659.0,BID
253,1712366810.2896538,81739.64149734,3648.0,7.747696389581875e-09,3659.0,BID
254,1712366810.292008,81745.03010888,3648.0,1.896837043394037e-09,3659.0,BID
255,1712366820.619079,81745.03010888,3648.0,0.0,3659.0,BID
256,1712366850.610305,81745.03010888,3648.0,0.0,3659.0,BID
257,1712366880.4091294,81745.03010888,3648.0,0.0,3659.0,BID
258,1712366910.415521,81745.03010888,3648.0,0.0,3659.0,BID
259,1712366922.998952,81766.69539602,3648.0,7.626043157251464e-09,3659.0,BID
260,1712366923.000304,81768.07423374,3648.0,4.853421000880102e-10,3659.0,BID
261,1712366940.429124,81768.07423374,3648.0,0.0,3659.0,BID
262,1712366970.609002,81768.07423374,3648.0,0.0,3659.0,BID
263,1712366988.6894712,81779.02481784,3648.0,3.854421840779383e-09,3659.0,BID
264,1712367000.4890022,81779.02481784,3648.0,0.0,3659.0,BID
265,1712367030.4490025,81779.02481784,3648.0,0.0,3659.0,BID
266,1712367060.6132517,81779.02481784,3648.0,0.0,3659.0,BID
267,1712367090.608967,81779.02481784,3648.0,0.0,3659.0,BID
268,1712367120.408964,81779.02481784,3648.0,0.0,3659.0,BID
269,1712367150.4190269,81779.02481784,3648.0,0.0,3659.0,BID
270,1712367180.604395,81779.02481784,3648.0,0.0,3659.0,BID
271,1712367195.1089718,82460.00171884,3647.0,2.408216853933271e-07,3659.0,BID
272,1712367195.189274,82495.93008903,3647.0,1.2705762339200078e-08,3659.0,BID
273,1712367195.198252,82538.30418911,3648.0,1.498523985660576e-08,3659.0,BID
274,1712367195.2009702,82539.68340491,3647.0,4.877479294661557e-10,3659.0,BID
275,1712367195.203369,83140.97861984,3648.0,2.1264293526806026e-07,3659.0,BID
276,1712367195.2090104,83410.97861984,3648.0,9.5483202089111e-08,3659.0,BID
277,1712367195.2105083,83489.30288398,3648.0,2.7698709412446152e-08,3659.0,BID
278,1712367195.2188208,83608.34791318,3648.0,4.209926141039978e-08,3659.0,BID
279,1712367195.2889986,83609.72637304,3649.0,4.874805977200503e-10,3659.0,BID
280,1712367208.868914,83611.10144138,3651.0,4.862812155351949e-10,3659.0,BID
281,1712367210.638892,83611.10144138,3651.0,0.0,3659.0,BID
282,1712367214.308906,83689.61342439,3651.0,2.7699632579201763e-08,3659.0,BID
283,1712367238.6689332,83964.61342439,3651.0,9.702211900965681e-08,3659.0,BID
284,1712367240.4388905,83964.61342439,3651.0,0.0,3659.0,BID
285,1712367270.4089468,83964.61342439,3651.0,0.0,3659.0,BID
286,1712367282.6390955,84238.7362314,3648.0,-9.666861962649845e-08,3659.0,ASK
287,1712367300.6089628,84238.7362314,3648.0,-0.0,3659.0,ASK
288,1712367307.0291016,84267.62067782,3646.0,-1.0462542103528506e-08,3659.0,ASK
289,1712367307.0405293,84271.45524369,3646.0,-1.388958828576992e-09,3659.0,ASK
290,1712367320.0191832,84648.47450443,3645.0,-1.3656415054584912e-07,3659.0,ASK
291,1712367320.7488942,84649.84919696,3651.0,4.979419811383712e-10,3659.0,BID
292,1712367330.6291246,84649.84919696,3651.0,0.0,3659.0,BID
293,1712367358.742074,84932.86118116,3645.0,-1.024571622625442e-07,3659.0,ASK
294,1712367360.3988676,84932.86118116,3645.0,-0.0,3659.0,ASK
295,1712367362.7589316,84934.23587369,3651.0,4.974860531065141e-10,3659.0,BID
296,1712367373.558959,84971.68440362,3645.0,-1.3552209634408697e-08,3659.0,ASK
297,1712367381.409041,84973.05872055,3651.0,4.973501276094583e-10,3659.0,BID
298,1712367390.4425175,84973.05872055,3651.0,0.0,3659.0,BID
299,1712367420.5989122,84973.05872055,3651.0,0.0,3659.0,BID
300,1712367424.048914,85353.05872055,3646.0,-1.3751051348177466e-07,3659.0,ASK
301,1712367425.3089604,85485.25025542,3645.0,-4.783612062609848e-08,3659.0,ASK
302,1712367425.3122768,85801.25025455,3645.0,-1.1435084773843824e-07,3659.0,ASK
303,1712367425.409089,85803.99449165,3644.0,-9.9305645456763e-10,3659.0,ASK
304,1712367425.4124858,85886.32160468,3644.0,-2.9791693647966173e-08,3659.0,ASK
305,1712367425.4156814,85886.32160555,3645.0,-3.148269928053341e-16,3659.0,ASK
306,1712367425.4554396,85886.32160558,3644.0,-1.085828219256346e-17,3659.0,ASK
307,1712367428.578936,85887.69629811,3650.0,4.974596728391669e-10,3659.0,BID
308,1712367450.6089382,85887.69629811,3650.0,0.0,3659.0,BID
309,1712367460.7598965,85942.61117911,3642.0,-1.984808816688537e-08,3659.0,ASK
310,1712367460.763338,85942.61118004,3642.0,-3.3613273699710566e-16,3659.0,ASK
311,1712367460.8302803,86508.93266412,3641.0,-2.046876646572443e-07,3659.0,ASK
312,1712367460.8318727,86972.61118004,3642.0,-1.6758903775226034e-07,3659.0,ASK
313,1712367460.9055755,87436.28969596,3641.0,-1.675890377522656e-07,3659.0,ASK
314,1712367461.118935,87500.83202417,3638.0,-2.3327771953251195e-08,3659.0,ASK
315,1712367461.1215348,87940.63411296,3638.0,-1.589592925510247e-07,3659.0,ASK
316,1712367461.1513095,87940.63411322,3638.0,-9.397242347599376e-17,3659.0,ASK
317,1712367461.2839198,87942.00914758,3637.0,-4.969837448925905e-10,3659.0,ASK
318,1712367461.2889364,88491.7617589,3637.0,-1.986991158089551e-07,3659.0,ASK
319,1712367461.290975,88493.41192322,3636.0,-5.964249820237015e-10,3659.0,ASK
320,1712367465.0388412,88494.78736757,3649.0,4.971319290904299e-10,3659.0,BID
321,1712367480.4289167,88494.78736757,3649.0,0.0,3659.0,BID
322,1712367510.4088647,88494.78736757,3649.0,0.0,3659.0,BID
323,1712367540.609091,88494.78736757,3649.0,0.0,3659.0,BID
324,1712367570.5888283,88494.78736757,3649.0,0.0,3659.0,BID
325,1712367590.4592984,88510.53718476,3635.0,-5.673057544489972e-09,3659.0,ASK
326,1712367590.4667137,88511.91575908,3636.0,-4.965601411342497e-10,3659.0,ASK
327,1712367590.4693244,88513.51163253,3635.0,-5.74830920661595e-10,3659.0,ASK
328,1712367594.77898,88514.88632506,3649.0,4.951619269319478e-10,3659.0,BID
329,1712367600.4706542,88514.88632506,3649.0,0.0,3659.0,BID
330,1712367614.0792897,88542.38907533,3636.0,-1.002754538665251e-08,3659.0,ASK
331,1712367614.0833712,88801.74242182,3635.0,-9.456063221233549e-08,3659.0,ASK
332,1712367614.0873432,88885.03553765,3633.0,-3.036879916304681e-08,3659.0,ASK
333,1712367614.0912328,88914.88632478,3634.0,-1.088364326603476e-08,3659.0,ASK
334,1712367614.0945065,88914.88632506,3633.0,-1.0208602805230198e-16,3659.0,ASK
335,1712367621.7334392,88916.26176941,3649.0,5.014891423990154e-10,3659.0,BID
336,1712367624.5999086,89062.51086942,3649.0,5.3322648597338163e-08,3659.0,BID
337,1712367624.6031077,89325.22304219,3649.0,9.57852654812933e-08,3659.0,BID
338,1712367630.4415045,89325.22304219,3649.0,0.0,3659.0,BID
339,1712367660.6089566,89325.22304219,3649.0,0.0,3659.0,BID
340,1712367665.0049531,89475.59771344,3648.0,5.4767908339096784e-08,3659.0,BID
341,1712367665.1190374,90380.83988703,3648.0,-3.296979469729807e-07,3659.0,ASK
342,1712367671.039013,90382.21457956,3649.0,5.006763030718334e-10,3659.0,BID
343,1712367690.6188269,90382.21457956,3649.0,0.0,3659.0,BID
344,1712367720.4087317,90382.21457956,3649.0,0.0,3659.0,BID
345,1712367750.4087622,90382.21457956,3649.0,0.0,3659.0,BID
346,1712367753.0616229,90521.87502343,3636.0,-5.079434972365138e-08,3659.0,ASK
347,1712367758.1588683,90523.25159704,3648.0,5.006583068856054e-10,3659.0,BID
348,1712367780.458767,90523.25159704,3648.0,0.0,3659.0,BID
349,1712367810.438812,90523.25159704,3648.0,0.0,3659.0,BID
350,1712367840.448892,90523.25159704,3648.0,0.0,3659.0,BID
351,1712367870.418922,90523.25159704,3648.0,0.0,3659.0,BID
352,1712367900.4492297,90523.25159704,3648.0,0.0,3659.0,BID
353,1712367908.6605706,90538.60668341,3647.0,5.592326027258048e-09,3659.0,BID
354,1712367930.4187818,90538.60668341,3647.0,0.0,3659.0,BID
355,1712367960.6088717,90538.60668341,3647.0,0.0,3659.0,BID
356,1712367990.5988896,90538.60668341,3647.0,0.0,3659.0,BID
357,1712368015.9374392,90552.96412992,3645.0,5.228878714114371e-09,3659.0,BID
358,1712368020.418733,90552.96412992,3645.0,0.0,3659.0,BID
359,1712368050.4011884,90552.96412992,3645.0,0.0,3659.0,BID
360,1712368080.6243746,90552.96412992,3645.0,0.0,3659.0,BID
361,1712368110.5888574,90552.96412992,3645.0,0.0,3659.0,BID
362,1712368140.4140377,90552.96412992,3645.0,0.0,3659.0,BID
363,1712368170.4088075,90552.96412992,3645.0,0.0,3659.0,BID
364,1712368200.489196,90552.96412992,3645.0,0.0,3659.0,BID
365,1712368230.4187455,90552.96412992,3645.0,0.0,3659.0,BID
366,1712368248.2288868,90558.80240624,3636.0,-2.1327377458210194e-09,3659.0,ASK
367,1712368260.5991068,90558.80240624,3636.0,-0.0,3659.0,ASK
368,1712368262.3520107,90561.55268126,3645.0,1.0046749313796043e-09,3659.0,BID
369,1712368290.6088707,90561.55268126,3645.0,0.0,3659.0,BID
370,1712368310.79907,90648.24678276,3645.0,3.1669222489416975e-08,3659.0,BID
371,1712368318.208873,90648.6252704,3633.0,-1.3826095516689562e-10,3659.0,ASK
372,1712368318.2126815,90653.50123145,3636.0,-1.7811811031009847e-09,3659.0,ASK
373,1712368320.429054,90653.50123145,3636.0,-0.0,3659.0,ASK
374,1712368350.405527,90653.50123145,3636.0,-0.0,3659.0,ASK
375,1712368380.620712,90653.50123145,3636.0,-0.0,3659.0,ASK
376,1712368383.0988674,90654.87931364,3645.0,5.033496966688966e-10,3659.0,BID
377,1712368388.168883,90659.87931364,3637.0,-1.8262687825205166e-09,3659.0,ASK
378,1712368393.208904,90661.25777349,3645.0,5.034876383994732e-10,3659.0,BID
379,1712368410.6088407,90661.25777349,3645.0,0.0,3659.0,BID
380,1712368440.3688283,90661.25777349,3645.0,0.0,3659.0,BID
381,1712368470.4089153,90661.25777349,3645.0,0.0,3659.0,BID
382,1712368497.148769,90669.78548079,3637.0,-3.114745006251177e-09,3659.0,ASK
383,1712368500.4339595,90669.78548079,3637.0,-0.0,3659.0,ASK
384,1712368530.438823,90669.78548079,3637.0,-0.0,3659.0,ASK
385,1712368533.4197328,90671.1643185,3644.0,5.042610635371291e-10,3659.0,BID
386,1712368560.6009402,90671.1643185,3644.0,0.0,3659.0,BID
387,1712368590.598472,90671.1643185,3644.0,0.0,3659.0,BID
388,1712368601.108425,90680.52645098,3637.0,-3.423862121141641e-09,3659.0,ASK
389,1712368606.9984944,90683.27596981,3643.0,1.0055372954281843e-09,3659.0,BID
390,1712368611.6186469,90932.83965866,3633.0,-9.126891366800149e-08,3659.0,ASK
391,1712368611.622578,91321.30291729,3637.0,-1.4206641911116228e-07,3659.0,ASK
392,1712368620.4062836,91321.30291729,3637.0,-0.0,3659.0,ASK
393,1712368623.388564,91324.05243612,3642.0,1.004668868410438e-09,3659.0,BID
394,1712368650.451745,91324.05243612,3642.0,0.0,3659.0,BID
395,1712368659.0885067,91370.83152371,3634.0,-1.709292568512283e-08,3659.0,ASK
396,1712368680.5885675,91370.83152371,3634.0,-0.0,3659.0,ASK
397,1712368681.338441,91428.36620252,3634.0,-2.10216777809494e-08,3659.0,ASK
398,1712368682.9391117,91492.3251165,3634.0,2.3368926510339818e-08,3659.0,BID
399,1712368683.038389,91555.14190703,3634.0,2.2951624256320573e-08,3659.0,BID
400,1712368683.688441,91591.49929712,3634.0,1.3284046339288773e-08,3659.0,BID
401,1712368691.0385454,91623.28860703,3634.0,1.1614988449204584e-08,3659.0,BID
402,1712368706.2787905,91928.72658748,3633.0,-1.1159910752761509e-07,3659.0,ASK
403,1712368710.5931134,91928.72658748,3633.0,-0.0,3659.0,ASK
404,1712368724.1384902,91933.36341027,3633.0,1.6929208027584863e-09,3659.0,BID
405,1712368740.4184177,91933.36341027,3633.0,0.0,3659.0,BID
406,1712368747.8685794,91934.74033758,3632.0,-5.027180584502906e-10,3659.0,ASK
407,1712368747.871697,91936.74033758,3632.0,-7.302027562351705e-10,3659.0,ASK
408,1712368755.058494,91938.12031014,3632.0,5.038298834191859e-10,3659.0,BID
409,1712368759.1687894,91939.50141942,3632.0,5.042449014598696e-10,3659.0,BID
410,1712368764.6629322,92361.0921472,3632.0,1.539233557140737e-07,3659.0,BID
411,1712368770.398481,92361.0921472,3632.0,0.0,3659.0,BID
412,1712368774.8985634,92362.46945372,3631.0,-5.025714555766724e-10,3659.0,ASK
413,1712368774.9008012,93152.12937654,3628.0,-2.881424948342152e-07,3659.0,ASK
414,1712368774.908624,93291.2864446,3629.0,-5.0777636810323654e-08,3659.0,ASK
415,1712368774.9125166,93373.95384608,3629.0,-3.0164873023873294e-08,3659.0,ASK
416,1712368774.916387,93649.58780418,3628.0,-1.0057729163250025e-07,3659.0,ASK
417,1712368775.4784636,93650.96739825,3628.0,5.034061697934874e-10,3659.0,BID
418,1712368782.9785695,93652.34888685,3633.0,5.04097473211658e-10,3659.0,BID
419,1712368786.1753836,93709.63092787,3627.0,-2.090189679344155e-08,3659.0,ASK
420,1712368788.1786938,93916.08591672,3633.0,7.533427218360397e-08,3659.0,BID
421,1712368795.4490037,95550.38246707,3627.0,-5.96345682119845e-07,3659.0,ASK
422,1712368798.319159,95551.76395567,3633.0,5.04097473211658e-10,3659.0,BID
423,1712368799.5450244,95758.42528231,3633.0,7.540956369058367e-08,3659.0,BID
424,1712368800.518946,95758.42528231,3633.0,0.0,3659.0,BID
425,1712368800.7952151,96321.89658729,3627.0,-2.0534588055660373e-07,3659.0,ASK
426,1712368800.7971609,97728.68923368,3627.0,-5.12677526220717e-07,3659.0,ASK
427,1712368804.0654418,97730.07072228,3633.0,5.034559711194625e-10,3659.0,BID
428,1712368805.3491015,97753.77072228,3633.0,8.636992383070171e-09,3659.0,BID
429,1712368830.4094489,97753.77072228,3633.0,0.0,3659.0,BID
430,1712368860.6700523,97753.77072228,3633.0,0.0,3659.0,BID
431,1712368881.1205988,97755.42224994,3633.0,6.002830879912583e-10,3659.0,BID
432,1712368890.620516,97755.42224994,3633.0,0.0,3659.0,BID
433,1712368920.4212196,97755.42224994,3633.0,0.0,3659.0,BID
434,1712368950.3928058,97755.42224994,3633.0,0.0,3659.0,BID
435,1712368980.6020896,97755.42224994,3633.0,0.0,3659.0,BID
436,1712368999.37249,97763.67988826,3633.0,3.001408901644557e-09,3659.0,BID
437,1712369010.6126895,97763.67988826,3633.0,0.0,3659.0,BID
438,1712369040.3932006,97763.67988826,3633.0,0.0,3659.0,BID
439,1712369052.9842868,97818.67988826,3633.0,1.9990665997795973e-08,3659.0,BID
440,1712369070.7186992,97818.67988826,3633.0,0.0,3659.0,BID
441,1712369100.5957265,97818.67988826,3633.0,0.0,3659.0,BID
442,1712369117.6355343,97834.07873989,3633.0,5.6502250997801585e-09,3659.0,BID
443,1712369130.60487,97834.07873989,3633.0,0.0,3659.0,BID
444,1712369148.1747603,97900.08589704,3626.0,-2.4219185265177312e-08,3659.0,ASK
445,1712369148.178151,97966.09305419,3627.0,-2.4219185265177312e-08,3659.0,ASK
446,1712369148.180959,98947.40355723,3626.0,-3.600600586657713e-07,3659.0,ASK
447,1712369151.5247316,98984.81568332,3625.0,-1.3727166144707216e-08,3659.0,ASK
448,1712369151.534552,98986.19526952,3625.0,-5.061944069349842e-10,3659.0,ASK
449,1712369151.538094,99029.43335032,3625.0,-1.5864811251092143e-08,3659.0,ASK
450,1712369160.4046252,99029.43335032,3625.0,-0.0,3659.0,ASK
451,1712369190.4883316,99029.43335032,3625.0,-0.0,3659.0,ASK
452,1712369195.2475016,99074.38886908,3624.0,-1.6468778356735912e-08,3659.0,ASK
453,1712369195.3449206,99350.40322183,3623.0,-1.011137080407404e-07,3659.0,ASK
454,1712369195.4496908,99372.25030933,3620.0,-8.003352017773126e-09,3659.0,ASK
455,1712369195.453971,99674.12882258,3620.0,-1.1058865435225772e-07,3659.0,ASK
456,1712369195.4586687,99684.12882258,3621.0,-3.663349642267431e-09,3659.0,ASK
457,1712369195.5554686,99714.12882258,3619.0,-1.0990048926802291e-08,3659.0,ASK
458,1712369195.55748,99747.23855831,3619.0,-1.2129253854207305e-08,3659.0,ASK
459,1712369195.625283,99775.81679873,3621.0,-1.0469208681923938e-08,3659.0,ASK
460,1712369199.6951137,99777.20132942,3622.0,5.07202000793401e-10,3659.0,BID
461,1712369202.825353,99955.74819255,3621.0,-6.540795871752675e-08,3659.0,ASK
462,1712369202.9051368,99955.74819256,3621.0,-3.662311361750073e-18,3659.0,ASK
463,1712369207.805215,99957.13272325,3622.0,5.07202000793401e-10,3659.0,BID
464,1712369220.6152112,99957.13272325,3622.0,0.0,3659.0,BID
465,1712369234.9755027,99958.51687294,3622.0,5.064391626111516e-10,3659.0,BID
466,1712369236.3187568,100098.76701291,3622.0,5.131537719924972e-08,3659.0,BID
467,1712369239.6754384,100100.15002088,3625.0,5.060214247573133e-10,3659.0,BID
468,1712369250.6159472,100100.15002088,3625.0,0.0,3659.0,BID
469,1712369256.625701,100101.53302885,3625.0,5.059255351999034e-10,3659.0,BID
470,1712369260.256184,100119.39452691,3618.0,-6.534010042969355e-09,3659.0,ASK
471,1712369260.2607586,100128.0015085,3619.0,-3.1485659243076167e-09,3659.0,ASK
472,1712369260.2651854,100152.59133713,3618.0,-8.995336599628042e-09,3659.0,ASK
473,1712369260.2671576,100222.85028096,3615.0,-2.5701799650380543e-08,3659.0,ASK
474,1712369260.2691443,100263.04754388,3617.0,-1.4704775530974524e-08,3659.0,ASK
475,1712369260.2711864,100324.78742212,3616.0,-2.25853947477876e-08,3659.0,ASK
476,1712369263.4656453,100329.57303761,3615.0,1.7506515729179347e-09,3659.0,BID
477,1712369266.4957528,100332.33928933,3615.0,1.011937322345554e-09,3659.0,BID
478,1712369280.416025,100332.33928933,3615.0,0.0,3659.0,BID
479,1712369285.3160734,100356.0029835,3612.0,-8.653884203303235e-09,3659.0,ASK
480,1712369285.3213851,100358.0029835,3612.0,-7.314060214888204e-10,3659.0,ASK
481,1712369298.8062828,100496.4304475,3612.0,5.062334035451092e-08,3659.0,BID
482,1712369310.402865,100496.4304475,3612.0,0.0,3659.0,BID
483,1712369316.536469,100520.13756858,3609.0,-8.667886780407688e-09,3659.0,ASK
484,1712369316.540965,100575.58530908,3607.0,-2.0273011440798767e-08,3659.0,ASK
485,1712369316.5453308,100653.98150297,3609.0,-2.86635112867642e-08,3659.0,ASK
486,1712369316.5496123,100701.44587779,3607.0,-1.7354103252528703e-08,3659.0,ASK
487,1712369316.7110157,100719.48411804,3607.0,6.595209248609533e-09,3659.0,BID
488,1712369316.7130375,100741.22577163,3612.0,7.949265163870136e-09,3659.0,BID
489,1712369320.726297,100791.22577163,3612.0,1.828118806825096e-08,3659.0,BID
490,1712369337.357309,100822.89151365,3605.0,-1.157774770376904e-08,3659.0,ASK
491,1712369337.3610618,101354.69707661,3605.0,-1.9444075024427618e-07,3659.0,ASK
492,1712369340.6168718,101354.69707661,3605.0,-0.0,3659.0,ASK
493,1712369344.675647,101356.09236094,3605.0,-5.095724319705797e-10,3659.0,ASK
494,1712369349.3665743,101357.47879974,3621.0,5.063419518854401e-10,3659.0,BID
495,1712369370.6366584,101357.47879974,3621.0,0.0,3659.0,BID
496,1712369400.4768867,101357.47879974,3621.0,0.0,3659.0,BID
497,1712369430.4038727,101357.47879974,3621.0,0.0,3659.0,BID
498,1712369460.6074247,101357.47879974,3621.0,0.0,3659.0,BID
499,1712369473.7382722,101359.38032539,3605.0,-6.96528225697469e-10,3659.0,ASK
500,1712369473.740463,101362.62126147,3604.0,-1.1871538295623723e-09,3659.0,ASK
501,1712369490.5979574,101362.62126147,3604.0,-0.0,3659.0,ASK
502,1712369495.12348,101365.39595625,3619.0,1.016362892777809e-09,3659.0,BID
503,1712369506.347699,101448.29178382,3619.0,3.036450845543756e-08,3659.0,BID
504,1712369520.4318185,101448.29178382,3619.0,0.0,3659.0,BID
505,1712369536.2182586,101475.92372633,3617.0,-1.0120353471636641e-08,3659.0,ASK
506,1712369536.2379758,101475.92372634,3617.0,-3.661517867888048e-18,3659.0,ASK
507,1712369550.6679082,101475.92372634,3617.0,-0.0,3659.0,ASK
508,1712369580.5884235,101475.92372634,3617.0,-0.0,3659.0,ASK
509,1712369595.12844,101487.03483745,3605.0,-4.069357621069785e-09,3659.0,ASK
510,1712369609.5690722,101514.6820589,3609.0,-1.012557881881418e-08,3659.0,ASK
511,1712369609.5728407,101590.62790894,3609.0,-2.781457413117584e-08,3659.0,ASK
512,1712369610.6184778,101590.62790894,3609.0,-0.0,3659.0,ASK
513,1712369632.590435,101864.85645121,3604.0,-1.0041883766736785e-07,3659.0,ASK
514,1712369639.398564,101907.10790832,3603.0,-1.547192052883357e-08,3659.0,ASK
515,1712369639.5186057,102003.62969573,3603.0,3.534499225009606e-08,3659.0,BID
516,1712369640.5454018,102003.62969573,3603.0,0.0,3659.0,BID
517,1712369644.47893,102026.67244975,3602.0,-8.433353241060596e-09,3659.0,ASK
518,1712369644.4837503,102080.14853071,3601.0,-1.957156164110046e-08,3659.0,ASK
519,1712369650.129109,102163.45872232,3601.0,-3.0490464543334015e-08,3659.0,ASK
520,1712369650.13292,102166.35857859,3601.0,-1.0613103039672867e-09,3659.0,ASK
521,1712369650.1365929,103179.47847865,3600.0,-3.707889250276602e-07,3659.0,ASK
522,1712369664.0391116,103702.91711753,3600.0,-1.9157184674466133e-07,3659.0,ASK
523,1712369664.0439944,104486.90779102,3600.0,-2.869305587994628e-07,3659.0,ASK
524,1712369664.0485816,104514.68556879,3600.0,-1.0166311369842896e-08,3659.0,ASK
525,1712369664.1188602,104579.73973837,3600.0,2.3808993985518562e-08,3659.0,BID
526,1712369668.7004218,104581.73973837,3597.0,-7.319744188337537e-10,3659.0,ASK
527,1712369668.7053082,104583.15925463,3597.0,-5.195247947169186e-10,3659.0,ASK
528,1712369668.714529,104960.91551518,3595.0,-1.3825395963844873e-07,3659.0,ASK
529,1712369668.7171946,104988.70101115,3599.0,-1.0169136132326113e-08,3659.0,ASK
530,1712369670.4201367,104988.70101115,3599.0,-0.0,3659.0,ASK
531,1712369680.3026617,104991.47956074,3613.0,1.012930408400363e-09,3659.0,BID
532,1712369684.1593003,105269.34041513,3595.0,-1.0129519002591801e-07,3659.0,ASK
533,1712369684.1615868,105297.19556833,3590.0,-1.0154697907300423e-08,3659.0,ASK
534,1712369684.1637745,105298.94257283,3592.0,-6.368768756271238e-10,3659.0,ASK
535,1712369684.1659374,105428.94257283,3591.0,-4.739197513906099e-08,3659.0,ASK
536,1712369684.1681297,105430.57285093,3592.0,-5.943238398834235e-10,3659.0,ASK
537,1712369684.1703627,106215.39680322,3587.0,-2.861104402728293e-07,3659.0,ASK
538,1712369684.1727722,106410.09082111,3590.0,-7.097641581205096e-08,3659.0,ASK
539,1712369684.17661,106536.09082111,3589.0,-4.5933760519397575e-08,3659.0,ASK
540,1712369684.178816,108153.29561556,3590.0,-5.895579185641872e-07,3659.0,ASK
541,1712369684.1810596,108288.44041908,3589.0,-4.926753206610131e-08,3659.0,ASK
542,1712369684.1832814,108290.78329809,3592.0,-8.541051061213615e-10,3659.0,ASK
543,1712369684.1855288,109685.40275724,3587.0,-5.08413621049902e-07,3659.0,ASK
544,1712369693.4193428,109688.18130683,3605.0,1.012930408400363e-09,3659.0,BID
545,1712369700.458918,109688.18130683,3605.0,0.0,3659.0,BID
546,1712369730.3993447,109688.18130683,3605.0,0.0,3659.0,BID
547,1712369760.619357,109688.18130683,3605.0,0.0,3659.0,BID
548,1712369765.4394443,109703.78130683,3603.0,5.692458302433466e-09,3659.0,BID
549,1712369785.2434113,109719.38130683,3603.0,5.692458302428157e-09,3659.0,BID
550,1712369786.439543,109743.88130683,3603.0,8.940078744203069e-09,3659.0,BID
551,1712369790.6093965,109743.88130683,3603.0,0.0,3659.0,BID
552,1712369820.4396574,109743.88130683,3603.0,0.0,3659.0,BID
553,1712369850.42836,109743.88130683,3603.0,0.0,3659.0,BID
554,1712369879.1703882,109748.69967495,3588.0,-1.758099432750204e-09,3659.0,ASK
555,1712369880.5900743,109748.69967495,3588.0,-0.0,3659.0,ASK
556,1712369889.44352,109779.39967495,3599.0,1.120157505077984e-08,3659.0,BID
557,1712369891.660191,109782.18674295,3599.0,1.0169234975142304e-09,3659.0,BID
558,1712369899.3900414,109812.88674295,3599.0,1.120157505077984e-08,3659.0,BID
559,1712369909.6101365,109843.37434621,3599.0,1.1124077395287553e-08,3659.0,BID
560,1712369909.6199913,109843.58674295,3599.0,7.749765549760085e-11,3659.0,BID
561,1712369910.6299222,109843.58674295,3599.0,0.0,3659.0,BID
562,1712369919.558631,109847.37434621,3599.0,1.3818187712697936e-09,3659.0,BID
563,1712369919.5617156,109874.28674295,3599.0,9.818360700036232e-09,3659.0,BID
564,1712369940.4008875,109874.28674295,3599.0,0.0,3659.0,BID
565,1712369970.4200406,109874.28674295,3599.0,0.0,3659.0,BID
566,1712369975.8700914,110023.92269312,3598.0,5.458898838406874e-08,3659.0,BID
567,1712369975.9302514,110090.5581571,3599.0,-2.4309416053018763e-08,3659.0,ASK
568,1712369975.9357083,110090.55815711,3599.0,-3.652394624151521e-18,3659.0,ASK
569,1712369989.8303082,110094.89468842,3588.0,-1.5820186060864961e-09,3659.0,ASK
570,1712370000.450112,110094.89468842,3588.0,-0.0,3659.0,ASK
571,1712370030.4102614,110094.89468842,3588.0,-0.0,3659.0,ASK
572,1712370044.1350882,110097.68175642,3599.0,1.0164938132463606e-09,3659.0,BID
573,1712370060.6308253,110097.68175642,3599.0,0.0,3659.0,BID
574,1712370081.9308715,110243.71990635,3588.0,-5.32625443050572e-08,3659.0,ASK
575,1712370082.0305772,110315.20380635,3588.0,2.60713682874844e-08,3659.0,BID
576,1712370082.050625,110470.03786977,3587.0,-5.6470560376131606e-08,3659.0,ASK
577,1712370082.0554788,110574.93276977,3588.0,3.825691616404724e-08,3659.0,BID
578,1712370082.1505249,110574.93276978,3587.0,-3.646132771284745e-18,3659.0,ASK
579,1712370082.1530466,110630.1573508,3587.0,-2.014132399455699e-08,3659.0,ASK
580,1712370088.9008608,110633.66994116,3585.0,-1.281100176663458e-09,3659.0,ASK
581,1712370088.9206195,110635.08621441,3585.0,-5.165384302814055e-10,3659.0,ASK
582,1712370088.925548,110825.61624019,3585.0,-6.948947206202744e-08,3659.0,ASK
583,1712370090.640629,110825.61624019,3585.0,-0.0,3659.0,ASK
584,1712370092.5709882,110945.01524019,3584.0,-4.350537327466746e-08,3659.0,ASK
585,1712370092.5767522,111026.38344019,3584.0,-2.964810353258845e-08,3659.0,ASK
586,1712370093.7606385,111145.67204019,3583.0,-4.3465146863979416e-08,3659.0,ASK
587,1712370093.7649262,111228.38131319,3583.0,-3.013674984833411e-08,3659.0,ASK
588,1712370093.840552,111228.38131344,3583.0,-9.10931091257926e-17,3659.0,ASK
589,1712370095.260582,111229.79758669,3581.0,-5.16047005419233e-10,3659.0,ASK
590,1712370095.2645638,111231.54264477,3581.0,-6.358462228047949e-10,3659.0,ASK
591,1712370097.5339875,111237.0433783,3581.0,-2.004300417149766e-09,3659.0,ASK
592,1712370099.700569,111239.83277857,3585.0,1.016372833594814e-09,3659.0,BID
593,1712370101.730625,111242.62217884,3585.0,1.0163728336001163e-09,3659.0,BID
594,1712370120.4327168,111242.62217884,3585.0,0.0,3659.0,BID
595,1712370124.7608037,111354.30028723,3581.0,-4.0669970322715136e-08,3659.0,ASK
596,1712370124.763873,111635.31298723,3581.0,-1.0233678143432649e-07,3659.0,ASK
597,1712370144.5510075,111638.31298723,3580.0,-1.0925141258846031e-09,3659.0,ASK
598,1712370144.555888,111668.1283956,3580.0,-1.0857918271078072e-08,3659.0,ASK
599,1712370144.5599391,112399.3687006,3580.0,-2.662967875428884e-07,3659.0,ASK
600,1712370146.7809424,112434.5776006,3580.0,-1.2822073535618673e-08,3659.0,ASK
601,1712370146.7864234,112437.42052933,3579.0,-1.035313265472884e-09,3659.0,ASK
602,1712370146.790674,112456.86605761,3580.0,-7.081504777059187e-09,3659.0,ASK
603,1712370146.8407772,112486.70415761,3580.0,1.0866181913188753e-08,3659.0,BID
604,1712370148.7110226,112489.54935579,3579.0,-1.036139734198011e-09,3659.0,ASK
605,1712370148.7159004,112489.5493558,3579.0,-3.640681604557527e-18,3659.0,ASK
606,1712370150.4306917,112489.5493558,3579.0,-0.0,3659.0,ASK
607,1712370156.4408364,112525.35293572,3579.0,-1.3017475106822666e-08,3659.0,ASK
608,1712370156.44587,112779.15113754,3579.0,-9.22760176979566e-08,3659.0,ASK
609,1712370157.0408783,112782.69113752,3579.0,-1.2870741339485688e-09,3659.0,ASK
610,1712370157.046713,112795.87235762,3579.0,-4.792431508600074e-09,3659.0,ASK
611,1712370157.145679,112915.53115762,3579.0,4.350557831906061e-08,3659.0,BID
612,1712370157.1547542,113091.11745762,3579.0,6.383971363914373e-08,3659.0,BID
613,1712370157.2252967,113127.07465762,3579.0,1.3073328336355165e-08,3659.0,BID
614,1712370157.2607944,113151.57465762,3579.0,8.907716514096273e-09,3659.0,BID
615,1712370171.6212797,113154.135336,3578.0,-9.310121262384796e-10,3659.0,ASK
616,1712370180.4608507,113154.135336,3578.0,-0.0,3659.0,ASK
617,1712370190.5911884,113273.213936,3578.0,-4.325722046052244e-08,3659.0,ASK
618,1712370190.5955708,113438.94044779,3578.0,-6.020282617240698e-08,3659.0,ASK
619,1712370190.599818,113483.94200829,3578.0,-1.63475420740292e-08,3659.0,ASK
620,1712370197.0010767,113622.36947229,3578.0,-5.028600712503389e-08,3659.0,ASK
621,1712370210.4108558,113622.36947229,3578.0,-0.0,3659.0,ASK
622,1712370240.6482985,113622.36947229,3578.0,-0.0,3659.0,ASK
623,1712370254.0613887,113641.44257229,3578.0,-6.924396794964274e-09,3659.0,ASK
624,1712370254.067021,114327.81441509,3578.0,-2.491839810222705e-07,3659.0,ASK
625,1712370254.0724814,114336.84881215,3578.0,-3.279894198983074e-09,3659.0,ASK
626,1712370260.2214086,114345.15001215,3578.0,-3.013710549115925e-09,3659.0,ASK
627,1712370260.2273872,114463.03916415,3578.0,-4.279908700051417e-08,3659.0,ASK
628,1712370270.6227307,114463.03916415,3578.0,-0.0,3659.0,ASK
629,1712370275.341581,114463.03916493,3578.0,-2.828653259202332e-16,3659.0,ASK
630,1712370275.3486702,114465.34377469,3577.0,-8.35764774624332e-10,3659.0,ASK
631,1712370284.092709,114466.76004794,3577.0,-5.136102927852962e-10,3659.0,ASK
632,1712370284.0970511,114487.65924024,3577.0,-7.579074360262278e-09,3659.0,ASK
633,1712370284.5512514,115172.67643341,3577.0,2.484209040506194e-07,3659.0,BID
634,1712370289.091416,115181.04350078,3577.0,3.034309884527321e-09,3659.0,BID
635,1712370290.1215022,115182.45977403,3575.0,-5.136102927852962e-10,3659.0,ASK
636,1712370290.1281157,115183.43245392,3575.0,-3.5274153705475027e-10,3659.0,ASK
637,1712370290.1347382,115186.2288745,3576.0,-1.014119551325736e-09,3659.0,ASK
638,1712370290.201843,115186.22887505,3577.0,1.9945855223747942e-16,3659.0,BID
639,1712370290.2082968,115229.56695905,3577.0,1.5716519401915962e-08,3659.0,BID
640,1712370294.6213496,115233.45598934,3575.0,-1.410353535873018e-09,3659.0,ASK
641,1712370300.4119935,115233.45598934,3575.0,-0.0,3659.0,ASK
642,1712370314.0831728,115244.95598934,3575.0,-4.2055511004122624e-09,3659.0,ASK
643,1712370330.3925967,115244.95598934,3575.0,-0.0,3659.0,ASK
644,1712370333.1214516,115247.75319213,3580.0,1.0229219484871874e-09,3659.0,BID
645,1712370337.9415307,115249.78629268,3580.0,7.434938873646161e-10,3659.0,BID
646,1712370357.6530423,115251.31080385,3580.0,5.57505498739793e-10,3659.0,BID
647,1712370360.6114666,115251.31080385,3580.0,0.0,3659.0,BID
648,1712370365.0115025,115282.90262704,3580.0,1.1552862950948974e-08,3659.0,BID
649,1712370365.141601,115342.74692936,3580.0,-2.1884555979564587e-08,3659.0,ASK
650,1712370390.6322668,115342.74692936,3580.0,-0.0,3659.0,ASK
651,1712370413.3917007,115344.43240422,3580.0,6.162901490403947e-10,3659.0,BID
652,1712370418.6519625,115565.37911362,3575.0,-8.078867486992518e-08,3659.0,ASK
653,1712370418.6578,116323.36887815,3575.0,-2.7715727836653164e-07,3659.0,ASK
654,1712370420.4117246,116323.36887815,3575.0,-0.0,3659.0,ASK
655,1712370426.1652968,116344.43240422,3575.0,7.691971594817738e-09,3659.0,BID
656,1712370432.2852323,116346.10885015,3579.0,6.122039790950366e-10,3659.0,BID
657,1712370433.5318122,116348.64017882,3575.0,-9.243897798520243e-10,3659.0,ASK
658,1712370433.537804,116670.10546393,3575.0,-1.173925881909673e-07,3659.0,ASK
659,1712370450.391095,116670.10546393,3575.0,-0.0,3659.0,ASK
660,1712370454.9118617,116672.63426945,3575.0,9.230505366373676e-10,3659.0,BID
661,1712370455.4018729,116675.9909128,3575.0,1.2252233004869278e-09,3659.0,BID
662,1712370464.9918735,116846.10885015,3575.0,6.209550403153198e-08,3659.0,BID
663,1712370468.9919517,116848.90605294,3580.0,1.0210194164642547e-09,3659.0,BID
664,1712370478.4219775,116917.28903318,3580.0,2.4960775396921616e-08,3659.0,BID
665,1712370478.431738,116945.53957975,3580.0,1.0311857501662806e-08,3659.0,BID
666,1712370480.6218407,116945.53957975,3580.0,0.0,3659.0,BID
667,1712370490.6721897,116973.99955803,3579.0,1.03845687806838e-08,3659.0,BID
668,1712370490.7319293,117070.52134543,3579.0,-3.5219181484545026e-08,3659.0,ASK
669,1712370490.736545,117504.35489128,3579.0,-1.582985851894421e-07,3659.0,ASK
670,1712370510.6225336,117504.35489128,3579.0,-0.0,3659.0,ASK
671,1712370540.4343872,117504.35489128,3579.0,-0.0,3659.0,ASK
672,1712370545.122074,117739.4712521,3574.0,-8.57274559758678e-08,3659.0,ASK
673,1712370555.852353,117939.4712521,3574.0,-7.292342878809588e-08,3659.0,ASK
674,1712370555.8583858,118185.87893358,3574.0,-8.984446506623002e-08,3659.0,ASK
675,1712370557.1219018,118529.09180058,3574.0,1.2514129532916704e-07,3659.0,BID
676,1712370557.133017,118529.09180112,3574.0,1.9689051226804887e-16,3659.0,BID
677,1712370563.312175,118531.88978657,3579.0,1.0201934635663275e-09,3659.0,BID
678,1712370563.666895,118533.30605982,3573.0,-5.163975074532704e-10,3659.0,ASK
679,1712370563.6697383,120383.37287652,3573.0,-6.745660788042125e-07,3659.0,ASK
680,1712370568.8825057,120384.78914977,3571.0,-5.163975074532704e-10,3659.0,ASK
681,1712370568.888331,120999.82821445,3571.0,-2.2425378717544298e-07,3659.0,ASK
682,1712370568.8929727,121027.82373516,3572.0,-1.0207646804406472e-08,3659.0,ASK
683,1712370568.897519,121383.37287652,3570.0,-1.2963931245317674e-07,3659.0,ASK
684,1712370570.422405,121383.37287652,3570.0,-0.0,3659.0,ASK
685,1712370586.3322704,122383.37287652,3570.0,-3.627839867617418e-07,3659.0,ASK
686,1712370590.0621157,123383.37287652,3570.0,-3.627839867617418e-07,3659.0,ASK
687,1712370600.5222974,123383.37287652,3570.0,-0.0,3659.0,ASK
688,1712370601.6157537,123386.17399696,3573.0,1.0212330918069466e-09,3659.0,BID
689,1712370630.471161,123386.17399696,3573.0,0.0,3659.0,BID
690,1712370660.622444,123386.17399696,3573.0,0.0,3659.0,BID
691,1712370681.072745,123414.36182839,3570.0,-1.0276688140372924e-08,3659.0,ASK
692,1712370681.078884,123420.78555215,3570.0,-2.3419540430201187e-09,3659.0,ASK
693,1712370681.084232,123766.6090738,3570.0,-1.260799537711337e-07,3659.0,ASK
694,1712370681.1325514,124181.4772718,3570.0,1.512521848582956e-07,3659.0,BID
695,1712370681.1543496,124605.5942848,3570.0,1.5462410751431958e-07,3659.0,BID
696,1712370681.232535,124786.73422105,3570.0,6.603979590382207e-08,3659.0,BID
697,1712370690.652512,124786.73422105,3570.0,0.0,3659.0,BID
698,1712370691.1524718,125066.45450077,3573.0,1.0179454685204353e-07,3659.0,BID
699,1712370709.389188,125786.73422105,3573.0,2.621209581443751e-07,3659.0,BID
700,1712370709.3932557,127276.54536913,3573.0,5.421653763028274e-07,3659.0,BID
701,1712370711.6529057,129217.19061241,3573.0,7.062308937271389e-07,3659.0,BID
702,1712370711.6592443,130526.14800618,3573.0,4.763498909726019e-07,3659.0,BID
703,1712370720.4126065,130526.14800618,3573.0,0.0,3659.0,BID
704,1712370723.7826405,130528.94677472,3579.0,1.01097060715282e-09,3659.0,BID
705,1712370750.4426177,130528.94677472,3579.0,0.0,3659.0,BID
706,1712370762.3977067,130587.96550549,3577.0,2.131865688066576e-08,3659.0,BID
707,1712370780.5926356,130587.96550549,3577.0,0.0,3659.0,BID
708,1712370810.6428795,130587.96550549,3577.0,0.0,3659.0,BID
709,1712370811.212844,130589.59147472,3577.0,5.872853674551913e-10,3659.0,BID
710,1712370827.3733108,130679.20782125,3568.0,-3.2368613151474924e-08,3659.0,ASK
711,1712370827.3802512,133481.8984042,3568.0,-1.0123064683563732e-06,3659.0,ASK
712,1712370827.3852427,134406.23636419,3569.0,-3.3386250395871697e-07,3659.0,ASK
713,1712370827.3883643,134421.37422899,3568.0,-5.467659736455827e-09,3659.0,ASK
714,1712370840.4628496,134421.37422899,3568.0,-0.0,3659.0,ASK
715,1712370841.6029215,134434.26327001,3568.0,-4.632517687553381e-09,3659.0,ASK
716,1712370841.772952,134765.52777001,3568.0,1.190615076114611e-07,3659.0,BID
717,1712370841.782828,134959.74869514,3568.0,6.980595915249651e-08,3659.0,BID
718,1712370860.602741,138209.35133219,3570.0,-1.1679566905157798e-06,3659.0,ASK
719,1712370867.872722,138210.98268434,3575.0,5.863328138811939e-10,3659.0,BID
720,1712370870.4446836,138210.98268434,3575.0,0.0,3659.0,BID
721,1712370893.862631,139210.98268434,3570.0,-3.576761727743424e-07,3659.0,ASK
722,1712370900.6125526,139210.98268434,3570.0,-0.0,3659.0,ASK
723,1712370906.8323555,139213.78380478,3575.0,1.0167877411951176e-09,3659.0,BID
724,1712370907.742581,139237.32392355,3568.0,-8.544903621416954e-09,3659.0,ASK
725,1712370907.7492669,139774.00065752,3570.0,-1.9481001826863845e-07,3659.0,ASK
726,1712370907.7537813,140195.09430782,3567.0,-1.5285414201006808e-07,3659.0,ASK
727,1712370914.232262,140197.89778413,3575.0,1.0176429060556895e-09,3659.0,BID
728,1712370930.622265,140197.89778413,3575.0,0.0,3659.0,BID
729,1712370960.4220445,140197.89778413,3575.0,0.0,3659.0,BID
730,1712370965.992215,140220.23849144,3575.0,8.099170891080416e-09,3659.0,BID
731,1712370990.4023054,140220.23849144,3575.0,0.0,3659.0,BID
732,1712371020.646652,140220.23849144,3575.0,0.0,3659.0,BID
733,1712371026.161882,140244.40236081,3575.0,8.759867727187507e-09,3659.0,BID
734,1712371050.6316032,140244.40236081,3575.0,0.0,3659.0,BID
735,1712371063.1816514,140705.42976692,3567.0,-1.6712607427375738e-07,3659.0,ASK
736,1712371063.1921055,140733.4802578,3565.0,-1.0168524387265816e-08,3659.0,ASK
737,1712371063.1969352,140735.3466778,3568.0,-6.765919843658211e-10,3659.0,ASK
738,1712371063.2018576,141239.69554503,3567.0,-1.828304459289709e-07,3659.0,ASK
739,1712371063.2067122,141478.96191775,3565.0,-8.673594898798075e-08,3659.0,ASK
740,1712371080.3913858,141478.96191775,3565.0,-0.0,3659.0,ASK
741,1712371083.441431,141494.63879179,3565.0,-5.673934017077814e-09,3659.0,ASK
742,1712371083.4513469,141556.78641355,3565.0,-2.2493100619750023e-08,3659.0,ASK
743,1712371084.6113842,141559.59146263,3573.0,1.01523194955558e-09,3659.0,BID
744,1712371088.422096,141637.41595843,3565.0,-2.8167034636838367e-08,3659.0,ASK
745,1712371110.4113626,141637.41595843,3565.0,-0.0,3659.0,ASK
746,1712371140.65915,141637.41595843,3565.0,-0.0,3659.0,ASK
747,1712371146.0113027,141656.2603051,3565.0,-6.818943801141061e-09,3659.0,ASK
748,1712371170.611047,141656.2603051,3565.0,-0.0,3659.0,ASK
749,1712371177.7415297,141678.52264352,3573.0,8.055569502709875e-09,3659.0,BID
750,1712371177.7471693,141826.09226569,3573.0,5.3397685609310346e-08,3659.0,BID
751,1712371200.5209105,141826.09226569,3573.0,0.0,3659.0,BID
752,1712371230.40078,141826.09226569,3573.0,0.0,3659.0,BID
753,1712371241.6309323,142062.72119217,3566.0,-8.560642076573801e-08,3659.0,ASK
754,1712371245.7907252,142190.64638795,3566.0,-4.628013277746258e-08,3659.0,ASK
755,1712371260.630665,142190.64638795,3566.0,-0.0,3659.0,ASK
756,1712371267.530813,142210.33283699,3568.0,-7.118716358075327e-09,3659.0,ASK
757,1712371267.5707395,142210.332837,3568.0,-3.609762042007077e-18,3659.0,ASK
758,1712371286.1308184,142702.1736288,3568.0,1.7785203837614497e-07,3659.0,BID
759,1712371290.6405468,142702.1736288,3568.0,0.0,3659.0,BID
760,1712371320.430607,142702.1736288,3568.0,0.0,3659.0,BID
761,1712371350.441891,142702.1736288,3568.0,0.0,3659.0,BID
762,1712371374.711077,142714.00963904,3568.0,-4.2771364461886575e-09,3659.0,ASK
763,1712371374.7182157,142917.55078064,3568.0,-7.355293020047693e-08,3659.0,ASK
764,1712371380.600436,142917.55078064,3568.0,-0.0,3659.0,ASK
765,1712371387.1606205,142938.4173496,3570.0,7.53838357620075e-09,3659.0,BID
766,1712371410.6403174,142938.4173496,3570.0,0.0,3659.0,BID
767,1712371440.110307,142944.01959049,3569.0,2.023845141103129e-09,3659.0,BID
768,1712371440.4703102,142944.01959049,3569.0,0.0,3659.0,BID
769,1712371454.0201972,143003.03832126,3568.0,-2.1320737735576492e-08,3659.0,ASK
770,1712371470.3902044,143003.03832126,3568.0,-0.0,3659.0,ASK
771,1712371483.9553175,143008.64370156,3569.0,2.0248106142077902e-09,3659.0,BID
772,1712371483.9616067,143063.49091157,3570.0,1.9812253057654734e-08,3659.0,BID
773,1712371484.0305114,143836.38089508,3570.0,2.791881653822944e-07,3659.0,BID
774,1712371484.0528755,143977.87150486,3570.0,5.1110125122734574e-08,3659.0,BID
775,1712371484.1542456,144458.84714415,3570.0,1.7374103584202628e-07,3659.0,BID
776,1712371484.2303245,145108.85207579,3570.0,2.347988565330777e-07,3659.0,BID
777,1712371484.250226,145582.08717625,3570.0,1.7094494987749773e-07,3659.0,BID
778,1712371484.322827,145698.35563653,3570.0,4.199922215317196e-08,3659.0,BID
779,1712371484.339658,146156.20920447,3570.0,1.653887362679954e-07,3659.0,BID
780,1712371484.4321408,146513.17584465,3570.0,1.2894572772431525e-07,3659.0,BID
781,1712371485.820324,146590.91350623,3573.0,2.8080885482649066e-08,3659.0,BID
782,1712371498.7842038,147289.70367154,3569.0,-2.5242136449238576e-07,3659.0,ASK
783,1712371498.787278,147440.07834279,3570.0,-5.431928150445561e-08,3659.0,ASK
784,1712371498.7902143,147649.9716069,3568.0,-7.581896076186136e-08,3659.0,ASK
785,1712371498.793288,148129.2988069,3568.0,-1.7314557626700409e-07,3659.0,ASK
786,1712371498.8703618,148393.54357303,3568.0,9.545215107158085e-08,3659.0,BID
787,1712371500.4303346,148393.54357303,3568.0,0.0,3659.0,BID
788,1712371516.0211298,148686.63497303,3566.0,-1.0697049220419689e-07,3659.0,ASK
789,1712371516.027842,148711.17731614,3566.0,-8.957296332543508e-09,3659.0,ASK
790,1712371516.0330946,148732.23010044,3566.0,-7.683701053118394e-09,3659.0,ASK
791,1712371516.038024,148760.28846183,3564.0,-1.024054860815051e-08,3659.0,ASK
792,1712371516.0410595,149210.63088643,3566.0,-1.6436289437320016e-07,3659.0,ASK
793,1712371516.0440955,149575.28726791,3565.0,-1.330897890975822e-07,3659.0,ASK
794,1712371516.0471914,149580.34754011,3566.0,-1.8468634969215382e-09,3659.0,ASK
795,1712371516.0503058,149608.39803099,3565.0,-1.0237676083309174e-08,3659.0,ASK
796,1712371516.053746,149611.99193099,3560.0,-1.3116770124726247e-09,3659.0,ASK
797,1712371516.0568137,149613.40820424,3563.0,-5.169017127294636e-10,3659.0,ASK
798,1712371516.0599034,149615.40820424,3565.0,-7.29946304833203e-10,3659.0,ASK
799,1712371516.0630193,150442.58439806,3560.0,-3.0189710306244845e-07,3659.0,ASK
800,1712371516.0661128,150444.58439806,3558.0,-7.29946304833203e-10,3659.0,ASK
801,1712371516.0692608,151094.37582715,3559.0,-2.3715642628827418e-07,3659.0,ASK
802,1712371516.072357,152436.18749495,3561.0,-4.89725234346336e-07,3659.0,ASK
803,1712371516.0755117,152467.27738259,3560.0,-1.134697430024962e-08,3659.0,ASK
804,1712371516.0786393,152468.69365584,3559.0,-5.16901712740085e-10,3659.0,ASK
805,1712371516.0817647,155062.52667678,3558.0,-9.466794144947436e-07,3659.0,ASK
806,1712371530.4124448,155062.52667678,3558.0,-0.0,3659.0,ASK
807,1712371532.7903888,155634.15200553,3567.0,2.0683548299495202e-07,3659.0,BID
808,1712371532.7959569,155784.52667678,3566.0,5.441119592481108e-08,3659.0,BID
809,1712371560.4359045,155784.52667678,3566.0,0.0,3659.0,BID
810,1712371590.4104016,155784.52667678,3566.0,0.0,3659.0,BID
811,1712371603.0406606,160650.87971372,3568.0,1.7591898083832313e-06,3659.0,BID
812,1712371603.0480666,162874.89318844,3567.0,8.039823269572299e-07,3659.0,BID
813,1712371603.3803613,163000.89318844,3573.0,4.554908247998113e-08,3659.0,BID
814,1712371620.6105597,163000.89318844,3573.0,0.0,3659.0,BID
815,1712371650.620222,163000.89318844,3573.0,0.0,3659.0,BID
816,1712371667.120524,163019.20808195,3573.0,-6.559791773473141e-09,3659.0,ASK
817,1712371667.127954,163169.5827532,3574.0,-5.3859255630751056e-08,3659.0,ASK
818,1712371671.8313923,163227.29403455,3573.0,2.067028063416493e-08,3659.0,BID
819,1712371672.0207288,163739.9129146,3573.0,1.836032030677643e-07,3659.0,BID
820,1712371680.4385817,163739.9129146,3573.0,0.0,3659.0,BID
821,1712371704.5839283,163742.71560518,3580.0,1.0028829504241851e-09,3659.0,BID
822,1712371710.4201424,163742.71560518,3580.0,0.0,3659.0,BID
823,1712371740.5365846,163742.71560518,3580.0,0.0,3659.0,BID
824,1712371770.4383316,163742.71560518,3580.0,0.0,3659.0,BID
825,1712371800.486152,163742.71560518,3580.0,0.0,3659.0,BID
826,1712371817.968306,163743.5068146,3580.0,2.8577046155969316e-10,3659.0,BID
827,1712371830.395842,163743.5068146,3580.0,0.0,3659.0,BID
828,1712371860.6100612,163743.5068146,3580.0,0.0,3659.0,BID
829,1712371871.030187,164173.5757077,3585.0,1.553329083861993e-07,3659.0,BID
830,1712371871.0350275,164802.9811085,3585.0,2.2732955819131655e-07,3659.0,BID
831,1712371876.2501397,164805.77050877,3597.0,1.007479646959415e-09,3659.0,BID
832,1712371890.6125526,164805.77050877,3597.0,0.0,3659.0,BID
833,1712371920.4222434,164805.77050877,3597.0,0.0,3659.0,BID
834,1712371950.449943,164805.77050877,3597.0,0.0,3659.0,BID
835,1712371980.6300523,164805.77050877,3597.0,0.0,3659.0,BID
836,1712372010.610042,164805.77050877,3597.0,0.0,3659.0,BID
837,1712372035.5300827,164808.55060329,3593.0,1.0027393459202211e-09,3659.0,BID
838,1712372040.4202414,164808.55060329,3593.0,0.0,3659.0,BID
839,1712372047.6826577,168279.64666654,3581.0,-1.2519689640073289e-06,3659.0,ASK
840,1712372047.7801588,169495.76973854,3581.0,4.386361871908738e-07,3659.0,BID
841,1712372047.786592,169495.76973882,3581.0,1.0099440068015231e-16,3659.0,BID
842,1712372055.8236594,169497.82769141,3580.0,-7.4227066180955e-10,3659.0,ASK
843,1712372056.9001892,169498.38815698,3580.0,2.0215098812244447e-10,3659.0,BID
844,1712372056.9068167,169500.61088094,3590.0,8.017010658119588e-10,3659.0,BID
845,1712372070.4103074,169500.61088094,3590.0,0.0,3659.0,BID
846,1712372100.6141706,169500.61088094,3590.0,0.0,3659.0,BID
847,1712372130.600145,169500.61088094,3590.0,0.0,3659.0,BID
848,1712372160.4323542,169500.61088094,3590.0,0.0,3659.0,BID
849,1712372187.130113,169508.9674269,3588.0,3.022825305015606e-09,3659.0,BID
850,1712372190.4373994,169508.9674269,3588.0,0.0,3659.0,BID
851,1712372202.8501856,169643.19333343,3588.0,4.855320226884231e-08,3659.0,BID
852,1712372202.8557775,169645.54990978,3588.0,8.524384833089345e-10,3659.0,BID
853,1712372202.910143,169703.26119113,3588.0,-2.0875757810240152e-08,3659.0,ASK
854,1712372202.9407902,169932.75664711,3588.0,-8.301481868916098e-08,3659.0,ASK
855,1712372220.630029,169932.75664711,3588.0,-0.0,3659.0,ASK
856,1712372224.940085,170083.13131835,3581.0,-5.43647525630353e-08,3659.0,ASK
857,1712372250.62011,170083.13131835,3581.0,-0.0,3659.0,ASK
858,1712372264.38024,170111.05647891,3581.0,1.0093780664697696e-08,3659.0,BID
859,1712372266.1002283,170148.69302891,3581.0,1.3604042843715732e-08,3659.0,BID
860,1712372275.640437,170148.69302984,3581.0,3.361608693504014e-16,3659.0,BID
861,1712372275.6489236,170235.05195091,3581.0,3.1215147567284913e-08,3659.0,BID
862,1712372279.0405617,170514.85049595,3574.0,-1.0113550243935073e-07,3659.0,ASK
863,1712372279.0478926,170516.25150266,3576.0,-5.064054836857294e-10,3659.0,ASK
1064,1712372279.0536292,170519.0518387,3571.0,-1.0122046644820721e-09,3659.0,ASK
864,1712372279.0536292,170519.0518387,3571.0,-1.012204664482072e-09,3659.0,ASK
865,1712372279.057339,170630.90866196,3576.0,-4.043157558255115e-08,3659.0,ASK
866,1712372279.0610895,170632.31045267,3574.0,-5.06688866982997e-10,3659.0,ASK
867,1712372279.0648456,170666.6079046,3567.0,-1.2397098179458849e-08,3659.0,ASK
868,1712372280.4400885,170666.6079046,3567.0,-0.0,3659.0,ASK
869,1712372310.4099836,170666.6079046,3567.0,-0.0,3659.0,ASK
870,1712372337.860287,170669.41138091,3580.0,1.0125761151178958e-09,3659.0,BID
871,1712372340.4618614,170669.41138091,3580.0,0.0,3659.0,BID
872,1712372359.1802585,170669.411381,3581.0,3.251316782829029e-17,3659.0,BID
873,1712372362.7827773,170672.20467708,3591.0,1.008895502314167e-09,3659.0,BID
874,1712372363.4208648,170674.32559579,3581.0,-7.660431569019002e-10,3659.0,ASK
875,1712372367.6003284,170677.11811184,3591.0,1.008613767505176e-09,3659.0,BID
876,1712372370.4119012,170677.11811184,3591.0,0.0,3659.0,BID
877,1712372378.1089628,170821.90698095,3591.0,5.229498615070207e-08,3659.0,BID
878,1712372378.1124666,171159.78220499,3591.0,1.2203410573235734e-07,3659.0,BID
879,1712372378.2269578,171243.69110499,3591.0,-3.0306299029700264e-08,3659.0,ASK
880,1712372378.2314754,171702.27768827,3591.0,-1.6563275318703513e-07,3659.0,ASK
881,1712372378.240182,172347.12688356,3591.0,-2.329072665894217e-07,3659.0,ASK
882,1712372400.540125,172347.12688356,3591.0,-0.0,3659.0,ASK
883,1712372416.8303847,172497.5015648,3582.0,-5.447700084744744e-08,3659.0,ASK
884,1712372416.9501927,172553.0985028,3582.0,2.01413855947436e-08,3659.0,BID
885,1712372416.9700751,172553.09850327,3582.0,1.702684790566146e-16,3659.0,BID
886,1712372430.5379615,172553.09850327,3582.0,0.0,3659.0,BID
887,1712372460.3257391,172553.64105309,3580.0,-1.9649976260384203e-10,3659.0,ASK
888,1712372460.3292918,172555.96725113,3581.0,-8.42498413605264e-10,3659.0,ASK
889,1712372460.3327198,172560.11535065,3581.0,-1.5023515646442703e-09,3659.0,ASK
890,1712372460.6301458,172560.11535065,3581.0,-0.0,3659.0,ASK
891,1712372466.0301237,172582.18152746,3590.0,7.991817315618174e-09,3659.0,BID
892,1712372490.6201763,172582.18152746,3590.0,0.0,3659.0,BID
893,1712372520.4464073,172582.18152746,3590.0,0.0,3659.0,BID
894,1712372550.4205637,172582.18152746,3590.0,0.0,3659.0,BID
895,1712372580.6101663,172582.18152746,3590.0,0.0,3659.0,BID
896,1712372610.6367064,172582.18152746,3590.0,0.0,3659.0,BID
897,1712372640.4516628,172582.18152746,3590.0,0.0,3659.0,BID
898,1712372670.5125685,172582.18152746,3590.0,0.0,3659.0,BID
899,1712372684.1194258,172710.72749124,3589.0,4.65547971698245e-08,3659.0,BID
900,1712372684.1229956,172860.72749124,3589.0,5.4324689551711094e-08,3659.0,BID
1100,1712372684.1229956,172860.72749124,3589.0,5.432468955171109e-08,3659.0,BID
901,1712372685.6858065,172879.7527224,3589.0,6.890265176117424e-09,3659.0,BID
902,1712372685.6919036,173008.06122683,3590.0,4.646879780002553e-08,3659.0,BID
903,1712372685.7402942,173136.40673915,3590.0,-4.648220074759413e-08,3659.0,ASK
1103,1712372685.7402942,173136.40673915,3590.0,-4.6482200747594134e-08,3659.0,ASK
904,1712372700.6302593,173136.40673915,3590.0,-0.0,3659.0,ASK
905,1712372721.136161,173140.62601915,3583.0,-1.529399172130051e-09,3659.0,ASK
906,1712372730.6002858,173140.62601915,3583.0,-0.0,3659.0,ASK
907,1712372760.44766,173140.62601915,3583.0,-0.0,3659.0,ASK
908,1712372790.4096065,173140.62601915,3583.0,-0.0,3659.0,ASK
909,1712372797.6551807,173172.11999477,3583.0,-1.1415833103122704e-08,3659.0,ASK
910,1712372820.620407,173172.11999477,3583.0,-0.0,3659.0,ASK
911,1712372850.6405263,173172.11999477,3583.0,-0.0,3659.0,ASK
912,1712372880.4085455,173172.11999477,3583.0,-0.0,3659.0,ASK
913,1712372888.0100904,173173.66614451,3585.0,-5.60420369468894e-10,3659.0,ASK
914,1712372910.490415,173173.66614451,3585.0,-0.0,3659.0,ASK
915,1712372912.8052497,173175.57497135,3591.0,6.918756094708499e-10,3659.0,BID
916,1712372912.8089268,173181.94820035,3593.0,2.310048039077121e-09,3659.0,BID
917,1712372912.812381,173183.66614451,3591.0,6.226880499816379e-10,3659.0,BID
918,1712372924.2602234,173186.45088413,3593.0,1.0093599803989403e-09,3659.0,BID
919,1712372940.611588,173186.45088413,3593.0,0.0,3659.0,BID
920,1712372970.598392,173186.45088413,3593.0,0.0,3659.0,BID
921,1712372984.2180395,173189.23407366,3593.0,1.0087813395464435e-09,3659.0,BID
922,1712373000.4677615,173189.23407366,3593.0,0.0,3659.0,BID
923,1712373015.4322305,173950.0742709,3593.0,2.76574811306595e-07,3659.0,BID
924,1712373015.435942,174386.28432489,3592.0,1.585677436733417e-07,3659.0,BID
925,1712373015.547724,174423.54373025,3597.0,1.3544254160362708e-08,3659.0,BID
926,1712373015.555198,174556.65954043,3599.0,4.838924154639961e-08,3659.0,BID
927,1712373015.560333,174559.56889394,3599.0,1.057585943769011e-09,3659.0,BID
928,1712373015.563775,174563.16279394,3600.0,1.306427049930364e-09,3659.0,BID
1128,1712373015.563775,174563.16279394,3600.0,1.3064270499303641e-09,3659.0,BID
929,1712373015.5672472,174683.16279343,3600.0,4.362148232458956e-08,3659.0,BID
930,1712373015.5707247,174766.96167611,3600.0,3.0461929126503966e-08,3659.0,BID
931,1712373015.574214,174794.28228774,3599.0,9.931379853170635e-09,3659.0,BID
932,1712373015.5777633,175252.52023117,3600.0,1.6657515362282374e-07,3659.0,BID
933,1712373015.627426,175391.09994856,3600.0,5.037543931971309e-08,3659.0,BID
934,1712373015.6347942,175530.07322107,3600.0,5.051850146790514e-08,3659.0,BID
935,1712373015.7073834,175542.65293846,3603.0,4.572882684238371e-09,3659.0,BID
936,1712373015.714862,175668.65293846,3603.0,4.5802556635474723e-08,3659.0,BID
937,1712373030.4286892,175668.65293846,3603.0,0.0,3659.0,BID
938,1712373035.1068134,175680.65293846,3614.0,4.3480545046522105e-09,3659.0,BID
1138,1712373035.1068134,175680.65293846,3614.0,4.34805450465221e-09,3659.0,BID
939,1712373060.5964,175680.65293846,3614.0,0.0,3659.0,BID
940,1712373090.6118855,175680.65293846,3614.0,0.0,3659.0,BID
941,1712373120.4239736,175680.65293846,3614.0,0.0,3659.0,BID
942,1712373130.415418,175684.13177539,3614.0,1.2604945747925961e-09,3659.0,BID
1142,1712373130.415418,175684.13177539,3614.0,1.260494574792596e-09,3659.0,BID
943,1712373130.4227026,176631.6453944,3614.0,3.433146768111242e-07,3659.0,BID
944,1712373130.4286275,176692.1870944,3614.0,2.193620624768824e-08,3659.0,BID
945,1712373130.535483,176780.6555944,3614.0,-3.2054984620913094e-08,3659.0,ASK
946,1712373130.5552084,176840.9451944,3614.0,-2.184486230466525e-08,3659.0,ASK
947,1712373130.6152384,176931.6591944,3614.0,-3.2868601535022925e-08,3659.0,ASK
948,1712373130.6351273,176993.4790944,3614.0,-2.2399339242397814e-08,3659.0,ASK
949,1712373137.12506,177004.04522751,3615.0,3.828450062377532e-09,3659.0,BID
950,1712373137.1297486,177005.4790944,3615.0,5.195361185895041e-10,3659.0,BID
951,1712373139.5314724,177060.80412897,3615.0,2.0046040480982328e-08,3659.0,BID
952,1712373150.4351313,177060.80412897,3615.0,0.0,3659.0,BID
953,1712373155.2849753,177152.94402897,3615.0,3.3325023048399204e-08,3659.0,BID
954,1712373155.2917569,177201.60191596,3615.0,1.7598512755363138e-08,3659.0,BID
955,1712373180.594635,177201.60191596,3615.0,0.0,3659.0,BID
956,1712373183.1891918,177242.96176129,3615.0,1.495621455018083e-08,3659.0,BID
957,1712373183.1942198,177255.32806129,3615.0,4.47180192566213e-09,3659.0,BID
958,1712373183.1978464,177283.19508515,3619.0,1.0077048992796948e-08,3659.0,BID
959,1712373183.2032409,177347.94548515,3615.0,2.3414518765322964e-08,3659.0,BID
960,1712373183.3246465,177446.80008515,3619.0,-3.574700521908153e-08,3659.0,ASK
961,1712373183.3443332,177461.23688515,3619.0,-5.22051947958651e-09,3659.0,ASK
962,1712373183.3482842,177527.04378515,3619.0,-2.3796561796331524e-08,3659.0,ASK
963,1712373183.364469,177535.73628515,3619.0,-3.1433119234416957e-09,3659.0,ASK
964,1712373183.4043872,177609.5108687,3619.0,-2.667777142588692e-08,3659.0,ASK
965,1712373210.5951314,177609.5108687,3619.0,-0.0,3659.0,ASK
966,1712373219.629725,177615.0372572,3617.0,1.9973422741226864e-09,3659.0,BID
967,1712373240.3888042,177615.0372572,3617.0,0.0,3659.0,BID
968,1712373261.9832358,179468.78183461,3614.0,-6.699738285382443e-07,3659.0,ASK
969,1712373262.069425,179612.67540424,3614.0,-5.2005506541646194e-08,3659.0,ASK
970,1712373270.4283872,179612.67540424,3614.0,-0.0,3659.0,ASK
971,1712373271.933347,179615.44242139,3617.0,9.974430198074227e-10,3659.0,BID
972,1712373276.6331418,179617.22738939,3616.0,6.434379606819453e-10,3659.0,BID
973,1712373276.642526,179618.20943854,3617.0,3.540050591254775e-10,3659.0,BID
974,1712373292.1328256,179629.26832712,3615.0,-3.9864629031673966e-09,3659.0,ASK
975,1712373300.4366848,179629.26832712,3615.0,-0.0,3659.0,ASK
976,1712373301.9929018,179721.05364644,3615.0,3.3303877143583925e-08,3659.0,BID
977,1712373330.4125607,179721.05364644,3615.0,0.0,3659.0,BID
978,1712373360.5826952,179721.05364644,3615.0,0.0,3659.0,BID
979,1712373376.6319044,179871.42832768,3601.0,-5.455618699440265e-08,3659.0,ASK
980,1712373376.7520242,179997.54443996,3601.0,4.5755137419530624e-08,3659.0,BID
981,1712373376.7600863,180210.72342441,3601.0,7.734169371483947e-08,3659.0,BID
982,1712373382.2518735,180213.48967613,3612.0,1.003600771519992e-09,3659.0,BID
983,1712373390.6216202,180213.48967613,3612.0,0.0,3659.0,BID
984,1712373420.4259412,180213.48967613,3612.0,0.0,3659.0,BID
985,1712373450.5344722,180213.48967613,3612.0,0.0,3659.0,BID
986,1712373480.460697,180213.48967613,3612.0,0.0,3659.0,BID
987,1712373493.5607374,180216.25822541,3610.0,1.0037885392591491e-09,3659.0,BID
988,1712373510.4114256,180216.25822541,3610.0,0.0,3659.0,BID
989,1712373528.0305605,180560.706463,3609.0,1.2488560086840494e-07,3659.0,BID
990,1712373528.0370567,180708.31489251,3610.0,5.3517961193752944e-08,3659.0,BID
991,1712373534.190488,180709.70477921,3613.0,5.039271992865414e-10,3659.0,BID
992,1712373536.960308,180712.47332849,3613.0,1.003784901867262e-09,3659.0,BID
993,1712373539.39033,180735.9774098,3613.0,8.521806753298762e-09,3659.0,BID
994,1712373539.5502346,180951.0118558,3615.0,7.796441690051803e-08,3659.0,BID
995,1712373540.6401584,180951.0118558,3615.0,0.0,3659.0,BID
996,1712373547.9301643,180951.01185635,3615.0,1.9922177768142096e-16,3659.0,BID
997,1712373549.6322453,180953.80827693,3618.0,1.012915703695186e-09,3659.0,BID
998,1712373549.6425662,180956.5443598,3618.0,9.910602594745139e-10,3659.0,BID
999,1712373553.3303916,180959.31061097,3615.0,-1.0019877805498567e-09,3659.0,ASK
1000,1712373553.338612,181014.63564554,3615.0,-2.0039759657060933e-08,3659.0,ASK
1201,1712373563.5502448,181016.02630078,3617.0,5.037212717954435e-10,3659.0,BID
1202,1712373563.553321,181017.40189726,3617.0,4.982667079761911e-10,3659.0,BID
1203,1712373568.7499945,181017.41695602,3617.0,5.454563808710362e-12,3659.0,BID
1204,1712373568.8300076,181020.16814898,3617.0,-9.96533415973466e-10,3659.0,ASK
1205,1712373570.5900495,181020.16814898,3617.0,-0.0,3659.0,ASK
1206,1712373571.86003,181022.25733308,3617.0,7.56672928684251e-10,3659.0,BID
1207,1712373600.4596508,181022.25733308,3617.0,0.0,3659.0,BID
1208,1712373608.1426864,181240.44510986,3611.0,-7.928109319888696e-08,3659.0,ASK
1209,1712373611.585241,181241.83384536,3617.0,5.046133666520317e-10,3659.0,BID
1210,1712373612.719918,181280.45386748,3616.0,-1.4033038964079085e-08,3659.0,ASK
1211,1712373616.675074,181281.84221967,3617.0,5.044740864615535e-10,3659.0,BID
1212,1712373630.4240117,181281.84221967,3617.0,0.0,3659.0,BID
1213,1712373660.5993483,181281.84221967,3617.0,0.0,3659.0,BID
1214,1712373690.5891323,181281.84221967,3617.0,0.0,3659.0,BID
1215,1712373720.4572692,181281.84221967,3617.0,0.0,3659.0,BID
1216,1712373750.4095402,181281.84221967,3617.0,0.0,3659.0,BID
1217,1712373780.3531156,181283.2340293,3614.0,5.05558155693721e-10,3659.0,BID
1218,1712373780.3546002,181558.31443421,3615.0,9.991965796091257e-08,3659.0,BID
1219,1712373780.5884206,181558.31443421,3615.0,0.0,3659.0,BID
1220,1712373807.4193218,181559.70624384,3614.0,5.053746861603073e-10,3659.0,BID
1221,1712373807.4220238,181561.09805347,3614.0,5.053746861708755e-10,3659.0,BID
1222,1712373807.4265597,182052.92024333,3615.0,1.7858367947322368e-07,3659.0,BID
1223,1712373810.6007018,182052.92024333,3615.0,0.0,3659.0,BID
1224,1712373840.4082756,182052.92024333,3615.0,0.0,3659.0,BID
1225,1712373843.5924644,182056.11532628,3610.0,-1.1594016617825727e-09,3659.0,ASK
1226,1712373861.518155,182057.50329537,3615.0,5.036531741501561e-10,3659.0,BID
1227,1712373870.4078743,182057.50329537,3615.0,0.0,3659.0,BID
1228,1712373900.587796,182057.50329537,3615.0,0.0,3659.0,BID
1229,1712373930.6081653,182057.50329537,3615.0,0.0,3659.0,BID
1230,1712373937.3002818,182299.28333453,3615.0,8.842001907343795e-08,3659.0,BID
1231,1712373937.3024929,182316.19297851,3615.0,6.183930850667677e-09,3659.0,BID
1232,1712373944.163036,182317.58056471,3616.0,5.074463495670621e-10,3659.0,BID
1233,1712373960.454266,182317.58056471,3616.0,0.0,3659.0,BID
1234,1712373962.6421945,182339.70445851,3616.0,8.088023952242081e-09,3659.0,BID
1235,1712373990.3904595,182339.70445851,3616.0,0.0,3659.0,BID
1236,1712374020.6036184,182339.70445851,3616.0,0.0,3659.0,BID
1237,1712374049.0476,182341.09549834,3616.0,5.085196363567513e-10,3659.0,BID
1238,1712374049.0504005,182352.02907343,3616.0,3.996965082497273e-09,3659.0,BID
1239,1712374050.617488,182352.02907343,3616.0,0.0,3659.0,BID
1240,1712374055.36771,182353.41665963,3617.0,5.072488357643833e-10,3659.0,BID
1241,1712374080.4173648,182353.41665963,3617.0,0.0,3659.0,BID
1242,1712374097.1076984,182353.41972867,3617.0,1.1219224571018609e-12,3659.0,BID
1243,1712374097.1106005,183322.54147136,3617.0,3.542734669555095e-07,3659.0,BID
1244,1712374097.113132,183323.93174223,3618.0,5.082293167384248e-10,3659.0,BID
1245,1712374097.1154797,183876.80909337,3619.0,2.0211059907279529e-07,3659.0,BID
1246,1712374097.1177063,183878.19974861,3617.0,5.08369827564096e-10,3659.0,BID
1247,1712374097.119964,183879.59001948,3618.0,5.082293167384248e-10,3659.0,BID
1248,1712374102.1073508,183880.97722301,3619.0,5.07108015740375e-10,3659.0,BID
1249,1712374106.2673736,183897.4203215,3619.0,6.010961526223797e-09,3659.0,BID
1250,1712374106.270283,183898.81020821,3619.0,5.0808888268548e-10,3659.0,BID
1251,1712374110.429316,183900.19588314,3620.0,5.065492186388157e-10,3659.0,BID
1252,1712374110.4307115,183900.19588314,3620.0,0.0,3659.0,BID
1253,1712374126.98742,183901.58538591,3620.0,5.06912504605813e-10,3659.0,BID
1254,1712374126.9903767,183931.41792036,3620.0,1.0883378632432536e-08,3659.0,BID
1255,1712374127.094575,183931.41792038,3620.0,7.294247186420669e-18,3659.0,BID
1256,1712374127.0965118,183932.80703941,3621.0,5.067725102073158e-10,3659.0,BID
1257,1712374127.3672884,183934.19577492,3622.0,5.066325960667723e-10,3659.0,BID
1258,1712374127.3771482,184037.66287441,3622.0,3.774642820364016e-08,3659.0,BID
1259,1712374136.5773776,184037.66287492,3622.0,1.8606169970136216e-16,3659.0,BID
1260,1712374136.5804768,184039.0474051,3623.0,5.050984254154905e-10,3659.0,BID
1261,1712374139.1472106,184040.43899986,3623.0,5.076756955201403e-10,3659.0,BID
1262,1712374139.1496444,184040.44282188,3623.0,1.394333116259627e-12,3659.0,BID
1263,1712374139.2072678,184105.16102188,3623.0,-2.3610219111295323e-08,3659.0,ASK
1264,1712374139.2318866,184128.61873867,3623.0,-8.557744703384172e-09,3659.0,ASK
1265,1712374139.2397995,184149.26532188,3625.0,-7.532198878952847e-09,3659.0,ASK
1266,1712374139.2411904,184150.65290809,3625.0,-5.06213313320742e-10,3659.0,ASK
1267,1712374139.242549,184152.04087719,3625.0,-5.06352997623485e-10,3659.0,ASK
1268,1712374139.4270809,184222.55087719,3626.0,2.572315901148192e-08,3659.0,BID
1269,1712374139.42879,184271.98928073,3626.0,1.803590860209309e-08,3659.0,BID
1270,1712374140.6170456,184271.98928073,3626.0,0.0,3659.0,BID
1271,1712374144.7272034,184287.8764454,3623.0,-5.7930302198037534e-09,3659.0,ASK
1272,1712374146.2382894,189640.96427337,3623.0,-1.9519278739034573e-06,3659.0,ASK
1273,1712374147.149806,189643.71606203,3630.0,1.0034008708957467e-09,3659.0,BID
1274,1712374148.9472516,189646.47088296,3630.0,1.0045065453274575e-09,3659.0,BID
1275,1712374156.4571364,189649.22570389,3630.0,1.004506545316845e-09,3659.0,BID
1276,1712374170.607133,189649.22570389,3630.0,0.0,3659.0,BID
1277,1712374193.207096,189652.58234724,3619.0,-1.2153192573649458e-09,3659.0,ASK
1278,1712374197.3870902,189771.54134724,3625.0,4.3070755055489407e-08,3659.0,BID
1279,1712374197.3903267,189790.32339407,3625.0,6.800300426661606e-09,3659.0,BID
1280,1712374200.4942696,189790.32339407,3625.0,0.0,3659.0,BID
1281,1712374206.3071198,189852.60964724,3625.0,2.2701200783867944e-08,3659.0,BID
1282,1712374206.310155,189853.99723307,3625.0,5.057273945463763e-10,3659.0,BID
1283,1712374216.8768077,189853.99723345,3625.0,1.3850012937525215e-16,3659.0,BID
1284,1712374216.8867812,189855.38176376,3626.0,5.046137624103035e-10,3659.0,BID
1285,1712374230.409006,189855.38176376,3626.0,0.0,3659.0,BID
1286,1712374260.6064134,189855.38176376,3626.0,0.0,3659.0,BID
1287,1712374281.7389305,190212.41553341,3619.0,-1.3011536682095458e-07,3659.0,ASK
1288,1712374290.6210024,190212.41553341,3619.0,-0.0,3659.0,ASK
1289,1712374296.5164835,190213.79778128,3626.0,5.03501500055311e-10,3659.0,BID
1290,1712374299.446552,190222.0554196,3619.0,-3.007950579092868e-09,3659.0,ASK
1291,1712374304.0667474,190223.43766747,3626.0,5.03501500055311e-10,3659.0,BID
1292,1712374320.4400887,190223.43766747,3626.0,0.0,3659.0,BID
1293,1712374350.4059112,190223.43766747,3626.0,0.0,3659.0,BID
1294,1712374380.5958488,190223.43766747,3626.0,0.0,3659.0,BID
1295,1712374410.6557772,190223.43766747,3626.0,0.0,3659.0,BID
1296,1712374440.470616,190223.43766747,3626.0,0.0,3659.0,BID
1297,1712374470.417581,190223.43766747,3626.0,0.0,3659.0,BID
1298,1712374492.6256394,190489.67248235,3626.0,9.697803331427265e-08,3659.0,BID
1299,1712374492.6330612,190503.43766747,3626.0,5.0140721894141744e-09,3659.0,BID
1300,1712374500.605536,190503.43766747,3626.0,0.0,3659.0,BID
1301,1712374530.6252356,190503.43766747,3626.0,0.0,3659.0,BID
1302,1712374560.440158,190503.43766747,3626.0,0.0,3659.0,BID
1303,1712374590.4251273,190503.43766747,3626.0,0.0,3659.0,BID
1304,1712374620.605162,190503.43766747,3626.0,0.0,3659.0,BID
1305,1712374650.6350052,190503.43766747,3626.0,0.0,3659.0,BID
1306,1712374680.4385712,190503.43766747,3626.0,0.0,3659.0,BID
1307,1712374692.1551774,190527.43766747,3620.0,-8.765944254264457e-09,3659.0,ASK
1308,1712374710.4106965,190527.43766747,3620.0,-0.0,3659.0,ASK
1309,1712374740.4726088,190527.43766747,3620.0,-0.0,3659.0,ASK
1310,1712374748.8248675,190551.43766747,3619.0,-8.765666095852397e-09,3659.0,ASK
1311,1712374755.5648422,190552.82143638,3626.0,5.054023424600701e-10,3659.0,BID
1312,1712374767.282992,190565.29830471,3619.0,-4.557002570947931e-09,3659.0,ASK
1313,1712374767.2856903,190648.52059144,3612.0,-3.039578238368108e-08,3659.0,ASK
1314,1712374767.2872214,190650.02341014,3616.0,-5.488836219550362e-10,3659.0,ASK
1315,1712374767.2889092,190654.17278773,3615.0,-1.5155024358099947e-09,3659.0,ASK
1316,1712374770.4647443,190654.17278773,3615.0,-0.0,3659.0,ASK
1317,1712374778.08471,190655.5550356,3626.0,5.047623569140502e-10,3659.0,BID
1318,1712374800.4654849,190655.5550356,3626.0,0.0,3659.0,BID
1319,1712374830.4401417,190655.5550356,3626.0,0.0,3659.0,BID
1320,1712374860.594755,190751.15023236,3617.0,-3.524092831971009e-08,3659.0,ASK
1321,1712374860.5969286,190751.15023236,3617.0,-0.0,3659.0,ASK
1322,1712374877.8847306,190752.53362069,3626.0,5.09982620759726e-10,3659.0,BID
1323,1712374888.9251995,190805.87192069,3626.0,1.9663029845678083e-08,3659.0,BID
1324,1712374888.928826,190842.22092069,3626.0,1.3399967225432082e-08,3659.0,BID
1325,1712374888.9323244,190842.32350617,3630.0,3.781787862485801e-11,3659.0,BID
1326,1712374888.935876,191400.66781869,3626.0,2.0583222339753453e-07,3659.0,BID
1327,1712374888.9403515,191402.05502223,3626.0,5.11389088304769e-10,3659.0,BID
1328,1712374888.9421017,191639.36344181,3630.0,8.748315069719748e-08,3659.0,BID
1329,1712374888.9436796,191675.71244181,3626.0,1.3399967225432082e-08,3659.0,BID
1330,1712374888.94527,191799.71244181,3629.0,4.5712287434431553e-08,3659.0,BID
1331,1712374888.946838,191853.05074181,3626.0,1.9663029845678083e-08,3659.0,BID
1332,1712374888.9508717,191854.43527251,3633.0,5.10403752577238e-10,3659.0,BID
1333,1712374888.952503,191937.29172196,3631.0,3.054482123431954e-08,3659.0,BID
1334,1712374888.954108,192061.29172196,3633.0,4.5712287434431553e-08,3659.0,BID
1335,1712374888.9557185,192061.29172197,3634.0,3.680065431495506e-18,3659.0,BID
1336,1712374888.9573505,192062.67739691,3630.0,5.108255737793689e-10,3659.0,BID
1337,1712374888.9589753,192064.06269022,3631.0,5.106848868306107e-10,3659.0,BID
1338,1712374888.960629,192065.48934571,3633.0,5.259329502357073e-10,3659.0,BID
1339,1712374888.9622562,192150.3488579,3634.0,3.128324526431923e-08,3659.0,BID
1340,1712374888.9639187,192151.73491467,3629.0,5.109663344367264e-10,3659.0,BID
1341,1712374888.9656177,192153.11906437,3634.0,5.102632978910353e-10,3659.0,BID
1342,1712374890.6047854,192153.11906437,3634.0,0.0,3659.0,BID
1343,1712374892.7249367,192210.44432578,3634.0,2.1090574437025345e-08,3659.0,BID
1344,1712374920.4006531,192210.44432578,3634.0,0.0,3659.0,BID
1345,1712374950.417463,192210.44432578,3634.0,0.0,3659.0,BID
1346,1712374980.585992,192210.44432578,3634.0,0.0,3659.0,BID
1347,1712375010.608466,192210.44432578,3634.0,0.0,3659.0,BID
1348,1712375040.403556,192210.44432578,3634.0,0.0,3659.0,BID
1349,1712375070.42089,192210.44432578,3634.0,0.0,3659.0,BID
1350,1712375100.450844,192210.44432578,3634.0,0.0,3659.0,BID
1351,1712375130.4047475,192210.44432578,3634.0,0.0,3659.0,BID
1352,1712375160.5801415,192210.44432578,3634.0,0.0,3659.0,BID
1353,1712375190.645183,192210.44432578,3634.0,0.0,3659.0,BID
1354,1712375220.5315003,192210.44432578,3634.0,0.0,3659.0,BID
1355,1712375235.2619154,192251.98772578,3632.0,1.5313821061068885e-08,3659.0,BID
1356,1712375235.2656288,192502.60807317,3632.0,9.238423321620257e-08,3659.0,BID
1357,1712375235.269221,192540.55676853,3634.0,1.3988732993541362e-08,3659.0,BID
1358,1712375235.2719643,192573.40036853,3632.0,1.210688131933638e-08,3659.0,BID
1359,1712375235.2735598,192574.78489923,3633.0,5.103688045069069e-10,3659.0,BID
1360,1712375235.2751698,192577.55472303,3632.0,1.0210186466234302e-09,3659.0,BID
1361,1712375235.2767766,192634.88330967,3633.0,2.113259187954701e-08,3659.0,BID
1362,1712375241.2916837,192636.2651778,3634.0,5.093873220023167e-10,3659.0,BID
1363,1712375250.4015572,192636.2651778,3634.0,0.0,3659.0,BID
1364,1712375280.5919523,192636.2651778,3634.0,0.0,3659.0,BID
1365,1712375307.3223877,192639.01696646,3634.0,1.0137924742032e-09,3659.0,BID
1366,1712375310.602298,192639.01696646,3634.0,0.0,3659.0,BID
1367,1712375340.4428806,192639.01696646,3634.0,0.0,3659.0,BID
1368,1712375347.1429863,192640.39845506,3633.0,5.08955359278879e-10,3659.0,BID
1369,1712375369.3483193,192708.86028196,3622.0,-2.5222078348709092e-08,3659.0,ASK
1370,1712375369.4232664,192740.39845506,3622.0,-1.161900447187272e-08,3659.0,ASK
1371,1712375369.4268873,192822.3113094,3622.0,-3.017758250809665e-08,3659.0,ASK
1372,1712375370.4035602,192822.3113094,3622.0,-0.0,3659.0,ASK
1373,1712375373.7649248,192823.69355727,3632.0,5.09110558895472e-10,3659.0,BID
1374,1712375379.723422,192974.06823851,3621.0,-5.5386113931727305e-08,3659.0,ASK
1375,1712375380.223336,193043.94329374,3620.0,-2.5736432077808832e-08,3659.0,ASK
1376,1712375390.3935282,193046.70572467,3628.0,1.017460605436308e-09,3659.0,BID
1377,1712375400.453653,193046.70572467,3628.0,0.0,3659.0,BID
1378,1712375401.7237017,193116.54978944,3618.0,-2.5902997284888483e-08,3659.0,ASK
1379,1712375417.8632946,193119.31374742,3626.0,1.025066285693528e-09,3659.0,BID
1380,1712375430.4236686,193119.31374742,3626.0,0.0,3659.0,BID
1381,1712375435.2788277,193586.40387736,3617.0,-1.732123647986225e-07,3659.0,ASK
1382,1712375435.2825692,193590.8086806,3617.0,-1.6334457458381227e-09,3659.0,ASK
1383,1712375460.593896,193590.8086806,3617.0,-0.0,3659.0,ASK
1384,1712375490.6242657,193590.8086806,3617.0,-0.0,3659.0,ASK
1385,1712375500.3444738,195069.2896396,3617.0,5.479227940794956e-07,3659.0,BID
1386,1712375520.4189878,195069.2896396,3617.0,0.0,3659.0,BID
1387,1712375522.6047194,195069.28964047,3617.0,3.217832524316782e-16,3659.0,BID
1388,1712375525.5961025,195072.05436261,3628.0,1.0225752417155884e-09,3659.0,BID
1389,1712375550.414953,195072.05436261,3628.0,0.0,3659.0,BID
1390,1712375580.6351202,195072.05436261,3628.0,0.0,3659.0,BID
1391,1712375610.605265,195072.05436261,3628.0,0.0,3659.0,BID
1392,1712375640.4397776,195072.05436261,3628.0,0.0,3659.0,BID
1393,1712375642.1158483,195216.90264495,3626.0,5.357417864160623e-08,3659.0,BID
1394,1712375642.2357175,195512.15279062,3626.0,-1.0920242748172721e-07,3659.0,ASK
1395,1712375666.276059,195518.00074384,3627.0,2.162947916506501e-09,3659.0,BID
1396,1712375666.280522,195950.37808368,3628.0,1.5992085284656656e-07,3659.0,BID
1397,1712375666.28399,196097.98804278,3626.0,5.4595623712967064e-08,3659.0,BID
1398,1712375670.4257789,196097.98804278,3626.0,0.0,3659.0,BID
1399,1712375700.4395213,196097.98804278,3626.0,0.0,3659.0,BID
1400,1712375714.8663094,196100.74590268,3627.0,1.019049618842097e-09,3659.0,BID
1401,1712375730.4556324,196100.74590268,3627.0,0.0,3659.0,BID
1402,1712375760.6265528,196100.74590268,3627.0,0.0,3659.0,BID
1403,1712375790.596913,196100.74590268,3627.0,0.0,3659.0,BID
1404,1712375802.3168314,196114.56569262,3618.0,-5.106495663066797e-09,3659.0,ASK
1405,1712375820.418597,196114.56569262,3618.0,-0.0,3659.0,ASK
1406,1712375850.464472,196114.56569262,3618.0,-0.0,3659.0,ASK
1407,1712375864.2971594,196117.3296506,3627.0,1.0212802611976026e-09,3659.0,BID
1408,1712375880.6316268,196117.3296506,3627.0,0.0,3659.0,BID
1409,1712375910.637416,196117.3296506,3627.0,0.0,3659.0,BID
1410,1712375940.4278088,196117.3296506,3627.0,0.0,3659.0,BID
1411,1712375970.4176292,196117.3296506,3627.0,0.0,3659.0,BID
1412,1712376000.5391114,196117.3296506,3627.0,0.0,3659.0,BID
1413,1712376030.5036745,196117.3296506,3627.0,0.0,3659.0,BID
1414,1712376060.6084146,196117.3296506,3627.0,0.0,3659.0,BID
1415,1712376073.498761,196120.08675013,3619.0,-1.0199517335787339e-09,3659.0,ASK
1416,1712376073.503739,196246.53459063,3619.0,-4.6777670781341503e-08,3659.0,ASK
1417,1712376087.7087114,196249.29778488,3625.0,1.0222063929311275e-09,3659.0,BID
1418,1712376090.6286356,196249.29778488,3625.0,0.0,3659.0,BID
1419,1712376091.2063048,196250.94931254,3617.0,-6.108524236724664e-10,3659.0,ASK
1420,1712376097.8887455,196301.91007592,3617.0,-1.884891581103097e-08,3659.0,ASK
1421,1712376097.8928258,196303.02326953,3617.0,-4.1173819316774225e-10,3659.0,ASK
1422,1712376097.990234,196350.3632304,3617.0,-1.7509685447259202e-08,3659.0,ASK
1423,1712376120.4321136,196350.3632304,3617.0,-0.0,3659.0,ASK
1424,1712376150.4412673,196350.3632304,3617.0,-0.0,3659.0,ASK
1425,1712376180.60899,196350.3632304,3617.0,-0.0,3659.0,ASK
1426,1712376210.6192298,196350.3632304,3617.0,-0.0,3659.0,ASK
1427,1712376240.4733608,196350.3632304,3617.0,-0.0,3659.0,ASK
1428,1712376270.4364967,196350.3632304,3617.0,-0.0,3659.0,ASK
1429,1712376300.6207798,196350.3632304,3617.0,-0.0,3659.0,ASK
1430,1712376330.6194787,196350.3632304,3617.0,-0.0,3659.0,ASK
1431,1712376360.4256425,196350.3632304,3617.0,-0.0,3659.0,ASK
1432,1712376377.5295918,196351.75005146,3624.0,5.132787597353461e-10,3659.0,BID
1433,1712376390.5251403,196351.75005146,3624.0,0.0,3659.0,BID
1434,1712376404.7998333,196353.13496335,3625.0,5.125712000506679e-10,3659.0,BID
1435,1712376420.6098957,196353.13496335,3625.0,0.0,3659.0,BID
1436,1712376450.6197505,196353.13496335,3625.0,0.0,3659.0,BID
1437,1712376480.4318442,196353.13496335,3625.0,0.0,3659.0,BID
1438,1712376510.4198136,196353.13496335,3625.0,0.0,3659.0,BID
1439,1712376540.6214771,196353.13496335,3625.0,0.0,3659.0,BID
1440,1712376570.6300714,196353.13496335,3625.0,0.0,3659.0,BID
1441,1712376600.4504263,196353.13496335,3625.0,0.0,3659.0,BID
1442,1712376613.1603394,196356.03631731,3619.0,-1.0738642675260319e-09,3659.0,ASK
1443,1712376613.162876,196959.43768546,3617.0,-2.233340630488749e-07,3659.0,ASK
1444,1712376613.1653538,197014.70157051,3617.0,-2.0454557512725025e-08,3659.0,ASK
1445,1712376613.260354,197028.52591698,3615.0,-5.116739253687599e-09,3659.0,ASK
1446,1712376613.2646067,197111.49494713,3614.0,-3.0708930388139095e-08,3659.0,ASK
1447,1712376613.2687798,197166.8199817,3615.0,-2.0477190492162945e-08,3659.0,ASK
1448,1712376613.27109,197233.15099481,3613.0,2.455078070078585e-08,3659.0,BID
1449,1712376630.4317698,197233.15099481,3613.0,0.0,3659.0,BID
1450,1712376660.6102686,197233.15099481,3613.0,0.0,3659.0,BID
1451,1712376690.6103442,197233.15099481,3613.0,0.0,3659.0,BID
1452,1712376719.83061,197235.91877781,3624.0,1.0232210176102342e-09,3659.0,BID
1453,1712376720.5081582,197235.91877781,3624.0,0.0,3659.0,BID
1454,1712376750.4397311,197235.91877781,3624.0,0.0,3659.0,BID
1455,1712376780.6120102,197235.91877781,3624.0,0.0,3659.0,BID
1456,1712376810.6307936,197235.91877781,3624.0,0.0,3659.0,BID
1457,1712376840.4215891,197235.91877781,3624.0,0.0,3659.0,BID
1458,1712376870.4365385,197235.91877781,3624.0,0.0,3659.0,BID
1459,1712376900.49925,197235.91877781,3624.0,0.0,3659.0,BID
1460,1712376930.4206665,197235.91877781,3624.0,0.0,3659.0,BID
1461,1712376960.6205373,197235.91877781,3624.0,0.0,3659.0,BID
1462,1712376977.410604,197248.61193455,3614.0,-4.7060368111299826e-09,3659.0,ASK
1463,1712376989.8702614,197270.79195493,3614.0,-8.22332809072621e-09,3659.0,ASK
1464,1712376990.612924,197270.79195493,3614.0,-0.0,3659.0,ASK
1465,1712376997.2733111,197312.21758799,3614.0,-1.5357995581610395e-08,3659.0,ASK
1466,1712376997.2799044,197519.54381931,3614.0,-7.686340821765303e-08,3659.0,ASK
1467,1712376997.330725,197781.42985231,3614.0,9.709071993842304e-08,3659.0,BID
1468,1712376999.4000762,198379.46410031,3614.0,2.2171314377104322e-07,3659.0,BID
1469,1712376999.423646,198872.68320906,3614.0,1.8285434243042162e-07,3659.0,BID
1470,1712377020.3992298,198872.68320906,3614.0,0.0,3659.0,BID
1471,1712377049.3593895,198875.45022621,3624.0,1.023637331922223e-09,3659.0,BID
1472,1712377050.4087944,198875.45022621,3624.0,0.0,3659.0,BID
1473,1712377080.6243088,198875.45022621,3624.0,0.0,3659.0,BID
1474,1712377087.7178297,198896.86672546,3613.0,-7.922844578579496e-09,3659.0,ASK
1475,1712377108.6074836,198898.00358239,3613.0,-4.2057017159599496e-10,3659.0,ASK
1476,1712377108.611995,199225.99515784,3613.0,-1.2133758393661853e-07,3659.0,ASK
1477,1712377108.747404,199502.85008585,3612.0,-1.0242003325722916e-07,3659.0,ASK
1478,1712377108.7516725,199558.84670784,3612.0,-2.0715455302654312e-08,3659.0,ASK
1479,1712377108.7673297,199558.84670821,3612.0,-1.3687711816751698e-16,3659.0,ASK
1480,1712377108.927517,199614.24837025,3610.0,-2.0495355128500384e-08,3659.0,ASK
1481,1712377108.932053,199948.4836751,3610.0,-1.2364739643443065e-07,3659.0,ASK
1482,1712377110.6686387,199948.4836751,3610.0,-0.0,3659.0,ASK
1483,1712377140.4065597,199948.4836751,3610.0,-0.0,3659.0,ASK
1484,1712377145.5676494,199971.80773095,3621.0,8.616175629660557e-09,3659.0,BID
1485,1712377170.4176705,199971.80773095,3621.0,0.0,3659.0,BID
1486,1712377200.4479015,199971.80773095,3621.0,0.0,3659.0,BID
1487,1712377220.5157082,199973.80773095,3604.0,-7.413279981637624e-10,3659.0,ASK
1488,1712377220.5200996,199999.8995698,3610.0,-9.671305331540804e-09,3659.0,ASK
1489,1712377220.5220745,200002.67503469,3603.0,-1.0287649154390788e-09,3659.0,ASK
1490,1712377220.5241013,200005.44819054,3606.0,-1.027909037430885e-09,3659.0,ASK
1491,1712377220.5264096,200038.44819054,3604.0,-1.2231911969702086e-08,3659.0,ASK
1492,1712377220.5284286,200315.99467957,3603.0,-1.0287649155499769e-07,3659.0,ASK
1493,1712377220.53045,200441.99467957,3605.0,-4.6703663884317056e-08,3659.0,ASK
1494,1712377220.532504,201339.03311928,3604.0,-3.324998553930847e-07,3659.0,ASK
1495,1712377220.534535,201340.42054658,3607.0,-5.14269351446681e-10,3659.0,ASK
1496,1712377220.5365984,201341.80874275,3609.0,-5.145543438860227e-10,3659.0,ASK
1497,1712377220.538643,201463.80874275,3602.0,-4.5221007887989535e-08,3659.0,ASK
1498,1712377220.540702,201466.58652052,3600.0,-1.0296222167927643e-09,3659.0,ASK
1499,1712377220.5427485,201697.01675372,3602.0,-8.541219174728006e-08,3659.0,ASK
1500,1712377220.5448315,201724.80224969,3599.0,-1.0299083052710265e-08,3659.0,ASK
1501,1712377220.5468798,201757.80224969,3600.0,-1.2231911969702086e-08,3659.0,ASK
1502,1712377220.5489595,202035.76566086,3594.0,-1.0303102958271341e-07,3659.0,ASK
1503,1712377220.5510375,202456.42526093,3593.0,-1.5592336961413417e-07,3659.0,ASK
1504,1712377220.5531025,202461.75013315,3600.0,-1.9737384316627204e-09,3659.0,ASK
1505,1712377220.5551777,202561.75013315,3602.0,-3.7066399908188144e-08,3659.0,ASK
1506,1712377220.5572448,202564.53254828,3594.0,-1.0313411191921135e-09,3659.0,ASK
1507,1712377220.559343,202574.2369674,3598.0,-3.597078799790006e-09,3659.0,ASK
1508,1712377220.561444,202849.89469409,3600.0,-1.0217639535273512e-07,3659.0,ASK
1509,1712377230.4108772,202849.89469409,3600.0,-0.0,3659.0,ASK
1510,1712377243.424688,202851.41068085,3600.0,-5.59771558620912e-10,3659.0,ASK
1511,1712377259.194506,202865.23502732,3600.0,-5.1045801814415505e-09,3659.0,ASK
1512,1712377260.6043673,202865.23502732,3600.0,-0.0,3659.0,ASK
1513,1712377290.595868,202865.23502732,3600.0,-0.0,3659.0,ASK
1514,1712377294.2942977,202877.67247186,3600.0,-4.592378992086833e-09,3659.0,ASK
1515,1712377294.2990942,203076.71397974,3600.0,-7.349371781346195e-08,3659.0,ASK
1516,1712377295.7549813,203155.45024963,3600.0,-2.90724345018011e-08,3659.0,ASK
1517,1712377295.8443274,203364.04237463,3600.0,7.702016999440388e-08,3659.0,BID
1518,1712377295.8541155,203364.04237559,3600.0,3.544756200082234e-16,3659.0,BID
1519,1712377320.4555657,203364.04237559,3600.0,0.0,3659.0,BID
1520,1712377331.344452,203425.94077559,3596.0,-2.2840106621266773e-08,3659.0,ASK
1521,1712377331.3492236,203470.90424322,3596.0,-1.659122682866725e-08,3659.0,ASK
1522,1712377331.4437127,203533.93524322,3596.0,2.3258028647687308e-08,3659.0,BID
1523,1712377331.4635808,203576.88964322,3596.0,1.584989395287498e-08,3659.0,BID
1524,1712377340.0135424,203604.66742099,3595.0,-1.0249819154762172e-08,3659.0,ASK
1525,1712377340.0182054,203682.62911943,3595.0,-2.8767359168332585e-08,3659.0,ASK
1526,1712377343.9355369,203728.46491943,3595.0,-1.6913111794028206e-08,3659.0,ASK
1527,1712377343.939105,203788.36859565,3595.0,-2.2104066532760803e-08,3659.0,ASK
1528,1712377344.0185556,203855.04999876,3595.0,-2.460500362995097e-08,3659.0,ASK
1529,1712377350.591781,203855.04999876,3595.0,-0.0,3659.0,ASK
1530,1712377361.7233129,203950.82189876,3593.0,-3.5316202066523514e-08,3659.0,ASK
1531,1712377361.7281933,204825.32542405,3593.0,-3.224760415844498e-07,3659.0,ASK
1532,1712377361.8031907,204825.32542407,3593.0,-7.372975291067391e-18,3659.0,ASK
1533,1712377361.8690307,204925.81382407,3593.0,3.7055426902263744e-08,3659.0,BID
1534,1712377361.8831391,204955.1345411,3593.0,1.081211051849909e-08,3659.0,BID
