,time,acc_trade_volume,trade_price,dev,high,ask_bid
0,1712365207.2072184,63328565.78557531,13.55,0.0,13.6,ASK
1,1712365230.2933743,63328565.78557531,13.55,-0.0,13.6,ASK
2,1712365257.1555998,63333109.57328053,13.53,-5.11159111405056e-07,13.6,ASK
3,1712365257.1568289,63343563.96352443,13.53,-1.1760797761778297e-06,13.6,ASK
4,1712365260.2594907,63343563.96352443,13.53,-0.0,13.6,ASK
5,1712365273.9673383,63345536.11430048,13.53,-2.218545168275044e-07,13.6,ASK
6,1712365273.968491,63377853.81725167,13.53,-3.635537637526297e-06,13.6,ASK
7,1712365274.0655236,63947054.64180035,13.53,-6.403150075620828e-05,13.6,ASK
8,1712365289.0256083,63958054.64180035,13.54,-1.237430583268679e-06,13.6,ASK
9,1712365290.2224092,63958054.64180035,13.54,-0.0,13.6,ASK
10,1712365301.849117,63958554.64180035,13.56,5.6194286653623177e-08,13.6,BID
11,1712365320.2972636,63958554.64180035,13.56,0.0,13.6,BID
12,1712365341.075697,63973366.5975199,13.54,-1.6646933027226383e-06,13.6,ASK
13,1712365350.288992,63973366.5975199,13.54,-0.0,13.6,ASK
14,1712365353.2857082,64004443.3942199,13.55,3.4925954597561463e-06,13.6,BID
15,1712365353.2907362,64012559.72200124,13.56,9.121612446950477e-07,13.6,BID
16,1712365353.605611,64060657.59628908,13.54,-5.405525510988097e-06,13.6,ASK
17,1712365353.6155026,64068283.73792754,13.54,-8.570712071471083e-07,13.6,ASK
18,1712365365.555607,64134937.52243383,13.54,-7.490949192399593e-06,13.6,ASK
19,1712365368.4273489,64144937.52243383,13.54,1.1238595449434015e-06,13.6,BID
20,1712365373.5758057,64220144.243261,13.54,8.452179104550841e-06,13.6,BID
21,1712365380.2414968,64220144.243261,13.54,0.0,13.6,BID
22,1712365386.8056028,64312937.72628239,13.54,1.0424768865658642e-05,13.6,BID
23,1712365386.8874218,64369773.734633,13.54,6.385170930217247e-06,13.6,BID
24,1712365387.0055635,64452659.58014429,13.54,9.311707606565423e-06,13.6,BID
25,1712365387.105605,64460783.65695371,13.54,9.126893422620736e-07,13.6,BID
26,1712365387.125914,64526204.27073226,13.54,7.349597789467275e-06,13.6,BID
27,1712365387.187886,64579189.94781008,13.54,5.952610234486222e-06,13.6,BID
28,1712365387.188951,64616063.10415226,13.54,4.142469058154828e-06,13.6,BID
29,1712365410.2483656,64616063.10415226,13.54,0.0,13.6,BID
30,1712365423.0185103,64616431.90946199,13.56,4.140803770016764e-08,13.6,BID
31,1712365440.3047185,64616431.90946199,13.56,0.0,13.6,BID
32,1712365442.4858851,64661744.96994343,13.54,-5.087572802483515e-06,13.6,ASK
33,1712365442.4872825,64664075.34094699,13.54,-2.616449211650309e-07,13.6,ASK
34,1712365470.284165,64664075.34094699,13.54,-0.0,13.6,ASK
35,1712365489.105652,64684042.34094699,13.56,2.241654129402369e-06,13.6,BID
36,1712365491.7210867,64691530.2187629,13.56,8.406486816494384e-07,13.6,BID
37,1712365491.722827,64757463.78000719,13.56,7.402225663819091e-06,13.6,BID
38,1712365500.2551842,64757463.78000719,13.56,0.0,13.6,BID
39,1712365518.4359446,64764742.83605438,13.56,8.196564197638204e-07,13.6,BID
40,1712365520.385841,64768273.48388573,13.56,3.975677810600669e-07,13.6,BID
41,1712365520.38675,64772320.83605438,13.56,4.557511532502759e-07,13.6,BID
42,1712365521.4562552,64779898.83605438,13.56,8.533189343103427e-07,13.6,BID
43,1712365522.5156736,64787476.83605438,13.56,8.533189343103427e-07,13.6,BID
44,1712365523.826082,64795054.83605438,13.56,8.533189343103427e-07,13.6,BID
45,1712365525.0459504,64795756.20531057,13.56,7.89775225984302e-08,13.6,BID
46,1712365525.0475228,64802632.83605438,13.56,7.743414117119125e-07,13.6,BID
47,1712365530.312853,64802632.83605438,13.56,0.0,13.6,BID
48,1712365530.9779663,64804451.69667384,13.56,2.0479825381010059e-07,13.6,BID
49,1712365551.0259018,64915152.80368484,13.55,-1.246461282854681e-05,13.6,ASK
50,1712365551.10645,64915152.80368491,13.55,-8.389130424803473e-18,13.6,ASK
51,1712365560.292717,64915152.80368491,13.55,-0.0,13.6,ASK
52,1712365562.3363853,64935119.80368491,13.54,-2.2478384577405782e-06,13.6,ASK
53,1712365582.6901631,65007193.21579716,13.55,8.113857240772435e-06,13.6,BID
54,1712365585.675709,65079266.62790941,13.55,8.113857240771596e-06,13.6,BID
55,1712365587.085781,65151340.04002166,13.55,8.113857240772435e-06,13.6,BID
56,1712365588.316197,65223413.45213391,13.55,8.113857240772435e-06,13.6,BID
57,1712365589.4357471,65295486.86424616,13.55,8.113857240772435e-06,13.6,BID
58,1712365590.2307005,65295486.86424616,13.55,0.0,13.6,BID
59,1712365590.5570424,65367560.27635841,13.55,8.109152719383987e-06,13.6,BID
60,1712365591.786149,65369767.78187717,13.53,-2.483717484139915e-07,13.6,ASK
61,1712365592.348069,65373003.56087052,13.55,3.640652669865193e-07,13.6,BID
62,1712365592.425733,65395294.11674884,13.55,-2.5079639844958177e-06,13.6,ASK
63,1712365592.5257182,65441841.19398942,13.55,-5.237123467901649e-06,13.6,ASK
64,1712365620.3131866,65441841.19398942,13.55,-0.0,13.6,ASK
65,1712365650.3075652,65441841.19398942,13.55,-0.0,13.6,ASK
66,1712365658.816746,65625641.38777789,13.53,-2.067518827989736e-05,13.6,ASK
67,1712365658.8175564,65635125.63500399,13.53,-1.0668574012412134e-06,13.6,ASK
68,1712365663.3155973,65642496.85714199,13.55,-8.291689057270012e-07,13.6,ASK
69,1712365663.7556806,65650605.16968784,13.54,9.120822185348424e-07,13.6,BID
70,1712365675.1859815,65651588.27015534,13.53,-1.1058632118241154e-07,13.6,ASK
71,1712365675.1877227,65660646.65892103,13.53,-1.0189537311301435e-06,13.6,ASK
72,1712365675.189406,65735994.30729393,13.53,-8.47565383064825e-06,13.6,ASK
73,1712365677.1157908,65754374.57336931,13.53,2.0675465782176763e-06,13.6,BID
74,1712365680.2038434,65754374.57336931,13.53,0.0,13.6,BID
75,1712365681.6259236,65979983.80644274,13.53,2.536610806822887e-05,13.6,BID
76,1712365686.623438,65987180.92006349,13.56,8.091989826669184e-07,13.6,BID
77,1712365686.6298883,66023992.7886204,13.56,4.138899030360537e-06,13.6,BID
78,1712365686.6338892,66239269.87137487,13.56,2.420442493142848e-05,13.6,BID
79,1712365702.346002,66270289.07373787,13.54,-3.4876074379190503e-06,13.6,ASK
80,1712365702.347761,66271059.07373823,13.54,-8.657404200935284e-08,13.6,ASK
81,1712365708.65637,66280612.59266431,13.53,-1.074138634352152e-06,13.6,ASK
82,1712365708.658311,66309426.615631,13.53,-3.239670692979187e-06,13.6,ASK
83,1712365710.2212136,66309426.615631,13.53,-0.0,13.6,ASK
84,1712365724.369835,66316632.54703336,13.53,-8.095061467366233e-07,13.6,ASK
85,1712365724.371617,66417661.36816415,13.53,-1.1349462982136042e-05,13.6,ASK
86,1712365740.3011105,66417661.36816415,13.53,-0.0,13.6,ASK
87,1712365752.9236069,66473166.09318802,13.53,6.234312135593634e-06,13.6,BID
88,1712365765.58603,66473166.09318893,13.53,-1.0209595474156716e-16,13.6,ASK
89,1712365765.58787,66565481.02817893,13.53,-1.0368849125137682e-05,13.6,ASK
90,1712365770.32733,66565481.02817893,13.53,-0.0,13.6,ASK
91,1712365800.2895143,66565481.02817893,13.53,-0.0,13.6,ASK
92,1712365830.2385375,66565481.02817893,13.53,-0.0,13.6,ASK
93,1712365833.8114705,66587670.37729135,13.52,-2.506856620636285e-06,13.6,ASK
94,1712365833.812498,66807606.84238491,13.52,-2.4847469876008946e-05,13.6,ASK
95,1712365839.163618,67008369.41896911,13.52,-2.268128694249821e-05,13.6,ASK
96,1712365839.2706463,67013201.09104689,13.52,-5.458613984378713e-07,13.6,ASK
97,1712365839.2716622,67023673.68720073,13.52,-1.1831485849582109e-06,13.6,ASK
98,1712365839.2724736,67100656.04128863,13.52,-8.6971331623865e-06,13.6,ASK
99,1712365841.9367328,67156970.224339,13.52,-6.362132656541219e-06,13.6,ASK
100,1712365842.3560033,67161769.63306035,13.53,5.422164240743668e-07,13.6,BID
101,1712365854.3361027,67177378.3876043,13.53,1.7634095290551769e-06,13.6,BID
102,1712365860.3006,67177378.3876043,13.53,0.0,13.6,BID
103,1712365870.165964,67178862.79085393,13.54,1.675448577178365e-07,13.6,BID
104,1712365878.2002234,67235169.3560042,13.53,-6.355331982055442e-06,13.6,ASK
105,1712365882.9760776,67290158.3560042,13.53,-6.206618170166027e-06,13.6,ASK
106,1712365890.2833989,67290158.3560042,13.53,-0.0,13.6,ASK
107,1712365913.4761438,67297543.8803761,13.54,8.334618954553919e-07,13.6,BID
108,1712365913.478114,67379477.9552472,13.54,9.246321033642652e-06,13.6,BID
109,1712365913.578033,67379477.95524752,13.54,3.6995355699825375e-17,13.6,BID
110,1712365915.4261937,67414712.23524801,13.54,-3.976214594311026e-06,13.6,ASK
111,1712365920.2246835,67414712.23524801,13.54,-0.0,13.6,ASK
112,1712365950.079351,67478236.81056134,13.53,-7.167431280894212e-06,13.6,ASK
113,1712365950.2186882,67478236.81056134,13.53,-0.0,13.6,ASK
114,1712365979.826105,67478665.03056134,13.54,-4.8311063812091043e-08,13.6,ASK
115,1712365979.8277104,67548760.97783406,13.53,-7.908107472025299e-06,13.6,ASK
116,1712365980.297035,67548760.97783406,13.53,-0.0,13.6,ASK
117,1712365986.0860493,67772942.26733638,13.53,-2.5289035548801795e-05,13.6,ASK
118,1712365986.096043,67795770.58219226,13.53,-2.575175061179429e-06,13.6,ASK
119,1712365986.2562463,67837288.64566492,13.53,4.683494262203311e-06,13.6,BID
120,1712366009.7960663,67837657.45097464,13.56,4.1603519227666206e-08,13.6,BID
121,1712366010.3022845,67837657.45097464,13.56,0.0,13.6,BID
122,1712366010.5578687,67895048.16806535,13.53,-6.4711743649032486e-06,13.6,ASK
123,1712366010.5598722,67911638.17002732,13.53,-1.8706299703530872e-06,13.6,ASK
124,1712366029.156282,67926270.62697189,13.52,-1.6499041147296886e-06,13.6,ASK
125,1712366029.1579,67965953.54798023,13.52,-4.474505881287705e-06,13.6,ASK
126,1712366029.1594884,67999097.7532842,13.53,-3.737223414879348e-06,13.6,ASK
127,1712366033.4959702,68042827.54491265,13.52,-4.930816705449211e-06,13.6,ASK
128,1712366040.2276711,68042827.54491265,13.52,-0.0,13.6,ASK
129,1712366047.6562743,68049114.52716117,13.52,-7.086761500126449e-07,13.6,ASK
130,1712366050.125894,68110032.04891641,13.52,6.866695829468694e-06,13.6,BID
131,1712366050.2064254,68169257.41728956,13.52,6.675954278648159e-06,13.6,BID
132,1712366050.2895334,68265710.16006866,13.52,1.0872268396654564e-05,13.6,BID
133,1712366070.2394283,68265710.16006866,13.52,0.0,13.6,BID
134,1712366100.2875462,68265710.16006866,13.52,0.0,13.6,BID
135,1712366114.3960643,68267770.59962909,13.52,-2.3344117873500605e-07,13.6,ASK
136,1712366130.2192876,68267770.59962909,13.52,-0.0,13.6,ASK
137,1712366148.1861012,68273407.39085667,13.52,-6.386283105402437e-07,13.6,ASK
138,1712366160.330753,68273407.39085667,13.52,-0.0,13.6,ASK
139,1712366173.6060886,68275776.1548346,13.51,-2.683701799088095e-07,13.6,ASK
140,1712366173.6083477,68292095.73221055,13.52,-1.848933856317084e-06,13.6,ASK
141,1712366182.196121,68342090.94784397,13.51,-5.664230433732981e-06,13.6,ASK
142,1712366187.9265602,68343568.05271842,13.54,1.6734926087737074e-07,13.6,BID
143,1712366190.288247,68343568.05271842,13.54,0.0,13.6,BID
144,1712366200.1219306,68353568.05271842,13.54,1.1328328152483318e-06,13.6,BID
145,1712366201.8060455,68369504.03490327,13.54,1.8052803562218964e-06,13.6,BID
146,1712366201.8075588,68374332.1301624,13.54,5.469424744687363e-07,13.6,BID
147,1712366202.1131246,68497799.84124741,13.54,1.3986827474069569e-05,13.6,BID
148,1712366205.726064,68505189.84124741,13.54,8.371634504685172e-07,13.6,BID
149,1712366213.920464,68509911.38645048,13.54,5.348721344721497e-07,13.6,BID
150,1712366213.9214995,68512579.84124741,13.54,3.022913159963676e-07,13.6,BID
151,1712366220.2374814,68512579.84124741,13.54,0.0,13.6,BID
152,1712366225.4661229,68542479.51397468,13.53,-3.3862551913392463e-06,13.6,ASK
153,1712366250.2518027,68542479.51397468,13.53,-0.0,13.6,ASK
154,1712366280.3225527,68542479.51397468,13.53,-0.0,13.6,ASK
155,1712366282.4162166,68546169.55087504,13.54,4.178920037120758e-07,13.6,BID
156,1712366285.7328084,68712086.4762261,13.53,-1.8789881580319137e-05,13.6,ASK
157,1712366285.734557,68995483.27013986,13.53,-3.209432784879662e-05,13.6,ASK
158,1712366287.6562696,69002873.27013986,13.53,8.36908136916993e-07,13.6,BID
159,1712366289.5861392,69076940.81539235,13.53,8.388055656735319e-06,13.6,BID
160,1712366290.6862922,69084330.81539235,13.53,8.36908136916993e-07,13.6,BID
161,1712366293.7161205,69091720.81539235,13.53,8.36908136916993e-07,13.6,BID
162,1712366298.076195,69099110.81539235,13.53,8.36908136916993e-07,13.6,BID
163,1712366298.1761262,69110197.28989339,13.53,1.2555291907504889e-06,13.6,BID
164,1712366299.446089,69373984.12041146,13.53,2.9873524339934224e-05,13.6,BID
165,1712366308.7661586,69422777.97003779,13.54,5.525841648684961e-06,13.6,BID
166,1712366308.8661125,69442961.12537326,13.54,2.285716769812629e-06,13.6,BID
167,1712366310.3443618,69442961.12537326,13.54,0.0,13.6,BID
168,1712366314.1470428,69450341.12537326,13.55,8.346239936126148e-07,13.6,BID
169,1712366314.757373,69472880.48689643,13.54,-2.549036846604819e-06,13.6,ASK
170,1712366314.896206,69483156.3492031,13.54,1.1621248287541616e-06,13.6,BID
171,1712366317.2261946,69490546.3492031,13.54,8.357549204332281e-07,13.6,BID
172,1712366317.4344325,69497922.7329661,13.54,8.342150236713571e-07,13.6,BID
173,1712366317.887884,69500479.17314336,13.54,2.89114676175882e-07,13.6,BID
174,1712366320.29222,69507869.17314336,13.54,8.357549204332281e-07,13.6,BID
175,1712366320.963496,69509468.98937917,13.54,1.8092750891307257e-07,13.6,BID
176,1712366330.7061636,69517888.13889235,13.54,-9.521441991214344e-07,13.6,ASK
177,1712366330.7085843,69518257.4889662,13.54,-4.177079047059021e-08,13.6,ASK
178,1712366337.0761502,69521226.54733536,13.53,-3.357787741649085e-07,13.6,ASK
179,1712366340.2449958,69521226.54733536,13.53,-0.0,13.6,ASK
180,1712366350.5163288,69528616.54733536,13.54,8.356547664859354e-07,13.6,BID
181,1712366351.2959902,69537787.79548895,13.54,1.0370767569930669e-06,13.6,BID
182,1712366352.2260938,69591234.668783,13.54,6.043725902832861e-06,13.6,BID
183,1712366352.2807217,69623302.7927594,13.54,3.626235541698032e-06,13.6,BID
184,1712366356.1455553,69638148.63344823,13.55,1.6787547407452184e-06,13.6,BID
185,1712366361.9860334,69700864.81199218,13.55,7.091890870911911e-06,13.6,BID
186,1712366361.9883115,69707427.42578638,13.55,7.420946546310495e-07,13.6,BID
187,1712366370.2312872,69707427.42578638,13.55,0.0,13.6,BID
188,1712366380.0461605,69715681.09639198,13.54,-9.330517936584966e-07,13.6,ASK
189,1712366380.049054,69774894.47345528,13.54,-6.693888127787397e-06,13.6,ASK
190,1712366380.6185777,69782284.47345528,13.54,8.354165176470766e-07,13.6,BID
191,1712366384.4514146,69789674.47345528,13.54,8.354165176470766e-07,13.6,BID
192,1712366386.1859212,69830227.47345528,13.54,4.584390533172111e-06,13.6,BID
193,1712366386.8360264,69881865.47345528,13.54,5.837515309642726e-06,13.6,BID
194,1712366387.9360664,69894988.53282622,13.54,1.4835210501410452e-06,13.6,BID
195,1712366391.6361744,69902378.53282622,13.54,8.354165176470766e-07,13.6,BID
196,1712366400.2728057,69902378.53282622,13.54,0.0,13.6,BID
197,1712366406.41969,69903424.53282622,13.54,1.2030188970483378e-07,13.6,BID
198,1712366410.6561189,69903876.47264937,13.54,5.1978216785745455e-08,13.6,BID
199,1712366413.1059997,69912660.47264937,13.54,-1.01025984624021e-06,13.6,ASK
200,1712366430.2520468,69912660.47264937,13.54,-0.0,13.6,ASK
201,1712366443.5859292,69920040.47264937,13.55,8.487702970471974e-07,13.6,BID
202,1712366446.6156552,69927420.47264937,13.55,8.487702970471974e-07,13.6,BID
203,1712366448.4256952,69934800.54645036,13.55,8.487787848647111e-07,13.6,BID
204,1712366449.6774983,69942180.54645036,13.55,8.487702970471974e-07,13.6,BID
205,1712366451.154086,69955010.54645036,13.55,1.4755722101782578e-06,13.6,BID
206,1712366453.471621,70029189.54645036,13.55,8.531291580577784e-06,13.6,BID
207,1712366460.291078,70029189.54645036,13.55,0.0,13.6,BID
208,1712366466.017743,70031038.39795353,13.54,-2.1259692696115026e-07,13.6,ASK
209,1712366466.0189817,70036558.74320792,13.54,-6.347770141842231e-07,13.6,ASK
210,1712366466.6455014,70041435.0615718,13.54,-5.607212354661068e-07,13.6,ASK
211,1712366466.6476574,70081478.3496166,13.54,-4.604523386100456e-06,13.6,ASK
212,1712366468.102799,70081847.42710736,13.55,4.243972012476173e-08,13.6,BID
213,1712366480.4355772,70082585.43448745,13.55,8.486246776004983e-08,13.6,BID
214,1712366485.1156237,70119485.80349113,13.55,4.24312338794766e-06,13.6,BID
215,1712366490.293774,70119485.80349113,13.55,0.0,13.6,BID
216,1712366491.04108,70126865.87729186,13.55,8.485053521774015e-07,13.6,BID
217,1712366492.065683,70217854.78570166,13.55,1.0461220017459076e-05,13.6,BID
218,1712366497.065577,70218593.33813888,13.54,-8.491320178663848e-08,13.6,ASK
219,1712366497.0672095,70269145.95223299,13.53,-5.812159171251108e-06,13.6,ASK
220,1712366497.0687468,70269515.30230683,13.54,-4.246509221262999e-08,13.6,ASK
221,1712366497.1656003,70301591.41312045,13.55,3.6878698556789896e-06,13.6,BID
222,1712366497.230409,70355504.27069616,13.55,6.198494681673914e-06,13.6,BID
223,1712366508.1605153,71069143.97857411,13.55,8.204892363014688e-05,13.6,BID
224,1712366508.1644564,71083542.61470643,13.55,1.6554468359272125e-06,13.6,BID
225,1712366508.1659606,71121796.26698935,13.56,4.398117089180492e-06,13.6,BID
226,1712366518.4558277,71257424.07749905,13.56,-1.5593465082995815e-05,13.6,ASK
227,1712366519.7455254,71277045.33433245,13.56,-2.2559044650677185e-06,13.6,ASK
228,1712366520.2539425,71277045.33433245,13.56,-0.0,13.6,ASK
229,1712366524.9666142,71279582.03603174,13.57,2.911258451596226e-07,13.6,BID
230,1712366524.972149,71313891.31812021,13.57,3.937521998599745e-06,13.6,BID
231,1712366544.7364151,71347075.31517035,13.56,-3.808378095742152e-06,13.6,ASK
232,1712366544.7387114,71900460.50522138,13.56,-6.350952940100409e-05,13.6,ASK
233,1712366550.2122903,71900460.50522138,13.56,-0.0,13.6,ASK
234,1712366577.1760335,71914752.14976415,13.56,1.6385979772068404e-06,13.6,BID
235,1712366579.705871,71915288.65380394,13.56,6.151247547049487e-08,13.6,BID
236,1712366580.3085356,71915288.65380394,13.56,0.0,13.6,BID
237,1712366610.2926407,71915288.65380394,13.56,0.0,13.6,BID
238,1712366624.6956933,72099863.94135699,13.54,-2.1161855773449696e-05,13.6,ASK
239,1712366624.6985886,72129771.99157855,13.54,-3.4290064159965696e-06,13.6,ASK
240,1712366633.6555474,72169176.13534012,13.54,-4.517748926269998e-06,13.6,ASK
241,1712366640.265443,72169176.13534012,13.54,-0.0,13.6,ASK
242,1712366642.0977216,72170493.13534012,13.54,1.5093669508121704e-07,13.6,BID
243,1712366663.175761,72174128.00191973,13.54,4.16579156102557e-07,13.6,BID
244,1712366663.182026,72179426.7476217,13.54,6.072704360903223e-07,13.6,BID
245,1712366668.373814,72232428.04676181,13.54,-6.074290757190012e-06,13.6,ASK
246,1712366669.695592,72232797.66982166,13.53,-4.236118684901766e-08,13.6,ASK
247,1712366669.6990397,72380138.53420642,13.53,-1.6886213455311156e-05,13.6,ASK
248,1712366670.2442634,72380138.53420642,13.53,-0.0,13.6,ASK
249,1712366698.3702598,72516538.88842939,13.53,-1.562724724626219e-05,13.6,ASK
250,1712366698.372579,72655614.7672121,13.53,-1.593377932271192e-05,13.6,ASK
251,1712366698.3748252,72671916.5040931,13.53,-1.8676731027143065e-06,13.6,ASK
252,1712366698.377067,72846498.97433288,13.52,-2.000173271427603e-05,13.6,ASK
253,1712366698.465447,72854607.28687873,13.55,9.289609666031544e-07,13.6,BID
254,1712366698.5494435,72859971.21312618,13.55,-6.145394721083952e-07,13.6,ASK
255,1712366699.915614,72867361.21312618,13.53,8.466646425352992e-07,13.6,BID
256,1712366700.3346033,72867361.21312618,13.53,0.0,13.6,BID
257,1712366730.3300118,72867361.21312618,13.53,0.0,13.6,BID
258,1712366752.005618,72867750.0223084,13.53,-4.4693406441014823e-08,13.6,ASK
259,1712366760.2328415,72867750.0223084,13.53,-0.0,13.6,ASK
260,1712366766.860199,72868119.09979916,13.55,4.242523346353708e-08,13.6,BID
261,1712366779.9162,72889754.4672404,13.55,2.4869723506278385e-06,13.6,BID
262,1712366790.2567909,72889754.4672404,13.55,0.0,13.6,BID
263,1712366793.7588816,72890245.7204952,13.55,-5.6467328032363723e-08,13.6,ASK
264,1712366820.3323913,72890245.7204952,13.55,-0.0,13.6,ASK
265,1712366823.7143023,72901958.4134523,13.55,-1.3463197705890865e-06,13.6,ASK
266,1712366824.6362371,72902401.21788032,13.55,5.0898316735466054e-08,13.6,BID
267,1712366824.9963577,72906089.41068429,13.55,4.239406691447332e-07,13.6,BID
268,1712366850.2981238,72906089.41068429,13.55,0.0,13.6,BID
269,1712366873.7460382,72920775.79442967,13.55,1.688090088039995e-06,13.6,BID
270,1712366876.99623,72924465.83133005,13.55,4.241421730502667e-07,13.6,BID
271,1712366880.2401156,72924465.83133005,13.55,0.0,13.6,BID
272,1712366909.7060125,72929705.4475662,13.55,6.022375041432132e-07,13.6,BID
273,1712366910.274098,72929705.4475662,13.55,0.0,13.6,BID
274,1712366922.0254776,72955830.4475662,13.54,-3.002763121894546e-06,13.6,ASK
275,1712366930.656305,73109220.7120905,13.54,-1.763041644291865e-05,13.6,ASK
276,1712366930.657814,73119246.13749075,13.54,-1.152305365479509e-06,13.6,ASK
277,1712366930.9157906,73146363.36372575,13.54,-3.116807919867412e-06,13.6,ASK
278,1712366935.2760012,73202004.64297305,13.54,-6.3953141197636464e-06,13.6,ASK
279,1712366935.355991,73332976.26415199,13.54,-1.505365565898042e-05,13.6,ASK
280,1712366935.3584323,73334976.26415199,13.54,-2.298766026330753e-07,13.6,ASK
281,1712366940.2766871,73334976.26415199,13.54,-0.0,13.6,ASK
282,1712366944.3960943,73370660.2586553,13.53,-4.098872518147698e-06,13.6,ASK
283,1712366944.399269,73385053.41547456,13.53,-1.6532822560105777e-06,13.6,ASK
284,1712366960.6060314,73423279.25097865,13.53,-4.39084325653113e-06,13.6,ASK
285,1712366960.6085382,73430122.85166489,13.53,-7.860960402120034e-07,13.6,ASK
286,1712366970.323633,73430122.85166489,13.53,-0.0,13.6,ASK
287,1712366972.4762647,73431600.30953608,13.53,-1.696843694248652e-07,13.6,ASK
288,1712366972.4801123,73470313.4242266,13.53,-4.446157540453372e-06,13.6,ASK
289,1712366972.736024,73471052.52252667,13.53,-8.488460580506947e-08,13.6,ASK
290,1712366976.4860632,73572458.75395489,13.53,-1.1646391258310198e-05,13.6,ASK
291,1712366977.5759156,73693734.90833053,13.53,-1.3928429488692042e-05,13.6,ASK
292,1712366978.5961063,73729906.42363606,13.53,-4.154257718889729e-06,13.6,ASK
293,1712367000.2878673,73729906.42363606,13.53,-0.0,13.6,ASK
294,1712367001.6859636,73730643.988433,13.55,8.532136564862747e-08,13.6,BID
295,1712367029.9661045,73732734.46237007,13.55,2.4182565640782694e-07,13.6,BID
296,1712367030.2657745,73732734.46237007,13.55,0.0,13.6,BID
297,1712367031.7363784,74036953.15665475,13.53,-3.519180890954094e-05,13.6,ASK
298,1712367060.3204126,74036953.15665475,13.53,-0.0,13.6,ASK
299,1712367072.816504,74096953.15665475,13.55,6.937455416460927e-06,13.6,BID
300,1712367072.819901,74136152.68928169,13.55,4.532416832425237e-06,13.6,BID
301,1712367072.976241,74168441.0465013,13.56,3.733317311363089e-06,13.6,BID
302,1712367072.9800296,74235809.05685686,13.55,7.789376138956487e-06,13.6,BID
303,1712367073.396137,74351849.85143758,13.56,1.3417130648241664e-05,13.6,BID
304,1712367073.4000096,74367909.6902955,13.56,1.856906934539328e-06,13.6,BID
305,1712367088.616178,74395538.5749682,13.56,3.194569260390105e-06,13.6,BID
306,1712367090.3244328,74395538.5749682,13.56,0.0,13.6,BID
307,1712367093.806101,74549870.59777294,13.56,1.783450209595431e-05,13.6,BID
308,1712367093.8096442,74685119.26812404,13.56,1.5629243050248817e-05,13.6,BID
309,1712367093.8130744,74916813.26623356,13.56,2.677439859731708e-05,13.6,BID
310,1712367093.986225,74990134.92444494,13.56,-8.473000245089571e-06,13.6,ASK
311,1712367097.04481,75013091.50063033,13.56,-2.652846108369107e-06,13.6,ASK
312,1712367097.975845,75197093.10232748,13.56,-2.126309816646809e-05,13.6,ASK
313,1712367098.0658982,75275083.7728783,13.56,-9.012548090316648e-06,13.6,ASK
314,1712367098.4662013,75359341.55088411,13.56,-9.736770704718076e-06,13.6,ASK
315,1712367098.685807,75392186.30795372,13.56,-3.795517470408988e-06,13.6,ASK
316,1712367106.075832,75414271.8143378,13.56,-2.5521858830011274e-06,13.6,ASK
317,1712367109.5758605,76623208.22097115,13.56,-0.0001397038572173,13.6,ASK
318,1712367111.8259006,76623942.78016214,13.56,8.488515340631901e-08,13.6,BID
319,1712367120.2578747,76623942.78016214,13.56,0.0,13.6,BID
320,1712367128.656122,76697326.14072518,13.56,8.450622016583359e-06,13.6,BID
321,1712367128.6595752,76771393.68597765,13.56,8.529410806788185e-06,13.6,BID
322,1712367144.5960276,76774773.5532343,13.56,3.892160352559328e-07,13.6,BID
323,1712367150.2591052,76774773.5532343,13.56,0.0,13.6,BID
324,1712367172.9856994,76778376.13662034,13.56,4.147657116352598e-07,13.6,BID
325,1712367175.5357585,76781978.72000639,13.56,4.147657116352598e-07,13.6,BID
326,1712367179.1059709,76785581.30339244,13.56,4.147657116352598e-07,13.6,BID
327,1712367180.3255324,76785581.30339244,13.56,0.0,13.6,BID
328,1712367187.1257265,76803201.41179244,13.56,2.0285702534672563e-06,13.6,BID
329,1712367191.6058123,76930659.74392802,13.53,-1.4674040321269648e-05,13.6,ASK
330,1712367206.885894,77291931.42022859,13.55,-4.15925350359082e-05,13.6,ASK
331,1712367207.8562734,77299391.30734983,13.55,-8.588429063455595e-07,13.6,ASK
332,1712367207.9957166,77310959.30734983,13.55,1.331802288577657e-06,13.6,BID
333,1712367208.7756765,77320321.49631995,13.53,-1.0778513741788263e-06,13.6,ASK
334,1712367210.3232932,77320321.49631995,13.53,-0.0,13.6,ASK
335,1712367216.025803,77364493.68175042,13.55,5.081224219645439e-06,13.6,BID
336,1712367233.675797,77366049.57292788,13.56,1.7897760450385773e-07,13.6,BID
337,1712367240.2768967,77366049.57292788,13.56,0.0,13.6,BID
338,1712367270.261788,77366049.57292788,13.56,0.0,13.6,BID
339,1712367287.8561249,77476669.04195441,13.55,1.2723895336476572e-05,13.6,BID
340,1712367297.4760182,77478609.06160486,13.54,-2.2314884712600495e-07,13.6,ASK
341,1712367300.3483272,77478609.06160486,13.54,-0.0,13.6,ASK
342,1712367312.0464184,77504616.74603605,13.54,3.0199745857460792e-06,13.6,BID
343,1712367312.0502098,77516537.99070382,13.54,1.3842776361873597e-06,13.6,BID
344,1712367330.3199663,77516537.99070382,13.54,0.0,13.6,BID
345,1712367334.3160377,77532823.49170794,13.53,-1.8909359872867528e-06,13.6,ASK
346,1712367334.31993,77680133.89371628,13.53,-1.7104450172510384e-05,13.6,ASK
347,1712367334.3234837,77754043.72372366,13.53,-8.58179047361863e-06,13.6,ASK
348,1712367343.0158184,77756959.94195908,13.53,-3.386068384841749e-07,13.6,ASK
349,1712367343.155873,77834062.2434583,13.53,8.952473526646008e-06,13.6,BID
350,1712367343.159445,77899646.53735073,13.53,7.615098945414652e-06,13.6,BID
351,1712367358.375898,78063805.90650919,13.54,-1.9060811129703406e-05,13.6,ASK
352,1712367360.227996,78063805.90650919,13.54,-0.0,13.6,ASK
353,1712367387.9457235,78064544.4589464,13.54,8.568084305529494e-08,13.6,BID
354,1712367389.595747,78298887.40933906,13.54,2.7186561903977324e-05,13.6,BID
355,1712367390.2357106,78298887.40933906,13.54,0.0,13.6,BID
356,1712367409.7957397,78300219.40933906,13.54,1.54470758690351e-07,13.6,BID
357,1712367420.295982,78300219.40933906,13.54,0.0,13.6,BID
358,1712367430.1257062,78319188.40933906,13.54,2.199812081898909e-06,13.6,BID
359,1712367450.3084943,78319188.40933906,13.54,0.0,13.6,BID
360,1712367456.9657834,78320665.51421349,13.54,1.7129297108051125e-07,13.6,BID
361,1712367480.249905,78320665.51421349,13.54,0.0,13.6,BID
362,1712367510.2567573,78320665.51421349,13.54,0.0,13.6,BID
363,1712367510.5862348,78330665.51421349,13.53,-1.1596507246402068e-06,13.6,ASK
364,1712367510.5891433,78394086.95327368,13.53,-7.354671776388133e-06,13.6,ASK
365,1712367510.7657602,78475970.6195266,13.53,-9.49564529063852e-06,13.6,ASK
366,1712367533.825997,78615441.08047026,13.53,-1.617370210992295e-05,13.6,ASK
367,1712367539.1360855,78728852.63911799,13.53,-1.3151779616840616e-05,13.6,ASK
368,1712367540.3346632,78728852.63911799,13.53,-0.0,13.6,ASK
369,1712367542.0257883,78842264.1977657,13.53,-1.3143361968646392e-05,13.6,ASK
370,1712367553.5159383,78843855.48242229,13.53,-1.8441533196633162e-07,13.6,ASK
371,1712367553.519797,78991972.59254351,13.53,-1.7165417839995587e-05,13.6,ASK
372,1712367558.795774,78999363.57554424,13.53,8.565473047099473e-07,13.6,BID
373,1712367570.2924907,78999363.57554424,13.53,0.0,13.6,BID
374,1712367574.095726,79036318.49054793,13.53,4.280920719596943e-06,13.6,BID
375,1712367600.2636907,79036318.49054793,13.53,0.0,13.6,BID
376,1712367604.7657022,79091973.2152702,13.52,-6.481060428636174e-06,13.6,ASK
377,1712367628.545938,79094192.15018146,13.53,-2.5839767097565453e-07,13.6,ASK
378,1712367630.253293,79094192.15018146,13.53,-0.0,13.6,ASK
379,1712367637.1858258,79124192.15018146,13.53,-3.4932182093334864e-06,13.6,ASK
380,1712367643.996941,79155178.40024213,13.53,-3.608057765030653e-06,13.6,ASK
381,1712367645.1359828,79388974.08567107,13.53,-2.7223311520131668e-05,13.6,ASK
382,1712367645.3558097,79653121.08567107,13.53,-3.075743701136041e-05,13.6,ASK
383,1712367645.995687,79737788.59287333,13.53,-9.858735929927849e-06,13.6,ASK
384,1712367651.6855526,79738527.6911734,13.53,8.606105467634833e-08,13.6,BID
385,1712367660.3050404,79738527.6911734,13.53,0.0,13.6,BID
386,1712367664.9659138,79784523.09701815,13.53,5.350301814389246e-06,13.6,BID
387,1712367669.7259552,79788218.58851852,13.53,4.298689079119962e-07,13.6,BID
388,1712367690.3060489,79788218.58851852,13.53,0.0,13.6,BID
389,1712367699.4057152,79812477.2497611,13.52,-2.8216080989252024e-06,13.6,ASK
390,1712367699.4157758,79870207.12436368,13.52,-6.714759734662265e-06,13.6,ASK
391,1712367699.4197347,79902396.4734761,13.52,-3.744053608171989e-06,13.6,ASK
392,1712367720.2435238,79902396.4734761,13.52,-0.0,13.6,ASK
393,1712367738.055972,79904292.4736333,13.52,-2.204906923778761e-07,13.6,ASK
394,1712367738.0591097,79951103.31178702,13.52,-5.443751719148291e-06,13.6,ASK
395,1712367740.965896,79975719.36869758,13.53,2.862664019931927e-06,13.6,BID
396,1712367744.345817,79980719.36869758,13.53,5.814627481430488e-07,13.6,BID
397,1712367750.245765,79980719.36869758,13.53,0.0,13.6,BID
398,1712367769.2060475,80000195.29222879,13.53,2.2646258481262948e-06,13.6,BID
399,1712367779.0057,80000564.91528866,13.53,4.2979113883934987e-08,13.6,BID
400,1712367780.2846725,80000564.91528866,13.53,0.0,13.6,BID
401,1712367781.0857613,80000934.53834851,13.53,4.2977772034710665e-08,13.6,BID
402,1712367783.005618,80001304.16140836,13.53,4.2977772034710665e-08,13.6,BID
403,1712367789.6761615,80007190.53845839,13.52,-6.844361146363871e-07,13.6,ASK
404,1712367798.075854,80023774.05594584,13.53,1.9282417996080105e-06,13.6,BID
405,1712367798.0798936,80025649.50002527,13.53,2.180665030515157e-07,13.6,BID
406,1712367810.255945,80025649.50002527,13.53,0.0,13.6,BID
407,1712367826.42055,80103180.39510672,13.52,-9.014517841683756e-06,13.6,ASK
408,1712367840.282036,80103180.39510672,13.52,-0.0,13.6,ASK
409,1712367845.9357402,80170068.987142,13.52,-7.77618944140956e-06,13.6,ASK
410,1712367849.53569,80231470.08965129,13.52,-7.13823673806468e-06,13.6,ASK
411,1712367861.2460053,80286986.11273576,13.52,-6.45406188712816e-06,13.6,ASK
412,1712367866.525905,80323066.16056117,13.52,-4.194516260673206e-06,13.6,ASK
413,1712367866.5300872,80471948.45018558,13.52,-1.7308435614545183e-05,13.6,ASK
414,1712367870.2505786,80471948.45018558,13.52,-0.0,13.6,ASK
415,1712367900.2773156,80471948.45018558,13.52,-0.0,13.6,ASK
416,1712367904.2562318,80605018.01008017,13.52,1.5493990275943683e-05,13.6,BID
417,1712367911.945746,80606573.90125765,13.51,-1.8116061098666805e-07,13.6,ASK
418,1712367921.406206,80680961.89190044,13.51,-8.661385853979673e-06,13.6,ASK
419,1712367928.5240855,80699688.48366071,13.51,-2.1804357876072246e-06,13.6,ASK
420,1712367930.242176,80699688.48366071,13.51,-0.0,13.6,ASK
421,1712367930.9259207,80748001.57537669,13.52,5.623332531518623e-06,13.6,BID
422,1712367932.6967585,80750780.0841558,13.51,-3.234005163346691e-07,13.6,ASK
423,1712367947.5657444,80751149.9806055,13.52,4.30535630201325e-08,13.6,BID
424,1712367956.3758442,80801149.9806055,13.51,-5.819677784830162e-06,13.6,ASK
425,1712367960.2993734,80801149.9806055,13.51,-0.0,13.6,ASK
426,1712367967.120364,80830735.77942207,13.51,-3.4430468034123864e-06,13.6,ASK
427,1712367968.3659563,80878845.67417882,13.52,5.59878813418832e-06,13.6,BID
428,1712367990.3516178,80878845.67417882,13.52,0.0,13.6,BID
429,1712367998.829003,80882951.70228533,13.52,4.777805566785471e-07,13.6,BID
430,1712368008.6758046,80956916.19932675,13.52,8.606565190058915e-06,13.6,BID
431,1712368020.2224555,80956916.19932675,13.52,0.0,13.6,BID
432,1712368031.1258314,81006916.19932675,13.51,-5.817323582735255e-06,13.6,ASK
433,1712368031.323933,81010614.42417882,13.52,4.302754129241129e-07,13.6,BID
434,1712368043.7965567,81471380.88795882,13.51,-5.360855231761857e-05,13.6,ASK
435,1712368043.8008718,81894779.40791407,13.51,-4.9260923900617306e-05,13.6,ASK
436,1712368043.8050897,82115316.9909744,13.5,-2.5658769656325178e-05,13.6,ASK
437,1712368043.807559,82125316.9909744,13.51,-1.163464716547051e-06,13.6,ASK
438,1712368043.8094206,82458614.14953332,13.5,-3.877794841086914e-05,13.6,ASK
439,1712368043.811345,82462683.43247141,13.51,-4.7344671201180614e-07,13.6,ASK
440,1712368043.8132288,82670468.61765657,13.5,-2.417507315841336e-05,13.6,ASK
441,1712368043.8151305,82681949.00255665,13.51,-1.33570227636205e-06,13.6,ASK
442,1712368043.817032,82690279.86922331,13.5,-9.692669424916515e-07,13.6,ASK
443,1712368043.8189833,82691760.25412337,13.51,-1.722375598132654e-07,13.6,ASK
444,1712368043.821154,82877392.4283398,13.5,-2.1597648495671923e-05,13.6,ASK
445,1712368043.8230884,82894852.7614264,13.51,-2.031448148542961e-06,13.6,ASK
446,1712368043.8250198,83298957.94661158,13.5,-4.701621247366679e-05,13.6,ASK
447,1712368043.82698,83609701.81047107,13.49,-3.615395214840164e-05,13.6,ASK
448,1712368043.8289044,83673489.32935975,13.5,-7.421452758306021e-06,13.6,ASK
449,1712368043.8308437,83680902.22780304,13.49,-8.624645786104761e-07,13.6,ASK
450,1712368043.8327994,83754976.30187711,13.5,-8.618257159607849e-06,13.6,ASK
451,1712368043.8347623,83762349.44728072,13.51,-8.578394527069764e-07,13.6,ASK
452,1712368043.8367283,83772349.44728072,13.49,-1.163464716547051e-06,13.6,ASK
453,1712368044.0257728,83774571.66950294,13.5,-2.5854771478842617e-07,13.6,ASK
454,1712368044.0857065,83792889.06950293,13.5,2.1311648598868542e-06,13.6,BID
455,1712368044.4956968,83804327.29440294,13.5,1.3307971091088353e-06,13.6,BID
456,1712368050.228668,83804327.29440294,13.5,0.0,13.6,BID
457,1712368059.4458482,83827058.99128512,13.49,-2.632975065675496e-06,13.6,ASK
458,1712368062.0164156,83827545.04455478,13.5,5.629875087034212e-08,13.6,BID
459,1712368064.385805,83867203.30381402,13.5,4.593550948656083e-06,13.6,BID
460,1712368069.199305,83877203.30381402,13.5,1.1582835541592672e-06,13.6,BID
461,1712368080.309557,83877203.30381402,13.5,0.0,13.6,BID
462,1712368087.5757625,83881203.30381402,13.5,4.632606430121294e-07,13.6,BID
463,1712368087.579734,83932026.04221272,13.5,5.88604361755486e-06,13.6,BID
464,1712368102.5657623,83936470.48665717,13.5,-5.147340477916383e-07,13.6,ASK
465,1712368110.296363,83936470.48665717,13.5,-0.0,13.6,ASK
466,1712368122.5157397,84196737.32740653,13.5,-3.014005308660367e-05,13.6,ASK
467,1712368138.8157928,84216871.55559444,13.5,-2.331632814593069e-06,13.6,ASK
468,1712368140.2598965,84216871.55559444,13.5,-0.0,13.6,ASK
469,1712368140.386624,84291138.78588462,13.5,-8.596705737310158e-06,13.6,ASK
470,1712368170.2337606,84291138.78588462,13.5,-0.0,13.6,ASK
471,1712368182.9557562,84365212.8599587,13.5,-8.573352208196401e-06,13.6,ASK
472,1712368182.959916,84402492.25193255,13.5,-4.314726326239879e-06,13.6,ASK
473,1712368189.3880837,84407072.77045105,13.5,5.301503804969593e-07,13.6,BID
474,1712368200.2726922,84407072.77045105,13.5,0.0,13.6,BID
475,1712368230.2295232,84407072.77045105,13.5,0.0,13.6,BID
476,1712368239.085809,84417072.77045105,13.5,1.1651485181752256e-06,13.6,BID
477,1712368243.165794,84689703.40008068,13.5,3.1765517412213855e-05,13.6,BID
478,1712368247.8499272,84710751.31362765,13.5,2.452394527992597e-06,13.6,BID
479,1712368247.8543725,84858202.21944317,13.5,1.7180220441455588e-05,13.6,BID
480,1712368260.293219,84858202.21944317,13.5,0.0,13.6,BID
481,1712368263.935724,84858602.21944317,13.5,-4.657289240266237e-08,13.6,ASK
482,1712368266.9865065,84962061.51731835,13.5,-1.204599686998948e-05,13.6,ASK
483,1712368267.0757933,84984358.061344,13.5,2.5960363646439326e-06,13.6,BID
484,1712368267.0857213,85016335.90846622,13.5,3.7232520832301e-06,13.6,BID
485,1712368267.09559,85079298.87142912,13.5,7.330918248559384e-06,13.6,BID
486,1712368290.318777,85079298.87142912,13.5,0.0,13.6,BID
487,1712368301.925844,85160186.87142912,13.5,9.414698435223573e-06,13.6,BID
488,1712368302.845754,85192642.8925738,13.5,3.777614126749066e-06,13.6,BID
489,1712368302.8504102,85234379.8490144,13.5,4.85783872134668e-06,13.6,BID
490,1712368306.905992,85257306.46796985,13.5,2.668470027752273e-06,13.6,BID
491,1712368307.3860476,85331270.96501127,13.5,-8.608859590519574e-06,13.6,ASK
492,1712368320.2710764,85331270.96501127,13.5,-0.0,13.6,ASK
493,1712368342.8756716,85346764.09004161,13.5,-1.8025587549708344e-06,13.6,ASK
494,1712368350.2732973,85346764.09004161,13.5,-0.0,13.6,ASK
495,1712368358.2757242,85604750.21938477,13.5,-3.001485104233208e-05,13.6,ASK
496,1712368358.2855952,85685638.21938477,13.5,-9.410743427537926e-06,13.6,ASK
497,1712368380.3316455,85685638.21938477,13.5,-0.0,13.6,ASK
498,1712368386.806091,85707876.91471463,13.49,-2.5859376596097947e-06,13.6,ASK
499,1712368386.8112743,86088956.2983762,13.49,-4.431229057705468e-05,13.6,ASK
500,1712368386.8157902,86329145.33337682,13.49,-2.7929420400821617e-05,13.6,ASK
501,1712368392.6459477,86366182.37041385,13.49,4.306703583722411e-06,13.6,BID
502,1712368407.6362343,86366682.37041385,13.49,5.8140498380263824e-08,13.6,BID
503,1712368410.2934818,86366682.37041385,13.49,0.0,13.6,BID
504,1712368427.0757892,86370388.8196355,13.49,4.305296721897953e-07,13.6,BID
505,1712368437.5756352,86517787.09973931,13.49,1.7121328101277234e-05,13.6,BID
506,1712368440.226169,86517787.09973931,13.49,0.0,13.6,BID
507,1712368443.7658455,86535561.68441215,13.48,-2.0641520144692404e-06,13.6,ASK
508,1712368443.7707386,86545561.68441215,13.48,-1.16129409067065e-06,13.6,ASK
509,1712368462.0662105,86550042.29261765,13.48,-5.203303831654401e-07,13.6,ASK
510,1712368462.0717769,86575235.2749166,13.48,-2.92564614701471e-06,13.6,ASK
511,1712368464.0958705,86597490.46779492,13.48,-2.58448239763295e-06,13.6,ASK
512,1712368470.2524452,86597490.46779492,13.48,-0.0,13.6,ASK
513,1712368481.5958788,86764523.8425681,13.49,1.939506719211385e-05,13.6,BID
514,1712368481.6056058,86832713.7608932,13.49,7.91786701032637e-06,13.6,BID
515,1712368500.2417035,86832713.7608932,13.49,0.0,13.6,BID
516,1712368512.0957353,86867615.53306377,13.49,-4.070340160014485e-06,13.6,ASK
517,1712368530.246967,86867615.53306377,13.49,-0.0,13.6,ASK
518,1712368556.8158016,86875701.25068672,13.49,-9.429267362434208e-07,13.6,ASK
519,1712368556.8208578,86883108.65809412,13.5,-8.638246864894817e-07,13.6,ASK
520,1712368560.3351536,86883108.65809412,13.5,-0.0,13.6,ASK
521,1712368562.729121,87053917.17578185,13.49,-1.99185772735184e-05,13.6,ASK
522,1712368562.7329853,87190888.48378979,13.49,-1.5972702179869987e-05,13.6,ASK
523,1712368565.0957975,87322896.40127946,13.49,1.5393903892085444e-05,13.6,BID
524,1712368576.265385,87323341.17518605,13.49,-5.1866637258836994e-08,13.6,ASK
525,1712368576.270207,87494292.71342137,13.49,-1.9935255398635388e-05,13.6,ASK
526,1712368579.3352935,87513983.73640136,13.49,2.296238900325877e-06,13.6,BID
527,1712368590.3114183,87513983.73640136,13.49,0.0,13.6,BID
528,1712368593.1759217,87536238.9292797,13.48,-2.592682618624572e-06,13.6,ASK
529,1712368603.865104,87555097.42456035,13.48,-2.196974575545425e-06,13.6,ASK
530,1712368620.2365086,87555097.42456035,13.48,-0.0,13.6,ASK
531,1712368627.1095312,87555468.42456035,13.48,-4.321792028768058e-08,13.6,ASK
532,1712368649.7153442,87629661.40214564,13.48,-8.64276601397994e-06,13.6,ASK
533,1712368650.267538,87629661.40214564,13.48,-0.0,13.6,ASK
534,1712368650.4372709,87809772.30083832,13.48,-2.0978725502644016e-05,13.6,ASK
535,1712368650.4402225,87935600.97748472,13.48,-1.4656110690057612e-05,13.6,ASK
536,1712368650.4538128,87939836.12622339,13.48,-4.932962052616837e-07,13.6,ASK
537,1712368653.6115944,88113225.57699694,13.48,-2.019583334065248e-05,13.6,ASK
538,1712368653.6171756,88263735.6799541,13.48,-1.75309221053885e-05,13.6,ASK
539,1712368653.6199431,88790473.39381228,13.48,-6.135267766208815e-05,13.6,ASK
540,1712368664.23589,88798296.25790972,13.47,-9.111814983751896e-07,13.6,ASK
541,1712368666.0387049,88814256.04277617,13.48,1.8589432856355857e-06,13.6,BID
542,1712368677.5459251,89031519.53132014,13.47,-2.530613705774608e-05,13.6,ASK
543,1712368677.550823,89055880.15492813,13.47,-2.837445370906256e-06,13.6,ASK
544,1712368677.5547342,89344746.47176765,13.47,-3.364619915797585e-05,13.6,ASK
545,1712368679.6658118,89346248.8491822,13.46,-1.7499198332848253e-07,13.6,ASK
546,1712368679.6778755,89419248.85272004,13.46,-8.502800480304723e-06,13.6,ASK
547,1712368680.305011,89419248.85272004,13.46,-0.0,13.6,ASK
548,1712368701.3614874,89447890.85272004,13.48,3.3267809552007846e-06,13.6,BID
549,1712368710.3215554,89447890.85272004,13.48,0.0,13.6,BID
550,1712368722.73522,89449374.53224526,13.47,-1.723223046100088e-07,13.6,ASK
551,1712368726.4853833,89496974.10619351,13.47,-5.528463621525982e-06,13.6,ASK
552,1712368726.490425,89513834.57389952,13.47,-1.9582629553770825e-06,13.6,ASK
553,1712368733.6195383,89524162.96188658,13.46,-1.1995930324410035e-06,13.6,ASK
554,1712368733.6255238,89908558.76671447,13.46,-4.464574043390828e-05,13.6,ASK
555,1712368733.6304953,90713485.7504051,13.46,-9.348843231572636e-05,13.6,ASK
556,1712368733.6330812,91529126.06971772,13.45,-9.473273518103613e-05,13.6,ASK
557,1712368733.6359577,91530683.70344728,13.46,-1.8091173292661368e-07,13.6,ASK
558,1712368733.6385934,91547183.70344728,13.45,-1.9163963495629963e-06,13.6,ASK
559,1712368733.6412556,91723413.5354886,13.44,-2.046825495806616e-05,13.6,ASK
560,1712368733.643918,92354319.37600884,13.45,-7.327670604187738e-05,13.6,ASK
561,1712368733.7752454,92430319.37600884,13.45,8.827037731320467e-06,13.6,BID
562,1712368740.2356515,92430319.37600884,13.45,0.0,13.6,BID
563,1712368742.3352935,92586437.56246492,13.45,-1.8048271845061057e-05,13.6,ASK
564,1712368742.3403673,93692660.55326428,13.45,-0.0001278865307907,13.6,ASK
565,1712368744.4552171,93753623.15995088,13.45,7.047671529113393e-06,13.6,BID
566,1712368745.9452045,93812045.65802552,13.45,6.754018548733669e-06,13.6,BID
567,1712368747.5555108,93819480.60226344,13.45,8.595276297075144e-07,13.6,BID
568,1712368754.035254,93831502.44241212,13.45,-1.3898024567589657e-06,13.6,ASK
569,1712368754.0451188,94203249.65430804,13.45,-4.297638148537917e-05,13.6,ASK
570,1712368754.1554525,94429564.88610268,13.45,2.616350419403216e-05,13.6,BID
571,1712368754.1851704,94593589.22190788,13.45,1.8962273832530103e-05,13.6,BID
572,1712368754.1891456,94691115.5206118,13.45,1.1274670754303916e-05,13.6,BID
573,1712368754.2152262,94758654.95300215,13.45,7.80799510751108e-06,13.6,BID
574,1712368754.2551568,94764018.87924962,13.45,6.201045584033518e-07,13.6,BID
575,1712368754.3051322,94820753.03616288,13.45,6.558835393331513e-06,13.6,BID
576,1712368758.115259,94828183.03616284,13.48,8.589560438321002e-07,13.6,BID
577,1712368770.2351663,94828183.03616284,13.48,0.0,13.6,BID
578,1712368787.1554675,94843021.88606286,13.47,-1.7090946728664628e-06,13.6,ASK
579,1712368787.1616302,94843480.61406286,13.47,-5.2834929012558286e-08,13.6,ASK
580,1712368800.3967605,94843480.61406286,13.47,-0.0,13.6,ASK
581,1712368830.2394931,94843480.61406286,13.47,-0.0,13.6,ASK
582,1712368833.5161915,94875297.3920881,13.47,-3.676863980968117e-06,13.6,ASK
583,1712368833.5215006,94878599.13313092,13.47,-3.815613480789297e-07,13.6,ASK
584,1712368853.0153213,94899166.46052513,13.47,2.376836058652162e-06,13.6,BID
585,1712368857.2268157,94914907.92607552,13.46,-1.8191417007727864e-06,13.6,ASK
586,1712368860.3509507,94914907.92607552,13.46,-0.0,13.6,ASK
587,1712368869.386882,94924157.63134871,13.46,-1.0688111697664208e-06,13.6,ASK
588,1712368873.6384673,94931587.05185394,13.46,-8.584757445052265e-07,13.6,ASK
589,1712368880.507172,95124163.22108188,13.47,2.2252337195876635e-05,13.6,BID
590,1712368889.3571968,95146254.10585476,13.47,2.552620186041514e-06,13.6,BID
591,1712368890.3198287,95146254.10585476,13.47,0.0,13.6,BID
592,1712368907.0875924,95176254.10585476,13.47,3.465277334488902e-06,13.6,BID
593,1712368915.8278246,95250493.15559494,13.47,8.575296546621376e-06,13.6,BID
594,1712368915.8309655,95254821.14621475,13.47,4.99922926623425e-07,13.6,BID
595,1712368920.2421453,95254821.14621475,13.47,0.0,13.6,BID
596,1712368936.6082957,95257322.25730243,13.47,-2.888526589725946e-07,13.6,ASK
597,1712368936.61338,95257571.53102235,13.47,-2.8788556080557225e-08,13.6,ASK
598,1712368939.1579986,95259797.05031018,13.48,2.570246347911208e-07,13.6,BID
599,1712368939.6583178,95461819.93680732,13.47,-2.333156980730284e-05,13.6,ASK
600,1712368940.0780735,95462561.77656996,13.48,8.567487826428059e-08,13.6,BID
601,1712368944.418343,95476935.4514029,13.47,-1.6600119103697915e-06,13.6,ASK
602,1712368944.423716,96221640.48187885,13.46,-8.600578729303417e-05,13.6,ASK
603,1712368944.4289885,96222382.87237623,13.47,-8.57384824777974e-08,13.6,ASK
604,1712368944.4334624,96463834.2104694,13.47,-2.7885151269069785e-05,13.6,ASK
605,1712368950.227817,96463834.2104694,13.47,-0.0,13.6,ASK
606,1712368980.3099964,96463834.2104694,13.47,-0.0,13.6,ASK
607,1712368983.998722,96519961.90870205,13.47,6.470009811406756e-06,13.6,BID
608,1712368989.7804704,96520407.67393236,13.46,-5.138470852223523e-08,13.6,ASK
609,1712368989.7859538,96521039.57292816,13.46,-7.2840911551599e-08,13.6,ASK
610,1712368989.79089,96604749.30564591,13.47,-9.649474484936732e-06,13.6,ASK
611,1712368989.7950406,96850388.78317311,13.46,-2.8315606727398187e-05,13.6,ASK
612,1712368989.798515,96923906.33903658,13.46,-8.474591382238304e-06,13.6,ASK
613,1712368989.8009672,96931341.28327449,13.45,-8.570485461046344e-07,13.6,ASK
614,1712368989.8033748,97302812.3085345,13.46,-4.282059043510728e-05,13.6,ASK
615,1712368989.8057976,97419498.02679826,13.45,-1.3450716237966036e-05,13.6,ASK
616,1712368989.8082268,97420240.9688488,13.46,-8.564118087153718e-08,13.6,ASK
617,1712368989.8106573,97791988.1807447,13.45,-4.2852427305319325e-05,13.6,ASK
618,1712368989.8131733,97816343.31372796,13.46,-2.8074899616725333e-06,13.6,ASK
619,1712368991.0989633,97817085.1534906,13.48,8.55141168038638e-08,13.6,BID
620,1712368997.808993,97868631.54524316,13.45,-5.941908734603017e-06,13.6,ASK
621,1712369010.3210127,97868631.54524316,13.45,-0.0,13.6,ASK
622,1712369014.2994535,97964973.71975297,13.45,-1.1081505720980614e-05,13.6,ASK
623,1712369025.2993715,98193205.38806514,13.45,-2.6251748530472e-05,13.6,ASK
624,1712369039.7896614,98274333.76845148,13.46,-9.331578988736638e-06,13.6,ASK
625,1712369039.7952082,98738194.13493244,13.45,-5.335432100270668e-05,13.6,ASK
626,1712369040.226378,98738194.13493244,13.45,-0.0,13.6,ASK
627,1712369070.2916265,98738194.13493244,13.45,-0.0,13.6,ASK
628,1712369073.390131,98738694.13493244,13.46,-5.7433918703731785e-08,13.6,ASK
629,1712369073.4003778,98787191.59916328,13.45,-5.570798835941881e-06,13.6,ASK
630,1712369100.3356924,98787191.59916328,13.45,-0.0,13.6,ASK
631,1712369130.3195815,98787191.59916328,13.45,-0.0,13.6,ASK
632,1712369137.4909933,98787563.59916328,13.47,4.317571973939973e-08,13.6,BID
633,1712369137.4965456,98822084.38804065,13.47,4.006612649871577e-06,13.6,BID
634,1712369137.5508363,99061738.80959666,13.47,-2.781519392314592e-05,13.6,ASK
635,1712369152.6710806,99152273.73199134,13.46,-1.0507823752529357e-05,13.6,ASK
636,1712369160.2613573,99152273.73199134,13.46,-0.0,13.6,ASK
637,1712369174.701375,99152773.73199134,13.47,5.799878398017752e-08,13.6,BID
638,1712369177.5614226,99153144.92724004,13.47,4.305774608685359e-08,13.6,BID
639,1712369181.061507,99228787.89244424,13.46,-8.774399996999743e-06,13.6,ASK
640,1712369190.224571,99228787.89244424,13.46,-0.0,13.6,ASK
641,1712369213.8918314,99422425.52098824,13.46,-2.2458810942602824e-05,13.6,ASK
642,1712369219.2119002,99425581.91142948,13.47,3.660898799156653e-07,13.6,BID
643,1712369219.2164044,99508333.5251036,13.47,9.597839328426264e-06,13.6,BID
644,1712369220.3177464,99508333.5251036,13.47,0.0,13.6,BID
645,1712369232.2827327,99510659.54070362,13.47,-2.6966221329581125e-07,13.6,ASK
646,1712369243.9720533,99589392.68966109,13.47,-9.127778509961669e-06,13.6,ASK
647,1712369244.052474,99633985.77771236,13.47,-5.169815207410518e-06,13.6,ASK
648,1712369244.27207,99690719.77771236,13.47,-6.5773488402458825e-06,13.6,ASK
649,1712369244.7321403,99707758.28148252,13.47,-1.9753266649993618e-06,13.6,ASK
650,1712369247.8020463,99719413.79059966,13.46,-1.3512593748740627e-06,13.6,ASK
651,1712369247.8120048,99724470.3178207,13.46,-5.862189067044839e-07,13.6,ASK
652,1712369250.306241,99724470.3178207,13.46,-0.0,13.6,ASK
653,1712369254.8924203,99728350.611231,13.46,-4.497026911256437e-07,13.6,ASK
654,1712369274.2927742,99743198.42117904,13.47,1.7207719584292865e-06,13.6,BID
655,1712369275.1923163,99808862.0789489,13.46,-7.610023388889347e-06,13.6,ASK
656,1712369275.1950254,99852653.03012548,13.46,-5.075108119068012e-06,13.6,ASK
657,1712369280.2663052,99852653.03012548,13.46,-0.0,13.6,ASK
658,1712369310.2591033,99852653.03012548,13.46,-0.0,13.6,ASK
659,1712369314.3126757,99862012.2353087,13.46,-1.0844587818187849e-06,13.6,ASK
660,1712369332.013085,99870187.41963331,13.46,-9.472653136935156e-07,13.6,ASK
661,1712369332.018596,100227595.14911428,13.46,-4.141312679204038e-05,13.6,ASK
662,1712369340.3754363,100227595.14911428,13.46,-0.0,13.6,ASK
663,1712369343.7270725,100246885.65348025,13.47,2.233900251946882e-06,13.6,BID
664,1712369343.7298238,100249891.69313993,13.47,3.4810871845321013e-07,13.6,BID
665,1712369343.7495534,100255141.84593214,13.46,-6.07983981278467e-07,13.6,ASK
666,1712369343.7522254,100264239.9142828,13.46,-1.0535845406210551e-06,13.6,ASK
667,1712369355.5832243,100271982.57791282,13.46,8.966244689986252e-07,13.6,BID
668,1712369370.3417308,100271982.57791282,13.46,0.0,13.6,BID
669,1712369395.7438931,100308240.7359984,13.46,-4.19851660102131e-06,13.6,ASK
670,1712369400.299708,100308240.7359984,13.46,-0.0,13.6,ASK
671,1712369423.1546617,100309440.01463053,13.46,-1.396824036825747e-07,13.6,ASK
672,1712369430.2730298,100309440.01463053,13.46,-0.0,13.6,ASK
673,1712369443.4340131,100316858.41225664,13.48,8.640341251007817e-07,13.6,BID
674,1712369460.3198798,100316858.41225664,13.48,0.0,13.6,BID
675,1712369478.2743473,100320567.61106968,13.48,4.320120308285029e-07,13.6,BID
676,1712369488.8545408,100347224.67190842,13.48,3.1047596986024573e-06,13.6,BID
677,1712369488.8601696,100503878.26555523,13.48,1.824551352972122e-05,13.6,BID
678,1712369490.3060496,100503878.26555523,13.48,0.0,13.6,BID
679,1712369510.6346776,100512851.11254714,13.48,-1.0447646994579705e-06,13.6,ASK
680,1712369510.6415114,100543724.38983455,13.48,-3.5947687835969886e-06,13.6,ASK
681,1712369511.5515037,100571843.53097256,13.48,-3.274087484896638e-06,13.6,ASK
682,1712369517.684405,100571843.53097324,13.48,-7.807659313310583e-17,13.6,ASK
683,1712369520.2989872,100571843.53097324,13.48,-0.0,13.6,ASK
684,1712369529.0045297,100646027.50723432,13.48,8.636783034757625e-06,13.6,BID
685,1712369532.1445053,100661259.46067113,13.47,-1.7733624383527415e-06,13.6,ASK
686,1712369541.7645252,100720256.4403161,13.47,6.868654641888455e-06,13.6,BID
687,1712369550.0962467,100742327.6121188,13.47,-2.569610471024467e-06,13.6,ASK
688,1712369550.278833,100742327.6121188,13.47,-0.0,13.6,ASK
689,1712369565.044741,100744589.510123,13.47,2.63268431044989e-07,13.6,BID
690,1712369574.385164,100748301.46261,13.47,4.320441971924159e-07,13.6,BID
691,1712369580.3088038,100748301.46261,13.47,0.0,13.6,BID
692,1712369585.4847753,100775112.97217602,13.47,3.120634942314743e-06,13.6,BID
693,1712369597.5950625,100822951.2653531,13.47,5.567976279051569e-06,13.6,BID
694,1712369604.6650157,100845711.1428691,13.47,2.649058938079409e-06,13.6,BID
695,1712369609.4550383,100894766.6779758,13.46,-5.709653035053406e-06,13.6,ASK
696,1712369610.3403986,100894766.6779758,13.46,-0.0,13.6,ASK
697,1712369613.5752542,100943442.16200984,13.47,5.664117962784439e-06,13.6,BID
698,1712369613.715043,100943736.7734774,13.47,-3.428243475204682e-08,13.6,ASK
699,1712369615.845166,100951166.19398262,13.46,-8.645237940974405e-07,13.6,ASK
700,1712369622.1252184,101000729.92745754,13.46,-5.767479022532603e-06,13.6,ASK
701,1712369638.3553712,101010729.92745754,13.47,1.163649026853563e-06,13.6,BID
702,1712369638.4951427,101030148.341732,13.47,2.259621887350787e-06,13.6,BID
703,1712369640.412441,101030148.341732,13.47,0.0,13.6,BID
704,1712369642.3553689,101087837.40145116,13.47,6.711558059360891e-06,13.6,BID
705,1712369649.0456164,101111216.49317963,13.47,-2.719928739951263e-06,13.6,ASK
706,1712369670.244169,101111216.49317963,13.47,-0.0,13.6,ASK
707,1712369688.4715865,101185455.5429198,13.47,-8.63589046342071e-06,13.6,ASK
708,1712369694.705502,101237396.90705584,13.47,6.042102273256985e-06,13.6,BID
709,1712369695.009347,101241296.2240566,13.47,4.535897835213747e-07,13.6,BID
710,1712369700.2884722,101241296.2240566,13.47,0.0,13.6,BID
711,1712369730.2882702,101241296.2240566,13.47,0.0,13.6,BID
712,1712369743.8958974,101241741.65835504,13.47,5.24555745624102e-08,13.6,BID
713,1712369760.3307438,101241741.65835504,13.47,0.0,13.6,BID
714,1712369772.49601,101271422.43786134,13.47,3.4952881891435992e-06,13.6,BID
715,1712369772.8760347,101304830.0102444,13.47,3.934165312393411e-06,13.6,BID
716,1712369790.3192165,101304830.0102444,13.47,0.0,13.6,BID
717,1712369804.406089,101312253.9152184,13.47,8.741714758255098e-07,13.6,BID
718,1712369810.8781378,101648797.24376206,13.47,3.962827908258773e-05,13.6,BID
719,1712369810.8811216,102401895.48504908,13.47,8.86779940386116e-05,13.6,BID
720,1712369811.5162067,102417333.63319476,13.48,1.817855804431476e-06,13.6,BID
721,1712369811.5224595,102431786.06293008,13.48,1.70178657663628e-06,13.6,BID
722,1712369815.644031,102475100.014263,13.48,5.100256656456726e-06,13.6,BID
723,1712369820.261938,102475100.014263,13.48,0.0,13.6,BID
724,1712369840.6363018,102526086.66114728,13.48,5.992599642126465e-06,13.6,BID
725,1712369850.3027787,102526086.66114728,13.48,0.0,13.6,BID
726,1712369857.0863504,102583853.04221553,13.47,-6.788891879866247e-06,13.6,ASK
727,1712369880.344479,102583853.04221553,13.47,-0.0,13.6,ASK
728,1712369884.536758,102591276.94718954,13.47,-8.724015383891915e-07,13.6,ASK
729,1712369884.5430346,102944035.99222235,13.47,-4.145359277153468e-05,13.6,ASK
730,1712369888.4364693,103124127.46722578,13.47,-2.116299715496281e-05,13.6,ASK
731,1712369894.356728,103139885.4635985,13.48,1.851761347380014e-06,13.6,BID
732,1712369908.946718,103213316.69094206,13.47,-8.629086164837338e-06,13.6,ASK
733,1712369910.3238423,103213316.69094206,13.47,-0.0,13.6,ASK
734,1712369940.2695098,103213316.69094206,13.47,-0.0,13.6,ASK
735,1712369946.3368478,103250436.21581216,13.47,-4.357665747574682e-06,13.6,ASK
736,1712369970.271109,103250436.21581216,13.47,-0.0,13.6,ASK
737,1712369991.667243,103270476.06289469,13.47,-2.3524500900336e-06,13.6,ASK
738,1712369991.6736405,103319603.4199845,13.47,-5.766992888371064e-06,13.6,ASK
739,1712370000.2773662,103319603.4199845,13.47,-0.0,13.6,ASK
740,1712370007.6770425,103329603.4199845,13.47,-1.1785498490756114e-06,13.6,ASK
741,1712370018.1376157,103349563.57290196,13.47,-2.3524035208398143e-06,13.6,ASK
742,1712370018.1426203,103351790.74439415,13.47,-2.624832626002611e-07,13.6,ASK
743,1712370018.1476312,103355790.74439415,13.46,-4.714199396302445e-07,13.6,ASK
744,1712370018.1525133,103417988.82130226,13.47,-7.33035341528306e-06,13.6,ASK
745,1712370018.1561038,105470503.9948482,13.46,-0.0002418991448007,13.6,ASK
746,1712370030.264725,105470503.9948482,13.46,-0.0,13.6,ASK
747,1712370054.6142318,105841789.37741695,13.46,-4.360903280474981e-05,13.6,ASK
748,1712370054.6172063,105844018.2035685,13.46,-2.6178502392569495e-07,13.6,ASK
749,1712370060.3266714,105844018.2035685,13.46,-0.0,13.6,ASK
750,1712370082.4579508,105845505.19241609,13.45,-1.7455003441543538e-07,13.6,ASK
751,1712370082.4646256,107679491.945122,13.45,-0.0002152823481645,13.6,ASK
752,1712370082.4685154,108324097.02601646,13.45,-7.566690176415305e-05,13.6,ASK
753,1712370082.471498,108834563.17776354,13.45,-5.992101722898896e-05,13.6,ASK
754,1712370082.5974684,108872249.73858556,13.45,4.423833103503971e-06,13.6,BID
755,1712370082.603742,108909424.45977512,13.45,4.363750860385884e-06,13.6,BID
756,1712370082.617287,108924137.75869648,13.45,1.7271190952502274e-06,13.6,BID
757,1712370082.6210716,108938927.83036768,13.45,1.736131056672352e-06,13.6,BID
758,1712370082.637112,108950035.39259656,13.45,1.3038600608705128e-06,13.6,BID
759,1712370082.6827683,109059791.39259656,13.45,1.2883696880735564e-05,13.6,BID
760,1712370083.0273998,109067221.39259656,13.45,8.721697932128106e-07,13.6,BID
761,1712370083.3472784,109173231.75555128,13.45,1.2444015657687872e-05,13.6,BID
762,1712370083.5272667,109173973.95503104,13.45,8.712301033429816e-08,13.6,BID
763,1712370083.8676078,109196278.78774478,13.45,2.618250516229781e-06,13.6,BID
764,1712370086.2573977,109203708.78774478,13.45,8.721697932128106e-07,13.6,BID
765,1712370087.707481,109257907.08646676,13.45,6.362061775081015e-06,13.6,BID
766,1712370090.3320005,109257907.08646676,13.45,0.0,13.6,BID
767,1712370106.4473648,109364999.05235326,13.45,-1.2503585935519766e-05,13.6,ASK
768,1712370107.5876358,109370904.5641643,13.45,-6.895015308687398e-07,13.6,ASK
769,1712370111.167899,109382315.0046824,13.45,-1.3322327440638713e-06,13.6,ASK
770,1712370111.1758463,109416832.76438987,13.45,-4.030141488501198e-06,13.6,ASK
771,1712370112.02747,109430360.5275849,13.45,1.5794420078479948e-06,13.6,BID
772,1712370113.427239,109431105.91668524,13.45,8.70283461002421e-08,13.6,BID
773,1712370120.2615178,109431105.91668524,13.45,0.0,13.6,BID
774,1712370125.467427,109434081.789057,13.45,-3.4735526672800813e-07,13.6,ASK
775,1712370125.4740322,109434823.3888042,13.45,-8.656237426370454e-08,13.6,ASK
776,1712370129.237571,109483165.9884107,13.45,-5.642734123995945e-06,13.6,ASK
777,1712370134.1776388,109529356.55532424,13.48,5.391540592590213e-06,13.6,BID
778,1712370134.183886,109530927.95493454,13.48,1.8341980521761845e-07,13.6,BID
779,1712370134.1889637,109584494.85897931,13.49,6.252535027713693e-06,13.6,BID
780,1712370134.1943486,109595436.48774004,13.48,1.277148984184099e-06,13.6,BID
781,1712370150.2650585,109595436.48774004,13.48,0.0,13.6,BID
782,1712370180.2933075,109595436.48774004,13.48,0.0,13.6,BID
783,1712370210.2681456,109595436.48774004,13.48,0.0,13.6,BID
784,1712370219.787768,109596240.00754876,13.48,-9.376568876203929e-08,13.6,ASK
785,1712370237.5379205,109599145.68655308,13.48,-3.390743951845432e-07,13.6,ASK
786,1712370237.5419817,109662242.77302375,13.48,-7.363031636010442e-06,13.6,ASK
787,1712370237.5580552,109662242.7730247,13.48,-1.09548900393048e-16,13.6,ASK
788,1712370240.3569436,109662242.7730247,13.48,-0.0,13.6,ASK
789,1712370240.633559,109751691.8124248,13.47,-1.0437041361841764e-05,13.6,ASK
790,1712370240.6389472,109799950.2240808,13.46,-5.630860229333794e-06,13.6,ASK
791,1712370240.6420033,109825700.44489989,13.45,-3.004572453409332e-06,13.6,ASK
792,1712370240.6450405,109831285.17744076,13.46,-6.516345498475213e-07,13.6,ASK
793,1712370242.2579262,109857410.17744076,13.47,3.048302222212168e-06,13.6,BID
794,1712370248.5778668,109922817.25980118,13.46,-7.631791560104029e-06,13.6,ASK
795,1712370254.8779504,109938947.36593904,13.46,-1.88208376591568e-06,13.6,ASK
796,1712370254.8877676,109950050.76533625,13.46,-1.2955604614957658e-06,13.6,ASK
797,1712370268.2984817,109981969.53246205,13.46,-3.7243272252591375e-06,13.6,ASK
798,1712370268.3062606,110040096.50283794,13.46,-6.782337721236481e-06,13.6,ASK
799,1712370270.3199053,110040096.50283794,13.46,-0.0,13.6,ASK
800,1712370280.3280108,110041210.91591372,13.46,-1.2995417296705242e-07,13.6,ASK
801,1712370294.108262,110044925.62616634,13.47,4.331805765545246e-07,13.6,BID
802,1712370299.3943405,110103243.99010947,13.47,-6.800633373446195e-06,13.6,ASK
803,1712370299.5111308,110119703.96896848,13.47,1.9194345311871733e-06,13.6,BID
804,1712370299.588231,110119703.9689687,13.47,2.606486034574017e-17,13.6,BID
805,1712370300.288102,110119703.9689687,13.47,0.0,13.6,BID
806,1712370330.26991,110119703.9689687,13.47,0.0,13.6,BID
807,1712370333.7882135,110145687.63637748,13.47,-3.052030453313505e-06,13.6,ASK
808,1712370333.891374,110159913.78608204,13.47,1.67099745577102e-06,13.6,BID
809,1712370333.8944125,110185362.51489504,13.47,2.9891967947978247e-06,13.6,BID
810,1712370337.368387,110219878.7385946,13.47,4.05426086345589e-06,13.6,BID
811,1712370347.7294834,110231219.4896016,13.47,1.33207975965441e-06,13.6,BID
812,1712370348.648323,110269199.08925983,13.47,4.461067521299201e-06,13.6,BID
813,1712370351.678438,110298802.49578784,13.47,3.4772034610763428e-06,13.6,BID
814,1712370353.988762,110306226.40076184,13.47,8.720087009557173e-07,13.6,BID
815,1712370355.7462628,110361226.40076184,13.47,6.460276461032839e-06,13.6,BID
816,1712370355.758093,110387351.40076184,13.47,3.0686313189905983e-06,13.6,BID
817,1712370356.858499,110758546.64946266,13.47,4.360043504780162e-05,13.6,BID
818,1712370360.322246,110758546.64946266,13.47,0.0,13.6,BID
819,1712370361.218115,110765454.51433164,13.47,8.105755501744583e-07,13.6,BID
820,1712370362.6528082,110783028.33764271,13.47,2.062129437847108e-06,13.6,BID
821,1712370367.0086956,110790448.33764271,13.47,8.706699821657676e-07,13.6,BID
822,1712370367.0730271,110813924.16232172,13.47,2.7546759911851084e-06,13.6,BID
823,1712370369.1783166,110862094.46637034,13.47,5.652350103360945e-06,13.6,BID
824,1712370384.8483558,110869258.52282608,13.47,-8.406373189415368e-07,13.6,ASK
825,1712370389.298635,110877910.02687515,13.47,-1.0151758593167736e-06,13.6,ASK
826,1712370390.3422525,110877910.02687515,13.47,-0.0,13.6,ASK
827,1712370395.688482,110878281.51908006,13.47,4.3583032370069447e-08,13.6,BID
828,1712370397.3185656,110895030.51883397,13.47,1.9649731241538506e-06,13.6,BID
829,1712370416.1284113,110922791.5580472,13.47,-3.256892755035853e-06,13.6,ASK
830,1712370416.1331062,110923533.9485446,13.47,-8.709638763237554e-08,13.6,ASK
831,1712370420.247249,110923533.9485446,13.47,-0.0,13.6,ASK
832,1712370425.128647,110928677.96002205,13.46,-6.034459216226295e-07,13.6,ASK
833,1712370425.1375103,111651932.91395614,13.46,-8.484531073831154e-05,13.6,ASK
834,1712370425.1440468,111674221.17547174,13.46,-2.614644343356102e-06,13.6,ASK
835,1712370434.788584,111843263.5798878,13.46,-1.983042805668745e-05,13.6,ASK
836,1712370439.8693416,111999281.41049702,13.46,-1.830251040349272e-05,13.6,ASK
837,1712370450.2399535,111999281.41049702,13.46,-0.0,13.6,ASK
838,1712370454.3688774,112026251.59133416,13.46,-3.158516994740769e-06,13.6,ASK
839,1712370458.4087417,112029168.74419296,13.46,-3.416320022636134e-07,13.6,ASK
840,1712370469.388816,114631393.50460307,13.46,-0.000304750315896,13.6,ASK
841,1712370477.2903428,115222969.5915596,13.46,-6.928033355124596e-05,13.6,ASK
842,1712370477.3587337,117066295.7124376,13.46,-0.000215874595532,13.6,ASK
843,1712370477.3787498,117097146.1861606,13.46,-3.612943722488701e-06,13.6,ASK
844,1712370477.385779,117651476.48904502,13.46,-6.491842575816863e-05,13.6,ASK
845,1712370477.518749,117666299.29810642,13.45,-1.735920667826465e-06,13.6,ASK
846,1712370477.698784,117681833.42090642,13.45,1.8192236514279723e-06,13.6,BID
847,1712370480.3425243,117681833.42090642,13.45,0.0,13.6,BID
848,1712370501.309204,117692004.58479568,13.44,-1.1805846848550157e-06,13.6,ASK
849,1712370501.3174322,117739206.96574806,13.44,-5.4788624633127534e-06,13.6,ASK
850,1712370501.3220427,117787813.45033136,13.44,-5.641839214120831e-06,13.6,ASK
851,1712370502.9289718,117794171.07033134,13.45,7.379400121594856e-07,13.6,BID
852,1712370506.142938,117802257.72538334,13.45,9.38632118216654e-07,13.6,BID
853,1712370509.7000134,117803094.9190541,13.44,-9.717452562198317e-08,13.6,ASK
854,1712370509.707964,117806313.28027648,13.44,-3.735607852600805e-07,13.6,ASK
855,1712370510.3391492,117806313.28027648,13.44,-0.0,13.6,ASK
856,1712370514.3788571,117809913.85319316,13.44,-4.17843613771038e-07,13.6,ASK
857,1712370514.3854067,117848496.86564402,13.44,-4.477527806218032e-06,13.6,ASK
858,1712370514.390881,118278190.7012708,13.44,-4.986562673479765e-05,13.6,ASK
859,1712370514.4810524,118287365.90697078,13.44,1.0647752997982422e-06,13.6,BID
860,1712370514.7787857,118388545.9119178,13.44,1.174185883386718e-05,13.6,BID
861,1712370515.158889,118491008.28521308,13.44,1.1890676657371932e-05,13.6,BID
862,1712370540.3163188,118491008.28521308,13.44,0.0,13.6,BID
863,1712370546.5493305,118592188.3856178,13.44,-1.1729343914550434e-05,13.6,ASK
864,1712370546.5533254,118614881.9124035,13.44,-2.6307562380233253e-06,13.6,ASK
865,1712370546.556809,118622327.92878471,13.43,-8.631824497061969e-07,13.6,ASK
866,1712370546.5601077,118730224.66804785,13.43,-1.2507972980983632e-05,13.6,ASK
867,1712370546.5698986,118756876.12266304,13.43,-3.08958061668598e-06,13.6,ASK
868,1712370546.575426,118806416.85699214,13.43,-5.74302959179815e-06,13.6,ASK
869,1712370546.5802028,118969441.0508826,13.43,-1.889864537477946e-05,13.6,ASK
870,1712370546.828893,118990190.37638558,13.44,2.405373920820673e-06,13.6,BID
871,1712370547.1486645,119021731.0982856,13.44,3.656370897028996e-06,13.6,BID
872,1712370570.266033,119021731.0982856,13.44,0.0,13.6,BID
873,1712370582.289085,119022475.14590465,13.44,-8.618279216627693e-08,13.6,ASK
874,1712370583.9790905,119022869.49114272,13.45,-4.567687984672872e-08,13.6,ASK
875,1712370583.985733,119287300.19026478,13.44,-3.06289213230991e-05,13.6,ASK
876,1712370584.3248131,119294740.19026478,13.44,8.617727646618116e-07,13.6,BID
877,1712370586.629021,119394498.95542844,13.44,1.1555025114831798e-05,13.6,BID
878,1712370586.64093,119563487.78821844,13.45,1.957392118688172e-05,13.6,BID
879,1712370600.3875642,119563487.78821844,13.45,0.0,13.6,BID
880,1712370604.5591402,119564231.28264225,13.45,8.630523242157662e-08,13.6,BID
881,1712370613.8791957,119587373.47178592,13.43,-2.686357757204528e-06,13.6,ASK
882,1712370614.0020585,119782523.79442392,13.43,2.265315436600309e-05,13.6,BID
883,1712370614.058874,119859527.94806398,13.43,8.938683552512627e-06,13.6,BID
884,1712370614.0815642,119911826.03463098,13.43,6.070790004516261e-06,13.6,BID
885,1712370614.0882397,119936532.10170405,13.43,2.8678935479963662e-06,13.6,BID
886,1712370614.1591551,119953032.10170405,13.45,1.915328870515982e-06,13.6,BID
887,1712370614.1649125,119953032.10170405,13.45,0.0,13.6,BID
888,1712370618.559335,120085206.6863448,13.45,-1.534289684308477e-05,13.6,ASK
889,1712370618.8991814,120092656.6863448,13.45,8.648000051706378e-07,13.6,BID
890,1712370621.3769124,120101730.9864624,13.45,1.0533496360616458e-06,13.6,BID
891,1712370621.3804204,120320323.87169646,13.45,2.537437963503935e-05,13.6,BID
892,1712370628.262764,120469022.75645484,13.43,-1.7261046484317053e-05,13.6,ASK
893,1712370630.252776,120469022.75645484,13.43,-0.0,13.6,ASK
894,1712370638.87915,120474158.06846876,13.42,-5.952689102306772e-07,13.6,ASK
895,1712370638.883209,120490548.12435548,13.42,-1.899882749063697e-06,13.6,ASK
896,1712370645.1894984,120491293.28083836,13.42,-8.637615130489055e-08,13.6,ASK
897,1712370648.3395212,120513589.824864,13.46,2.5845439241215154e-06,13.6,BID
898,1712370648.3473513,120551293.28083836,13.46,4.370463778818103e-06,13.6,BID
899,1712370649.0006728,120552038.43732122,13.43,-8.637615130316325e-08,13.6,ASK
900,1712370658.34318,120553525.96940842,13.43,-1.724299520815571e-07,13.6,ASK
901,1712370658.3505769,120554014.87340844,13.43,-5.667218476826375e-08,13.6,ASK
902,1712370658.3543963,120561400.62629132,13.42,-8.561328032093845e-07,13.6,ASK
903,1712370660.4650218,120561400.62629132,13.42,-0.0,13.6,ASK
904,1712370670.749542,120566791.91948156,13.42,-6.24851458741543e-07,13.6,ASK
905,1712370670.7571807,120568275.62840164,13.42,-1.7196202290359533e-07,13.6,ASK
906,1712370670.7637672,120600859.84405088,13.42,-3.776514087064104e-06,13.6,ASK
907,1712370690.3180535,120600859.84405088,13.42,-0.0,13.6,ASK
908,1712370691.9895146,120601605.00053374,13.43,-8.635841608463443e-08,13.6,ASK
909,1712370695.1192005,120602349.60217188,13.43,-8.629411346836515e-08,13.6,ASK
910,1712370698.315405,120603094.20381,13.43,-8.62941134666382e-08,13.6,ASK
911,1712370700.439326,120610524.20381,13.46,8.610849482859584e-07,13.6,BID
912,1712370700.679163,120667913.89900596,13.46,6.651063623143799e-06,13.6,BID
913,1712370703.934519,120738159.98664492,13.46,8.14102944036126e-06,13.6,BID
914,1712370709.4494777,120752973.65254852,13.46,1.7168000993977405e-06,13.6,BID
915,1712370717.129454,120824103.65254852,13.43,-8.243468690656827e-06,13.6,ASK
916,1712370717.1372344,120825347.67323571,13.43,-1.441732825182774e-07,13.6,ASK
917,1712370720.2507408,120825347.67323571,13.43,-0.0,13.6,ASK
918,1712370727.5303345,120975698.36721931,13.43,-1.74184969907219e-05,13.6,ASK
919,1712370727.536778,120985147.88358836,13.44,-1.0947496687707645e-06,13.6,ASK
920,1712370730.6095393,120985890.82563888,13.46,8.607166038500059e-08,13.6,BID
921,1712370736.3694105,121010022.11043432,13.46,2.7956685829309124e-06,13.6,BID
922,1712370745.035667,121039160.6111765,13.44,-3.375766842468062e-06,13.6,ASK
923,1712370745.172734,121149859.54138476,13.44,1.2824742817078944e-05,13.6,BID
924,1712370750.2996662,121149859.54138476,13.44,0.0,13.6,BID
925,1712370761.1794963,121186225.4567496,13.44,-4.210953334586988e-06,13.6,ASK
926,1712370763.0297606,121186735.82711998,13.45,5.9097806048228814e-08,13.6,BID
927,1712370764.2726424,121187246.19749036,13.45,5.9097806048228814e-08,13.6,BID
928,1712370780.3406448,121187246.19749036,13.45,0.0,13.6,BID
929,1712370799.6295164,121212698.7120957,13.44,-2.9470759724899567e-06,13.6,ASK
930,1712370799.6340318,121298235.2807392,13.44,-9.904041707751838e-06,13.6,ASK
931,1712370800.4150474,121349366.77921014,13.44,-5.9203741916133e-06,13.6,ASK
932,1712370810.3464446,121349366.77921014,13.44,-0.0,13.6,ASK
933,1712370837.840274,121462431.19922316,13.46,1.3088113174944404e-05,13.6,BID
934,1712370838.219578,121469871.67541362,13.44,-8.61294777305154e-07,13.6,ASK
935,1712370840.269673,121469871.67541362,13.44,-0.0,13.6,ASK
936,1712370870.2824323,121469871.67541362,13.44,-0.0,13.6,ASK
937,1712370871.4500625,121470616.45318186,13.44,-8.61978154205387e-08,13.6,ASK
938,1712370871.453734,121635785.81281573,13.44,-1.9116088828085188e-05,13.6,ASK
939,1712370871.4692042,121846619.08756372,13.44,2.440106092881456e-05,13.6,BID
1140,1712370871.4970932,121846619.08756413,13.44,4.828894297544597e-17,13.6,BID
940,1712370871.4970932,121846619.08756413,13.44,4.8288942975445966e-17,13.6,BID
941,1712370891.2293296,121883821.4685165,13.44,-4.305665533113147e-06,13.6,ASK
942,1712370891.2369225,122024341.35391805,13.44,-1.626325014157071e-05,13.6,ASK
943,1712370892.703827,122074243.18871492,13.44,-5.77545320013471e-06,13.6,ASK
944,1712370892.7129433,122082479.28136171,13.44,-9.532148031676792e-07,13.6,ASK
945,1712370892.8191452,122119681.66231412,13.44,4.305665533114872e-06,13.6,BID
946,1712370893.0222692,122146677.27283213,13.44,3.1243717949524696e-06,13.6,BID
947,1712370900.337809,122146677.27283213,13.44,0.0,13.6,BID
948,1712370912.349112,122146677.27283268,13.44,6.689656258730887e-17,13.6,BID
949,1712370914.6290452,122582979.83201872,13.46,5.15451554375344e-05,13.6,BID
950,1712370922.162104,122709939.03455634,13.46,1.499906817240762e-05,13.6,BID
951,1712370922.1684065,122816420.00686264,13.46,1.2579752635204488e-05,13.6,BID
952,1712370930.3377695,122816420.00686264,13.46,0.0,13.6,BID
953,1712370942.43889,122817909.21013889,13.43,-1.7574856793391728e-07,13.6,ASK
954,1712370942.44895,122825654.83681493,13.43,-9.141013975575104e-07,13.6,ASK
955,1712370942.455491,122835654.83681434,13.44,-1.1801516336097633e-06,13.6,ASK
956,1712370953.2289984,122837996.81996705,13.43,-2.763895243704845e-07,13.6,ASK
957,1712370953.2370057,122839322.23953004,13.43,-1.564196062558386e-07,13.6,ASK
958,1712370955.5792117,122846507.24438998,13.43,-8.479395223449083e-07,13.6,ASK
959,1712370955.5883074,122864315.45033626,13.43,-2.101638334035332e-06,13.6,ASK
960,1712370955.5945878,122911628.8194288,13.43,-5.5836949829285686e-06,13.6,ASK
961,1712370958.92901,122957187.40050724,13.43,-5.376603388770823e-06,13.6,ASK
962,1712370958.9353127,122972527.15125044,13.43,-1.810323189979132e-06,13.6,ASK
963,1712370960.257583,122972527.15125044,13.43,-0.0,13.6,ASK
964,1712370977.8888547,122975505.55780296,13.43,-3.514101854536883e-07,13.6,ASK
965,1712370981.1668415,122994501.44760188,13.43,-2.2412484794867733e-06,13.6,ASK
966,1712370981.1706583,123039489.57120577,13.43,-5.3079673913348624e-06,13.6,ASK
967,1712370981.8751066,123050596.50736476,13.43,1.3104626338432995e-06,13.6,BID
968,1712370981.9286785,123059448.9358921,13.43,1.0444623645781891e-06,13.6,BID
969,1712370981.968909,123499508.50402102,13.43,5.1920854900285326e-05,13.6,BID
970,1712370982.0685616,123501003.1753458,13.43,1.763502457342468e-07,13.6,BID
971,1712370982.18869,123506420.12701866,13.45,6.391242962961561e-07,13.6,BID
972,1712370986.9087253,123527221.99971952,13.43,-2.454329123551026e-06,13.6,ASK
973,1712370986.9889095,123684470.84853952,13.43,1.8553157922539283e-05,13.6,BID
974,1712370987.728541,123685215.45017764,13.43,8.785254636298254e-08,13.6,BID
975,1712370988.658609,123685758.48815233,13.43,6.407086206100573e-08,13.6,BID
976,1712370989.604994,123695145.06255554,13.43,1.1074840837391031e-06,13.6,BID
977,1712370990.2536445,123695145.06255554,13.43,0.0,13.6,BID
978,1712370990.638585,123711493.564307,13.43,1.926687702472167e-06,13.6,BID
979,1712370990.988836,123727905.6941674,13.43,1.9341863403844564e-06,13.6,BID
980,1712370993.578843,123845364.3140756,13.43,1.3842618850770142e-05,13.6,BID
981,1712370996.9886596,123979367.98280723,13.43,1.579246982730046e-05,13.6,BID
982,1712370997.308445,123989367.98280723,13.43,-1.1785102584712184e-06,13.6,ASK
983,1712371005.9136806,124437669.27849583,13.43,-5.283276758549533e-05,13.6,ASK
984,1712371005.922454,124556205.99475797,13.43,-1.39696736120397e-05,13.6,ASK
985,1712371006.828631,124566205.99475797,13.43,1.1785102584712184e-06,13.6,BID
986,1712371007.871312,124783080.18215796,13.43,2.5558845464850743e-05,13.6,BID
987,1712371009.0386617,124783970.37203136,13.43,1.0490978978035337e-07,13.6,BID
988,1712371010.4486094,124784342.74731058,13.43,4.388480865594483e-08,13.6,BID
989,1712371019.4890552,124798545.41690722,13.42,-1.673799181732018e-06,13.6,ASK
990,1712371019.4981515,125140521.25699764,13.42,-4.030220356958599e-05,13.6,ASK
991,1712371019.502262,125156920.9887413,13.42,-1.9327252096083573e-06,13.6,ASK
992,1712371020.387662,125156920.9887413,13.42,-0.0,13.6,ASK
993,1712371023.5685427,125664226.11256532,13.42,-5.964845218527611e-05,13.6,ASK
994,1712371023.5766578,125667146.59691703,13.42,-3.433877621768635e-07,13.6,ASK
995,1712371023.5815468,125749225.95316152,13.42,-9.6508123541956e-06,13.6,ASK
996,1712371026.6095946,125749726.88460714,13.42,-5.8899041185601654e-08,13.6,ASK
1196,1712371026.6095946,125749726.88460714,13.42,-5.889904118560165e-08,13.6,ASK
997,1712371026.6180758,125750671.23697698,13.42,-1.1103605016669514e-07,13.6,ASK
998,1712371026.622028,125759904.45845348,13.41,-1.0856333671660685e-06,13.6,ASK
999,1712371026.6257544,125774807.58811072,13.42,-1.7522957585546418e-06,13.6,ASK
1000,1712371026.6295557,125782264.7096618,13.41,-8.768012334008472e-07,13.6,ASK
1201,1712371026.637673,125782421.6208492,13.42,-1.84494676263888e-08,13.6,ASK
1202,1712371026.6388865,125806797.19877613,13.41,-2.866057183697264e-06,13.6,ASK
1203,1712371026.6400776,125810406.70697282,13.42,-4.244025281293878e-07,13.6,ASK
1204,1712371026.6413033,126449962.76215546,13.41,-7.519839044755618e-05,13.6,ASK
1205,1712371026.6425726,126727127.2863616,13.41,-3.2588740174640485e-05,13.6,ASK
1206,1712371026.6438067,126727873.55501832,13.4,-8.7745556267869e-08,13.6,ASK
1207,1712371026.6450174,126741816.25261389,13.41,-1.639369073572582e-06,13.6,ASK
1208,1712371026.646242,126769664.56726252,13.4,-3.2743782523598287e-06,13.6,ASK
1209,1712371026.6475046,127108184.843176,13.41,-3.980289089013125e-05,13.6,ASK
1210,1712371026.6487434,127346619.87118436,13.4,-2.803496298291823e-05,13.6,ASK
1211,1712371026.649992,127424970.4574833,13.4,-9.21238714348552e-06,13.6,ASK
1212,1712371026.6512542,127561446.57717064,13.4,-1.6046731872603132e-05,13.6,ASK
1213,1712371026.6525445,127565177.92045422,13.4,-4.38727781339345e-07,13.6,ASK
1214,1712371026.653792,127621835.5164206,13.4,-6.661746048330699e-06,13.6,ASK
1215,1712371026.6550634,129266396.66007663,13.4,-0.0001933659293714,13.6,ASK
1216,1712371026.6617768,129276668.022045,13.4,-1.2076969351870946e-06,13.6,ASK
1217,1712371026.7286248,129347554.45861214,13.4,-8.334759543306661e-06,13.6,ASK
1218,1712371026.7399752,129566509.68249272,13.4,-2.574454620901484e-05,13.6,ASK
1219,1712371026.7436352,129875921.75339116,13.4,-3.638037593117853e-05,13.6,ASK
1220,1712371028.5682926,129925398.00152823,13.42,-5.817370025886903e-06,13.6,ASK
1221,1712371037.0686262,130036192.30877228,13.4,-1.302708888140236e-05,13.6,ASK
1222,1712371037.071473,130048040.5535484,13.4,-1.3931053104298566e-06,13.6,ASK
1223,1712371037.074195,130652781.96035708,13.4,-7.110491732584398e-05,13.6,ASK
1224,1712371037.3485703,130660241.96035708,13.4,8.771396786769098e-07,13.6,BID
1225,1712371038.2684186,130709870.91558096,13.4,5.835325179375192e-06,13.6,BID
1226,1712371038.6551714,130721302.6675837,13.4,1.344134487721532e-06,13.6,BID
1227,1712371038.808411,130819899.90638968,13.4,1.1592969217789195e-05,13.6,BID
1228,1712371042.1687624,130875438.98478968,13.4,6.530231820615083e-06,13.6,BID
1229,1712371042.2489252,130930978.06318969,13.4,6.530231820615083e-06,13.6,BID
1230,1712371043.298482,130931724.8891792,13.39,-8.781108692807809e-08,13.6,ASK
1231,1712371043.300756,130933215.199655,13.39,-1.752292830905992e-07,13.6,ASK
1232,1712371043.3185792,130937023.99298804,13.39,-4.478342842209533e-07,13.6,ASK
1233,1712371043.3199947,130945239.078873,13.39,-9.659219562263797e-07,13.6,ASK
1234,1712371043.321263,131142378.06513318,13.39,-2.317941381540781e-05,13.6,ASK
1235,1712371043.3225706,131146112.1950809,13.39,-4.390554346491507e-07,13.6,ASK
1236,1712371046.1944396,131146489.06075256,13.4,4.431150591622872e-08,13.6,BID
1237,1712371050.3056476,131146489.06075256,13.4,0.0,13.6,BID
1238,1712371051.2882607,131183645.44134957,13.4,4.327956872809435e-06,13.6,BID
1239,1712371054.3862813,131213219.68015552,13.4,3.444792739276683e-06,13.6,BID
1240,1712371058.2184603,131228018.76438177,13.4,1.7237900263454725e-06,13.6,BID
1241,1712371058.359821,131243156.85042854,13.4,1.7632767910815164e-06,13.6,BID
1242,1712371059.531891,131315191.1684134,13.39,-8.390521805176954e-06,13.6,ASK
1243,1712371059.534885,131325216.79948136,13.39,-1.1677805584844004e-06,13.6,ASK
1244,1712371059.6246822,131347419.70111774,13.39,2.586183024007083e-06,13.6,BID
1245,1712371059.6838264,131368070.53281976,13.39,2.4053986841010063e-06,13.6,BID
1246,1712371059.7241983,131383777.7959188,13.39,1.8295742532039275e-06,13.6,BID
1247,1712371059.7381408,131397575.81298327,13.39,1.6071862174354843e-06,13.6,BID
1248,1712371059.960852,131411950.44324368,13.39,1.6743498379002057e-06,13.6,BID
1249,1712371059.9807904,131426538.92739752,13.39,1.6992594338592568e-06,13.6,BID
1250,1712371059.9831133,131435452.11867435,13.39,1.038204120678125e-06,13.6,BID
1251,1712371060.000841,131444409.32939804,13.39,1.0433314841189494e-06,13.6,BID
1252,1712371060.0781722,131480506.7684313,13.39,4.204611882120892e-06,13.6,BID
1253,1712371061.728273,131500232.78780048,13.39,2.2976770000279737e-06,13.6,BID
1254,1712371061.8082397,131914005.03474376,13.39,4.819598709999222e-05,13.6,BID
1255,1712371067.9582307,131914452.79593778,13.4,5.215500287975719e-08,13.6,BID
1256,1712371080.2296104,131914452.79593778,13.4,0.0,13.6,BID
1257,1712371080.529609,131923617.93783472,13.39,-1.0662739407025268e-06,13.6,ASK
1258,1712371080.533221,131946667.8635883,13.39,-2.6816317131334823e-06,13.6,ASK
1259,1712371086.2181745,131962923.5538868,13.4,1.891189372552828e-06,13.6,BID
1260,1712371091.3021698,131967799.4494092,13.4,5.672623939240662e-07,13.6,BID
1261,1712371091.3780055,131976731.04534374,13.4,1.0391031694868969e-06,13.6,BID
1262,1712371094.9084344,131980316.33243556,13.39,-4.171128214839319e-07,13.6,ASK
1263,1712371094.9111643,132025487.9510694,13.39,-5.255272678839874e-06,13.6,ASK
1264,1712371094.9737363,132079448.9510694,13.39,6.277830584761723e-06,13.6,BID
1265,1712371094.9927862,132087296.16926146,13.39,9.129465052777576e-07,13.6,BID
1266,1712371094.994928,132094935.77707236,13.4,8.887930833554549e-07,13.6,BID
1267,1712371095.1065886,132109265.0386629,13.4,1.667068376606298e-06,13.6,BID
1268,1712371097.560724,132183947.63761732,13.4,8.688584419593262e-06,13.6,BID
1269,1712371097.6640725,132333126.77938972,13.4,1.735552304121887e-05,13.6,BID
1270,1712371098.7280476,132472824.41569062,13.39,-1.6252443316259095e-05,13.6,ASK
1271,1712371099.1480637,132477974.24778016,13.4,5.991322139716196e-07,13.6,BID
1272,1712371099.228085,132663795.14330344,13.4,2.1618429999515563e-05,13.6,BID
1273,1712371099.4882169,132690057.15889028,13.4,3.0553267113015228e-06,13.6,BID
1274,1712371099.4914298,132763241.47697644,13.4,8.514274205560305e-06,13.6,BID
1275,1712371099.5680442,132763241.47697674,13.4,3.4672065191972465e-17,13.6,BID
1276,1712371103.5681295,132812717.72511384,13.4,-5.75607390104624e-06,13.6,ASK
1277,1712371106.5180345,132833405.45296484,13.4,2.4068132657336984e-06,13.6,BID
1278,1712371110.2427104,132833405.45296484,13.4,0.0,13.6,BID
1279,1712371121.3080387,132972859.3081268,13.4,1.6200877591561088e-05,13.6,BID
1280,1712371122.3879747,132980319.3081268,13.4,8.666561902693751e-07,13.6,BID
1281,1712371125.6855245,132987779.3081268,13.4,8.666561902693751e-07,13.6,BID
1282,1712371127.488074,134628598.4012838,13.4,0.0001906201104821,13.6,BID
1283,1712371127.588137,134628598.40128413,13.4,3.808472372636689e-17,13.6,BID
1284,1712371130.1094265,134630153.79834008,13.42,1.8069631191274418e-07,13.6,BID
1285,1712371130.1121025,134640629.78106415,13.42,1.2170342194330794e-06,13.6,BID
1286,1712371140.438377,134640629.78106415,13.42,0.0,13.6,BID
1287,1712371142.5681567,134640629.78106415,13.42,0.0,13.6,BID
1288,1712371152.708065,134648081.34589276,13.42,-8.632475967725563e-07,13.6,ASK
1289,1712371152.711076,134671558.58910596,13.42,-2.7197876216344904e-06,13.6,ASK
1290,1712371154.438255,134673419.25402033,13.43,2.1555398801104857e-07,13.6,BID
1291,1712371154.442091,134673792.39402032,13.43,4.322745834685148e-08,13.6,BID
1292,1712371161.64783,134694618.83857912,13.43,2.4126983564158785e-06,13.6,BID
1293,1712371170.3313725,134694618.83857912,13.43,0.0,13.6,BID
1294,1712371174.3580377,134706825.9207739,13.43,1.4140452257217942e-06,13.6,BID
1295,1712371174.367954,134708288.6756454,13.43,1.6944274720750094e-07,13.6,BID
1296,1712371174.4877834,134763404.62439042,13.43,-6.384526862395397e-06,13.6,ASK
1297,1712371174.5079265,134763404.6243906,13.43,-2.071346666566025e-17,13.6,ASK
1298,1712371174.7079666,134779347.1645793,13.42,-1.8467535877949327e-06,13.6,ASK
1299,1712371174.7116327,134785308.4164416,13.42,-6.905400980097161e-07,13.6,ASK
1300,1712371200.2836788,134785308.4164416,13.42,-0.0,13.6,ASK
1301,1712371203.4978302,134786042.63083163,13.42,-8.56509963833612e-08,13.6,ASK
1302,1712371203.5012205,134786042.6308322,13.42,-6.605614680370857e-17,13.6,ASK
1303,1712371215.6677744,134800204.0982582,13.42,-1.6520294504476058e-06,13.6,ASK
1304,1712371221.5075948,134807650.11463943,13.43,8.686273802196296e-07,13.6,BID
1305,1712371227.7375898,134815100.11463943,13.43,8.690920958682932e-07,13.6,BID
1306,1712371230.2402143,134815100.11463943,13.43,0.0,13.6,BID
1307,1712371230.7476609,134825100.11463916,13.41,-1.16651214536202e-06,13.6,ASK
1308,1712371230.7503304,134825100.11463943,13.42,-3.1288293923556133e-17,13.6,ASK
1309,1712371231.5674996,134832550.11463943,13.43,8.690515483180147e-07,13.6,BID
1310,1712371232.03753,134849399.18483844,13.43,1.9654645025732827e-06,13.6,BID
1311,1712371233.9577672,134885464.59264943,13.43,4.207073624007791e-06,13.6,BID
1312,1712371234.0574925,135038199.72734043,13.43,1.781673896453343e-05,13.6,BID
1313,1712371235.8275666,135045649.72734043,13.43,8.690515483180147e-07,13.6,BID
1314,1712371238.750924,135057818.72734043,13.43,1.419528629729117e-06,13.6,BID
1315,1712371243.9476805,135063806.71426132,13.41,-6.985059469678188e-07,13.6,ASK
1316,1712371244.9675832,135118899.05951962,13.43,6.426588986200318e-06,13.6,BID
1317,1712371251.8373787,135132796.77681154,13.43,1.6211856014268883e-06,13.6,BID
1318,1712371255.7775235,135161030.42156053,13.43,3.29348895084119e-06,13.6,BID
1319,1712371258.967467,135188477.17597166,13.43,3.201697237221184e-06,13.6,BID
1320,1712371260.3379762,135188477.17597166,13.43,0.0,13.6,BID
1321,1712371263.2074058,135519894.34155118,13.43,3.863761555564137e-05,13.6,BID
1322,1712371263.7968354,135547054.37329128,13.43,3.1663986475110736e-06,13.6,BID
1323,1712371263.8005502,135641288.64858148,13.43,1.098611683091346e-05,13.6,BID
1324,1712371264.0474834,135653624.45644173,13.43,-1.438145790787136e-06,13.6,ASK
1325,1712371267.1874545,135654624.45644173,13.44,1.1658302456385529e-07,13.6,BID
1326,1712371289.6577537,135662070.47282296,13.43,-8.680791106762643e-07,13.6,ASK
1327,1712371289.661422,135862070.47282296,13.42,-2.331660491277106e-05,13.6,ASK
1328,1712371289.6650422,135948621.7640485,13.41,-1.0090411310978512e-05,13.6,ASK
1329,1712371289.6669147,136202649.0734986,13.43,-2.961527205751338e-05,13.6,ASK
1330,1712371290.320431,136202649.0734986,13.43,-0.0,13.6,ASK
1331,1712371293.9774702,136226261.80245012,13.45,2.748480242379596e-06,13.6,BID
1332,1712371302.2673635,136246261.80245012,13.45,-2.327964927750036e-06,13.6,ASK
1333,1712371320.2736366,136246261.80245012,13.45,-0.0,13.6,ASK
1334,1712371350.2640572,136246261.80245012,13.45,-0.0,13.6,ASK
1335,1712371354.327358,136247761.80245012,13.42,-1.7458544920321057e-07,13.6,ASK
1336,1712371374.1372733,136433542.51804027,13.42,-2.1623073123066727e-05,13.6,ASK
1337,1712371380.3389611,136433542.51804027,13.42,-0.0,13.6,ASK
1338,1712371381.1972916,136448178.68458366,13.44,1.7030096348861568e-06,13.6,BID
1339,1712371393.9973822,136468132.56706524,13.44,2.321759185969712e-06,13.6,BID
1340,1712371398.3207848,136478834.6131962,13.44,1.2452500878543615e-06,13.6,BID
1341,1712371399.0071368,136571801.1108002,13.44,1.0817234189830206e-05,13.6,BID
1342,1712371401.5874512,136572545.15841925,13.44,8.65746000013405e-08,13.6,BID
1343,1712371403.3773932,136600685.81759825,13.44,3.2743419236041207e-06,13.6,BID
1344,1712371410.3673987,136600685.81759825,13.44,0.0,13.6,BID
1345,1712371440.3032794,136600685.81759825,13.44,0.0,13.6,BID
1346,1712371441.1572134,136620499.03048825,13.44,2.3047889644851167e-06,13.6,BID
1347,1712371441.757103,136623477.43704075,13.43,-3.464656939815297e-07,13.6,ASK
1348,1712371443.7073374,136679747.26367927,13.44,6.545635793143519e-06,13.6,BID
1349,1712371448.518403,136698778.74488288,13.45,2.213853356314549e-06,13.6,BID
1350,1712371452.5071664,136776159.69726384,13.44,9.001405582180748e-06,13.6,BID
1351,1712371457.7473,136809033.24565285,13.43,-3.824043680907445e-06,13.6,ASK
1352,1712371463.9386497,136810609.1026915,13.43,-1.833129201429486e-07,13.6,ASK
1353,1712371470.23289,136810609.1026915,13.43,-0.0,13.6,ASK
1354,1712371472.4840765,136954897.25322983,13.45,1.677893627391208e-05,13.6,BID
1355,1712371472.4858394,137010187.5854685,13.45,6.429585227441976e-06,13.6,BID
1356,1712371491.3370855,137039019.08718348,13.45,3.3527488442528146e-06,13.6,BID
1357,1712371498.9470482,137039762.58160728,13.45,8.645925192413824e-08,13.6,BID
1358,1712371500.2639394,137039762.58160728,13.45,0.0,13.6,BID
1359,1712371530.2488165,137039762.58160728,13.45,0.0,13.6,BID
1360,1712371542.647256,137047197.5258452,13.44,-8.717497496166551e-07,13.6,ASK
1361,1712371547.197682,137112542.12567118,13.44,7.66167663324013e-06,13.6,BID
1362,1712371549.1271143,137119982.12567118,13.44,8.723425394464595e-07,13.6,BID
1363,1712371550.7569263,137188261.71928743,13.44,8.005805656931362e-06,13.6,BID
1364,1712371550.81698,137193912.58407548,13.44,6.625658251721564e-07,13.6,BID
1365,1712371550.8215604,137268234.39751774,13.44,8.714257993882678e-06,13.6,BID
1366,1712371550.9169862,137300464.90143362,13.44,3.7790375851632334e-06,13.6,BID
1367,1712371560.290559,137300464.90143362,13.44,0.0,13.6,BID
1368,1712371582.1068268,137307802.30001557,13.45,8.599591942720415e-07,13.6,BID
1369,1712371590.2396758,137307802.30001557,13.45,0.0,13.6,BID
1370,1712371612.4368925,137327953.31137246,13.46,2.361715376836613e-06,13.6,BID
1371,1712371612.4400203,137335302.30001557,13.46,8.613076125678162e-07,13.6,BID
1372,1712371616.1669304,137390744.42719856,13.46,6.497863654264073e-06,13.6,BID
1373,1712371620.3338325,137390744.42719856,13.46,0.0,13.6,BID
1374,1712371621.1871293,137447076.28672856,13.46,6.601277297319341e-06,13.6,BID
1375,1712371627.8568416,137467695.24916413,13.46,2.4162434855845424e-06,13.6,BID
1376,1712371638.336867,137478734.18783772,13.46,1.293603581710824e-06,13.6,BID
1377,1712371639.2266555,137511475.4767377,13.46,3.836804410572542e-06,13.6,BID
1378,1712371643.2970629,137544186.68449473,13.46,3.833279336701928e-06,13.6,BID
1379,1712371647.1212168,137566500.11915925,13.46,2.614811066154304e-06,13.6,BID
1380,1712371647.1971395,137627288.4516083,13.46,7.123511318210389e-06,13.6,BID
1381,1712371647.200927,137751172.06648418,13.46,1.4517363730101433e-05,13.6,BID
1382,1712371650.3153276,137751172.06648418,13.46,0.0,13.6,BID
1383,1712371665.7571282,137751275.14409268,13.45,-1.2072338177771562e-08,13.6,ASK
1384,1712371665.7620437,137788168.4070903,13.45,-4.320899115604909e-06,13.6,ASK
1385,1712371671.936835,137790377.53816542,13.45,-2.587310455388388e-07,13.6,ASK
1386,1712371680.259487,137790377.53816542,13.45,-0.0,13.6,ASK
1387,1712371705.5767589,137825180.0543432,13.46,-4.075781392448979e-06,13.6,ASK
1388,1712371710.279646,137825180.0543432,13.46,-0.0,13.6,ASK
1389,1712371739.7967498,137838083.5506277,13.47,1.511067324985504e-06,13.6,BID
1390,1712371740.3599694,137838083.5506277,13.47,0.0,13.6,BID
1391,1712371742.0067787,137838460.41629934,13.46,-4.413205529506008e-08,13.6,ASK
1392,1712371770.265408,137838460.41629934,13.46,-0.0,13.6,ASK
1393,1712371776.6067512,138120662.07773873,13.47,3.304660749547349e-05,13.6,BID
1394,1712371776.8068774,138217263.0890012,13.48,1.1312249852017686e-05,13.6,BID
1395,1712371782.166992,138220969.53822285,13.49,4.340356183756024e-07,13.6,BID
1396,1712371800.3067403,138220969.53822285,13.49,0.0,13.6,BID
1397,1712371827.6470163,138221512.92849955,13.49,6.400974354209355e-08,13.6,BID
1398,1712371830.25274,138221512.92849955,13.49,0.0,13.6,BID
1399,1712371860.3355577,138221512.92849955,13.49,0.0,13.6,BID
1400,1712371886.546825,138370749.84473377,13.49,1.7579645599435957e-05,13.6,BID
1401,1712371890.3202558,138370749.84473377,13.49,0.0,13.6,BID
1402,1712371901.3068688,138393005.0376121,13.48,-2.620971093855636e-06,13.6,ASK
1403,1712371901.3110037,138438190.9423305,13.48,-5.321497358574921e-06,13.6,ASK
1404,1712371920.269897,138438190.9423305,13.48,-0.0,13.6,ASK
1405,1712371934.2327547,138479822.84696642,13.48,-4.902421562047795e-06,13.6,ASK
1406,1712371945.8067424,138524446.66101405,13.48,-5.254737924703482e-06,13.6,ASK
1407,1712371945.8165424,138550012.4712554,13.48,-3.0105367619976325e-06,13.6,ASK
1408,1712371949.927011,138577418.09814414,13.48,-3.2271868740057224e-06,13.6,ASK
1409,1712371949.931148,138584836.49577025,13.48,-8.73563503666371e-07,13.6,ASK
1410,1712371949.935218,138699191.61302778,13.47,-1.3466042389286484e-05,13.6,ASK
1411,1712371950.2489598,138699191.61302778,13.47,-0.0,13.6,ASK
1412,1712371953.7469666,138854069.72512007,13.46,-1.823033238082953e-05,13.6,ASK
1413,1712371953.7507837,138856597.9382102,13.46,-2.975899198398033e-07,13.6,ASK
1414,1712371953.7552402,140687732.32506633,13.47,-0.0002155384518534,13.6,ASK
1415,1712371953.7576733,141068497.98464775,13.46,-4.481901567368631e-05,13.6,ASK
1416,1712371980.3465054,141068497.98464775,13.46,-0.0,13.6,ASK
1417,1712371980.355057,141069187.20178217,13.47,-8.082253588358738e-08,13.6,ASK
1418,1712372010.3169205,141069187.20178217,13.47,-0.0,13.6,ASK
1419,1712372040.271082,141069187.20178217,13.47,-0.0,13.6,ASK
1420,1712372070.251713,141069187.20178217,13.47,-0.0,13.6,ASK
1421,1712372085.7068682,141084085.1739831,13.48,-1.7470409857898416e-06,13.6,ASK
1422,1712372094.2271223,141091547.6424783,13.49,8.751015333112702e-07,13.6,BID
1423,1712372095.0067098,141191547.6424783,13.48,-1.1726703219923911e-05,13.6,ASK
1424,1712372095.046849,141246547.6424783,13.48,-6.449686770958152e-06,13.6,ASK
1425,1712372095.0500884,141292547.6424783,13.48,-5.394283481165e-06,13.6,ASK
1426,1712372098.2768989,141303692.81732002,13.48,-1.3069615770315111e-06,13.6,ASK
1427,1712372100.323253,141303692.81732002,13.48,-0.0,13.6,ASK
1428,1712372100.46676,141325921.8171486,13.48,-2.61118352489756e-06,13.6,ASK
1429,1712372100.5318923,141525921.8171486,13.48,-2.349348639195802e-05,13.6,ASK
1430,1712372100.6067357,141600243.63059086,13.48,-8.730392563656892e-06,13.6,ASK
1431,1712372107.4767509,141629763.4106164,13.49,3.4676127516183e-06,13.6,BID
1432,1712372107.4810803,141838849.33852267,13.49,2.456078701007992e-05,13.6,BID
1433,1712372128.846712,141839349.33852267,13.49,5.8733715979895055e-08,13.6,BID
1434,1712372130.3228347,141839349.33852267,13.49,0.0,13.6,BID
1435,1712372148.606716,141890547.58578458,13.49,6.009028134142318e-06,13.6,BID
1436,1712372160.2822134,141890547.58578458,13.49,0.0,13.6,BID
1437,1712372177.5067265,141897994.84648457,13.49,-8.739981186032678e-07,13.6,ASK
1438,1712372190.2634194,141897994.84648457,13.49,-0.0,13.6,ASK
1439,1712372197.4067297,141906591.3526051,13.49,-1.0088597533638998e-06,13.6,ASK
1440,1712372220.399658,141906591.3526051,13.49,-0.0,13.6,ASK
1441,1712372222.5493302,141910295.0563088,13.5,4.346494612052789e-07,13.6,BID
1442,1712372222.553202,142128813.5748273,13.5,2.5644318211125443e-05,13.6,BID
1443,1712372239.6565845,142139924.68593842,13.5,1.3039483836158366e-06,13.6,BID
1444,1712372250.4306214,142139924.68593842,13.5,0.0,13.6,BID
1445,1712372261.0071757,142170189.20445693,13.5,3.5503908295531667e-06,13.6,BID
1446,1712372276.2671554,142170878.42159134,13.49,-8.085343211739688e-08,13.6,ASK
1447,1712372280.2609484,142170878.42159134,13.49,-0.0,13.6,ASK
1448,1712372310.2702987,142170878.42159134,13.49,-0.0,13.6,ASK
1449,1712372320.6671124,142171928.38219136,13.49,-1.2316692741633928e-07,13.6,ASK
1450,1712372328.2167237,142439522.84906694,13.5,3.139050006076244e-05,13.6,BID
1451,1712372328.220482,142468076.60437655,13.5,3.349533599280648e-06,13.6,BID
1452,1712372330.3343475,142515215.85772973,13.49,-5.529728445152188e-06,13.6,ASK
1453,1712372330.338848,142520326.60437655,13.49,-5.995224594915952e-07,13.6,ASK
1454,1712372340.3033242,142520326.60437655,13.49,-0.0,13.6,ASK
1455,1712372364.446863,142530876.494134,13.49,-1.2368834609154117e-06,13.6,ASK
1456,1712372369.2470813,142536995.3727835,13.49,-7.17385676525293e-07,13.6,ASK
1457,1712372369.6477776,142549629.89130202,13.5,1.4812881794455987e-06,13.6,BID
1458,1712372370.2553346,142549629.89130202,13.5,0.0,13.6,BID
1459,1712372382.4970005,142643652.904364,13.49,-1.102287523467012e-05,13.6,ASK
1460,1712372395.7768056,142650652.904364,13.49,-8.206514993497889e-07,13.6,ASK
1461,1712372400.3075595,142650652.904364,13.49,-0.0,13.6,ASK
1462,1712372409.6268137,142651023.284364,13.5,4.359629495333659e-08,13.6,BID
1463,1712372417.8867805,142667168.364264,13.49,-1.900387886273179e-06,13.6,ASK
1464,1712372418.5681455,142701995.926364,13.49,-4.099445622642492e-06,13.6,ASK
1465,1712372430.3658204,142701995.926364,13.49,-0.0,13.6,ASK
1466,1712372455.3278356,142711995.926364,13.51,1.1769734055654897e-06,13.6,BID
1467,1712372455.3329167,142780673.48952994,13.5,8.083166540534707e-06,13.6,BID
1468,1712372455.3364673,142970762.48952994,13.51,2.237296976905384e-05,13.6,BID
1469,1712372455.3399415,142982939.62543252,13.52,1.433216511329761e-06,13.6,BID
1470,1712372455.343444,143060667.23812193,13.51,9.148333301352515e-06,13.6,BID
1471,1712372455.346239,144177419.23509854,13.5,0.0001314387401053,13.6,BID
1472,1712372455.3482754,144201154.83760047,13.5,2.79361729098439e-06,13.6,BID
1473,1712372455.3502517,144207471.9965844,13.52,7.435128122798294e-07,13.6,BID
1474,1712372460.3542638,144207471.9965844,13.52,0.0,13.6,BID
1475,1712372490.3651912,144207471.9965844,13.52,0.0,13.6,BID
1476,1712372504.771808,144208071.9965844,13.5,-7.044985708981729e-08,13.6,ASK
1477,1712372517.7368147,144209025.77818078,13.5,-1.1198962860123649e-07,13.6,ASK
1478,1712372517.83715,144209561.19085583,13.51,6.286624406925377e-08,13.6,BID
1479,1712372517.8464656,144210136.06685582,13.51,6.7499886739098e-08,13.6,BID
1480,1712372520.261723,144210136.06685582,13.51,0.0,13.6,BID
1481,1712372550.284473,144210136.06685582,13.51,0.0,13.6,BID
1482,1712372556.8568633,144232341.84035695,13.51,2.6073116024533472e-06,13.6,BID
1483,1712372560.4771366,144234596.17014933,13.51,2.646942347282306e-07,13.6,BID
1484,1712372560.596874,144308217.4480749,13.51,-8.64431099925696e-06,13.6,ASK
1485,1712372560.6568627,144321836.73097622,13.5,-1.599120801799327e-06,13.6,ASK
1486,1712372560.66134,144322174.4480749,13.5,-3.9653368062078564e-08,13.6,ASK
1487,1712372568.1269283,144328709.50303477,13.5,-7.673195720318725e-07,13.6,ASK
1488,1712372568.2069807,144362690.3140593,13.5,-3.989888613449872e-06,13.6,ASK
1489,1712372569.707019,144384562.93906444,13.5,-2.568194661138785e-06,13.6,ASK
1490,1712372569.711748,144990307.3883059,13.5,-7.112404936260135e-05,13.6,ASK
1491,1712372576.256948,145010804.9368459,13.5,-2.406738775727309e-06,13.6,ASK
1492,1712372580.3482428,145010804.9368459,13.5,-0.0,13.6,ASK
1493,1712372595.8568878,145065039.98746216,13.5,-6.359986518136263e-06,13.6,ASK
1494,1712372604.627105,145081745.11259094,13.5,-1.958961398497016e-06,13.6,ASK
1495,1712372610.3278792,145081745.11259094,13.5,-0.0,13.6,ASK
1496,1712372630.6570492,145098390.0995701,13.5,-1.951689986642382e-06,13.6,ASK
1497,1712372640.288851,145098390.0995701,13.5,-0.0,13.6,ASK
1498,1712372647.5986714,145106637.97859794,13.5,-9.67070674927841e-07,13.6,ASK
1499,1712372649.436931,145162221.98300293,13.5,-6.5172707399883165e-06,13.6,ASK
1500,1712372657.5211816,145178987.88992563,13.5,-1.965816529167774e-06,13.6,ASK
1501,1712372670.2829173,145178987.88992563,13.5,-0.0,13.6,ASK
1502,1712372671.9772737,145219865.2906409,13.5,-4.792297839781584e-06,13.6,ASK
1503,1712372695.6975389,145236530.72365347,13.51,-1.95378662115787e-06,13.6,ASK
1504,1712372695.7013507,145249494.92027053,13.5,-1.519868933820869e-06,13.6,ASK
1505,1712372700.3692577,145249494.92027053,13.5,-0.0,13.6,ASK
1506,1712372700.516968,145281568.06365326,13.5,-3.7877795844981295e-06,13.6,ASK
1507,1712372706.2773156,145282676.42101327,13.5,-1.308949774725674e-07,13.6,ASK
1508,1712372706.7367222,145290083.82842067,13.5,-8.748012696170829e-07,13.6,ASK
1509,1712372730.3307133,145290083.82842067,13.5,-0.0,13.6,ASK
