,time,acc_trade_volume,trade_price,dev,high,ask_bid
0,1712365207.2168074,31028.81506632,254150.0,0.0,256400.0,BID
1,1712365207.898752,31050.52298165,254300.0,1.2678915504843835e-10,256400.0,BID
2,1712365209.488734,31054.80670774,254300.0,2.501990647898064e-11,256400.0,BID
3,1712365209.4899957,31062.98670774,254300.0,4.777682575825017e-11,256400.0,BID
4,1712365209.491271,31088.9809666,254400.0,1.5182434917713563e-10,256400.0,BID
5,1712365211.445763,31089.45302087,254400.0,2.7571215900122925e-12,256400.0,BID
6,1712365211.4469717,31108.89359763,254400.0,1.1354633844772371e-10,256400.0,BID
7,1712365211.4480996,31113.21919731,254450.0,2.526447704294487e-11,256400.0,BID
8,1712365216.4086037,31114.14574916,254400.0,5.411700035870042e-12,256400.0,BID
9,1712365219.3185823,31117.13148199,254250.0,-1.743873315153118e-11,256400.0,ASK
10,1712365219.7884772,31121.06616624,254250.0,-2.298126208142513e-11,256400.0,ASK
11,1712365219.828488,31121.45917075,254350.0,2.295416625478555e-12,256400.0,BID
12,1712365223.458942,31122.50357213,254350.0,6.100022341560469e-12,256400.0,BID
13,1712365224.7386255,31123.68258568,254400.0,6.886249993258809e-12,256400.0,BID
14,1712365228.4186332,31133.76346497,254400.0,5.88792681330543e-11,256400.0,BID
15,1712365228.419968,31135.11933416,254400.0,7.919208562542498e-12,256400.0,BID
16,1712365230.798471,31135.11933416,254400.0,0.0,256400.0,BID
17,1712365232.9384856,31146.50933416,254400.0,-6.651478896430308e-11,256400.0,ASK
18,1712365233.2985492,31171.50933416,254400.0,-1.4599383003579118e-10,256400.0,ASK
19,1712365233.3786385,31171.90249319,254400.0,-2.295951704102932e-12,256400.0,ASK
20,1712365233.3799484,31195.57899989,254400.0,-1.3826495580005154e-10,256400.0,ASK
21,1712365234.1790185,31197.23657216,254350.0,-9.67981297033651e-12,256400.0,ASK
22,1712365234.2986636,31198.48640408,254350.0,-7.298709956062948e-12,256400.0,ASK
23,1712365234.438624,31200.41988792,254350.0,-1.1291068444572338e-11,256400.0,ASK
24,1712365235.3686712,31202.72471422,254350.0,-1.3459616764158582e-11,256400.0,ASK
25,1712365235.548973,31205.10083522,254350.0,-1.3875960216745678e-11,256400.0,ASK
26,1712365235.90857,31230.10083522,254350.0,-1.4599383003579118e-10,256400.0,ASK
27,1712365236.0088742,31231.49216715,254350.0,-8.12503509247676e-12,256400.0,ASK
28,1712365236.0103333,31232.60930022,254350.0,-6.523781421946511e-12,256400.0,ASK
29,1712365236.24854,31232.60930109,254350.0,-5.080589979491088e-18,256400.0,ASK
30,1712365238.3786602,31252.60930109,254350.0,1.1679506402863298e-10,256400.0,BID
31,1712365238.699287,31252.84591179,254300.0,-1.3817480928061988e-12,256400.0,ASK
32,1712365242.028617,31256.77357249,254350.0,2.293656914697914e-11,256400.0,BID
33,1712365245.148548,31258.73936765,254350.0,1.1479758578959372e-11,256400.0,BID
34,1712365247.459815,31267.7619459,254350.0,5.2689630220616566e-11,256400.0,BID
35,1712365247.4612544,31276.42289035,254350.0,5.057777807930379e-11,256400.0,BID
36,1712365247.5395796,31286.23878884,254250.0,-5.732242463190622e-11,256400.0,ASK
37,1712365247.540995,31286.60833917,254300.0,-2.158082722710501e-12,256400.0,ASK
38,1712365248.3587544,31287.78781626,254350.0,6.887855112330039e-12,256400.0,BID
39,1712365251.2886488,31287.91679208,254350.0,7.531869577525674e-13,256400.0,BID
40,1712365254.1787145,31288.02827401,254350.0,6.510269576303789e-13,256400.0,BID
41,1712365254.1804652,31288.19097384,254350.0,9.501268531033146e-13,256400.0,BID
42,1712365256.9686942,31289.02827401,254350.0,4.889626348328334e-12,256400.0,BID
43,1712365256.9702592,31291.02827401,254350.0,1.1679506402863295e-11,256400.0,BID
44,1712365257.5086455,31293.01998718,254350.0,-1.1631113360832597e-11,256400.0,ASK
45,1712365260.5600069,31293.01998718,254350.0,-0.0,256400.0,ASK
46,1712365261.648715,31295.66445436,254350.0,-1.5439414395279017e-11,256400.0,ASK
47,1712365261.6505103,31296.60468747,254400.0,-5.489441776104063e-12,256400.0,ASK
48,1712365264.1186664,31296.80118972,254450.0,1.1472555569264517e-12,256400.0,BID
49,1712365266.2888336,31297.59452987,254350.0,-4.631824295213424e-12,256400.0,ASK
50,1712365267.0686429,31298.37188887,254450.0,4.538520207646115e-12,256400.0,BID
51,1712365270.3188674,31298.43577375,254350.0,-3.729844497162539e-13,256400.0,ASK
52,1712365271.388744,31300.39197069,254450.0,1.1421028562527496e-11,256400.0,BID
53,1712365271.812354,31300.43127114,254450.0,2.294511113852903e-13,256400.0,BID
54,1712365272.008636,31300.54921884,254350.0,-6.886239432249503e-13,256400.0,ASK
55,1712365272.009876,31304.21851329,254350.0,-2.1422749346373635e-11,256400.0,ASK
56,1712365273.7003348,31304.28048163,254350.0,3.617949535857797e-13,256400.0,BID
57,1712365274.4387164,31307.49288211,254450.0,1.8755226984614088e-11,256400.0,BID
58,1712365274.5386243,31344.18645356,254400.0,-2.1423115383830726e-10,256400.0,ASK
59,1712365276.3887758,31344.30440126,254350.0,-6.88623943246191e-13,256400.0,ASK
60,1712365276.3903637,31362.63723656,254350.0,-1.0703412898355616e-10,256400.0,ASK
61,1712365276.4686852,31362.67329953,254350.0,-2.105494605405734e-13,256400.0,ASK
62,1712365276.9486866,31362.67330029,254300.0,-4.437167257887412e-18,256400.0,ASK
63,1712365276.9499474,31367.27169229,254300.0,-2.6847177449139422e-11,256400.0,ASK
64,1712365278.0988116,31372.87443965,254250.0,-3.2710989532131865e-11,256400.0,ASK
65,1712365278.100463,31373.52347729,254250.0,-3.789330855708686e-12,256400.0,ASK
66,1712365278.1186914,31373.52347768,254250.0,-2.276961539728427e-18,256400.0,ASK
67,1712365279.1586862,31374.46371079,254200.0,-5.489441776125302e-12,256400.0,ASK
68,1712365279.1606262,31374.48976489,254200.0,-1.521138358685812e-13,256400.0,ASK
69,1712365279.3388784,31377.10214546,254350.0,1.5252080450622298e-11,256400.0,BID
70,1712365281.951317,31441.21474329,254250.0,-3.7431395380543576e-10,256400.0,ASK
71,1712365284.178655,31448.29861633,254250.0,4.135836973710267e-11,256400.0,BID
72,1712365286.8486469,31452.18020679,254250.0,2.2662214936101808e-11,256400.0,BID
73,1712365287.268648,31452.33310271,254150.0,-8.926650654188513e-13,256400.0,ASK
74,1712365287.2786376,31456.93031094,254100.0,-2.6840266145523196e-11,256400.0,ASK
75,1712365287.280361,31459.76705966,254150.0,-1.6562027827225968e-11,256400.0,ASK
76,1712365288.778641,31462.59972816,254250.0,1.6538205936786186e-11,256400.0,BID
77,1712365289.9477222,31482.22121226,254100.0,-1.1455775528667068e-10,256400.0,ASK
78,1712365290.5098135,31482.22121226,254100.0,-0.0,256400.0,ASK
79,1712365292.7986376,31484.22121226,254150.0,-1.1673488709105188e-11,256400.0,ASK
80,1712365293.023513,31485.27032284,254100.0,-6.123390255112026e-12,256400.0,ASK
81,1712365293.0252807,31493.06718926,254100.0,-4.550831606014507e-11,256400.0,ASK
82,1712365293.0986936,31493.06718997,254100.0,-4.144081825752611e-18,256400.0,ASK
83,1712365294.4587233,31494.06718997,254200.0,5.836744354552594e-12,256400.0,BID
84,1712365297.8386073,31494.46071198,254250.0,2.296887370255531e-12,256400.0,BID
85,1712365300.53273,31498.62452298,254200.0,-2.4303100347686648e-11,256400.0,ASK
86,1712365300.5344102,31498.62452307,254200.0,-5.253067450658877e-19,256400.0,ASK
87,1712365300.6286662,31511.08927907,254100.0,-7.275359421388267e-11,256400.0,ASK
88,1712365300.7388532,31539.30584107,254050.0,-1.6469285895837036e-10,256400.0,ASK
89,1712365300.9287405,31542.05200807,254100.0,-1.6028674733915348e-11,256400.0,ASK
90,1712365300.930802,31542.05200832,254100.0,-1.4591759656486818e-18,256400.0,ASK
91,1712365304.648917,31542.44555416,254100.0,-2.29702645988364e-12,256400.0,ASK
92,1712365304.650926,31542.83909932,254100.0,-2.2970224908969845e-12,256400.0,ASK
93,1712365304.6891882,31542.8391,254100.0,-3.968986655381403e-18,256400.0,ASK
94,1712365304.90858,31542.83910084,254050.0,-4.9028558759641984e-18,256400.0,ASK
95,1712365307.7634666,31543.00428389,254050.0,9.641312345632182e-13,256400.0,BID
96,1712365310.888734,31547.15415954,254050.0,2.4221763272235503e-11,256400.0,BID
97,1712365310.8987317,31555.33109456,254050.0,4.772667931551365e-11,256400.0,BID
98,1712365313.7187238,31555.69007015,254050.0,-2.0952487483719398e-12,256400.0,ASK
99,1712365313.7285247,31555.77573485,254050.0,-5.000029541097457e-13,256400.0,ASK
100,1712365313.850278,31556.16943563,254000.0,-2.297930805034783e-12,256400.0,ASK
101,1712365313.851117,31592.57571672,254000.0,-2.124941556223096e-10,256400.0,ASK
102,1712365313.8519506,31600.22842285,254000.0,-4.4666889301329257e-11,256400.0,ASK
103,1712365313.868466,31600.2284235,254000.0,-3.793891485010196e-18,256400.0,ASK
104,1712365314.0285733,31602.17065389,254050.0,1.1336302264068123e-11,256400.0,BID
105,1712365315.848639,31603.67065389,254050.0,8.755116531828891e-12,256400.0,BID
106,1712365320.798565,31603.67065389,254050.0,0.0,256400.0,BID
107,1712365323.3287785,31604.06427719,254050.0,2.297064898697706e-12,256400.0,BID
108,1712365324.7487438,31604.2646415,254000.0,-1.1692646839304074e-12,256400.0,ASK
109,1712365325.1561632,31606.03278112,254000.0,-1.0318320732310162e-11,256400.0,ASK
110,1712365325.161435,31619.96207023,254000.0,-8.128706069613129e-11,256400.0,ASK
111,1712365325.679289,31732.55675928,254000.0,-6.570680851399456e-10,256400.0,ASK
112,1712365325.68249,31735.37823829,254000.0,-1.6465286471366938e-11,256400.0,ASK
113,1712365327.7187717,31735.45697844,254000.0,4.595033746436897e-13,256400.0,BID
114,1712365331.9192069,31766.19427001,253950.0,-1.7937340992450916e-10,256400.0,ASK
115,1712365331.920936,31766.60739338,253950.0,-2.4108613287374597e-12,256400.0,ASK
116,1712365335.4886043,31774.51015038,253950.0,-4.611806696326838e-11,256400.0,ASK
117,1712365337.8187585,31784.85844565,254000.0,6.038947853483629e-11,256400.0,BID
118,1712365339.1286843,31794.46493196,253950.0,-5.6060508873841335e-11,256400.0,ASK
119,1712365339.5086098,31794.85863274,254000.0,2.2975170482396312e-12,256400.0,BID
120,1712365343.1695514,31798.62172848,254000.0,2.196027301946645e-11,256400.0,BID
121,1712365343.1711695,31799.85863274,254000.0,7.218194041629647e-12,256400.0,BID
122,1712365343.548709,31799.91741675,253950.0,-3.430454598886179e-13,256400.0,ASK
123,1712365343.5507302,31805.81696072,253950.0,-3.442792988083307e-11,256400.0,ASK
124,1712365345.8587868,31821.3547634,253950.0,-9.067385274003231e-11,256400.0,ASK
125,1712365345.8601103,31828.33859872,253950.0,-4.07555217689653e-11,256400.0,ASK
126,1712365349.18882,31828.53909084,254000.0,1.1700105438781105e-12,256400.0,BID
127,1712365350.778648,31828.53909084,254000.0,0.0,256400.0,BID
128,1712365351.0587745,31869.26802386,253950.0,-2.3760237502819064e-10,256400.0,ASK
129,1712365351.0608602,31871.03073082,253950.0,-1.0283190084274804e-11,256400.0,ASK
130,1712365356.0989642,31871.07010865,253950.0,-2.297203790578907e-13,256400.0,ASK
131,1712365356.1011362,31891.67986095,253950.0,-1.2023212326278734e-10,256400.0,ASK
132,1712365358.4288435,31891.87581409,253950.0,1.1431414477542365e-12,256400.0,BID
133,1712365359.129666,31893.87581409,253950.0,1.166749813512252e-11,256400.0,BID
134,1712365360.0285664,31909.42231182,253950.0,9.069436663622972e-11,256400.0,BID
135,1712365360.4986515,31917.42231182,253950.0,4.666999254049008e-11,256400.0,BID
136,1712365361.3787315,31921.36009484,253950.0,2.2972038021200044e-11,256400.0,BID
137,1712365362.4584928,31925.85491378,253950.0,2.6221645800072166e-11,256400.0,BID
138,1712365362.8187642,31928.22339143,253900.0,-1.3817104282234743e-11,256400.0,ASK
139,1712365362.820005,31929.73650424,253900.0,-8.827120444453467e-12,256400.0,ASK
140,1712365365.508614,31932.13650424,253900.0,-1.4000997762134288e-11,256400.0,ASK
141,1712365365.7488234,31932.92406084,253950.0,4.5944075809031375e-12,256400.0,BID
142,1712365367.1987145,31937.95745477,253900.0,-2.9363557145805266e-11,256400.0,ASK
143,1712365367.2009623,31938.83189858,253900.0,-5.101285761223556e-12,256400.0,ASK
144,1712365367.558807,31938.87128416,253900.0,-2.2976559059663546e-13,256400.0,ASK
145,1712365367.56106,31943.83789023,253900.0,-2.8973933529807318e-11,256400.0,ASK
146,1712365367.7589228,31944.03481815,253900.0,1.1488280696887593e-12,256400.0,BID
147,1712365367.9389844,31945.03481815,253850.0,-5.8337490675612586e-12,256400.0,ASK
148,1712365367.941234,31946.56458867,253850.0,-8.924297344627726e-12,256400.0,ASK
149,1712365367.9486456,31957.01073418,253850.0,-6.094019162856615e-11,256400.0,ASK
150,1712365367.9986908,31961.97600417,253850.0,-2.896613917435122e-11,256400.0,ASK
151,1712365368.1886432,31963.26064345,253850.0,7.494263201864299e-12,256400.0,BID
152,1712365370.1287403,31963.59570404,253850.0,1.9546594044758304e-12,256400.0,BID
153,1712365378.0787554,31964.59570404,253850.0,-5.8337490675612586e-12,256400.0,ASK
154,1712365378.088982,31969.70477841,253850.0,-2.980505784209212e-11,256400.0,ASK
155,1712365379.6888113,31972.16441179,253850.0,1.434888393711763e-11,256400.0,BID
156,1712365380.558633,31972.16441179,253850.0,0.0,256400.0,BID
157,1712365382.0188174,31976.07701916,253850.0,2.2820314423046127e-11,256400.0,BID
158,1712365382.0211751,31976.14777125,253850.0,4.1266214245224344e-13,256400.0,BID
159,1712365382.5986807,31994.12891678,253850.0,-1.0487517807882275e-10,256400.0,ASK
160,1712365386.1794517,31997.94141678,253950.0,2.223643737037817e-11,256400.0,BID
161,1712365386.18126,32006.1186613,253900.0,4.769384541147718e-11,256400.0,BID
162,1712365386.1830535,32012.74827898,254050.0,3.8667299234341106e-11,256400.0,BID
163,1712365386.1848164,32014.71678292,254000.0,1.1481315298396092e-11,256400.0,BID
164,1712365386.1864228,32016.0996686,253950.0,8.06569201670668e-12,256400.0,BID
165,1712365386.187435,32033.26960974,254000.0,1.0014382185251136e-10,256400.0,BID
166,1712365390.1488674,32033.993525,253900.0,-4.222241663077154e-12,256400.0,ASK
167,1712365390.7087717,32048.31733171,254050.0,8.354371955732449e-11,256400.0,BID
168,1712365390.9086893,32054.94694939,254050.0,3.86672992343199e-11,256400.0,BID
169,1712365395.2487204,32057.94694939,254000.0,-1.7497524488166435e-11,256400.0,ASK
170,1712365395.2506404,32061.05935613,254050.0,1.8153137716769945e-11,256400.0,BID
171,1712365399.1090016,32061.37434826,254050.0,-1.837194169413305e-12,256400.0,ASK
172,1712365400.6687386,32063.34246477,254250.0,1.147905560976895e-11,256400.0,BID
173,1712365401.5789676,32064.13296594,254050.0,-4.610604526658277e-12,256400.0,ASK
174,1712365401.6588523,32065.16449093,254050.0,6.016377924234719e-12,256400.0,BID
175,1712365401.8613338,32065.55819171,254000.0,-2.2962630130069158e-12,256400.0,ASK
176,1712365401.8636012,32065.75054289,254000.0,-1.1218898274675416e-12,256400.0,ASK
177,1712365401.9063742,32069.19385538,254250.0,2.0083148204721048e-11,256400.0,BID
178,1712365401.909119,32071.15887554,254250.0,1.1460996123122827e-11,256400.0,BID
179,1712365402.798728,32075.75054289,254250.0,-2.6780937299377568e-11,256400.0,ASK
180,1712365405.368742,32076.00054289,254050.0,-1.4581270406805364e-12,256400.0,ASK
181,1712365410.541963,32076.00054289,254050.0,-0.0,256400.0,ASK
182,1712365413.2217236,32086.00054289,254100.0,-5.831611086299743e-11,256400.0,ASK
183,1712365413.224279,32087.63412786,254050.0,-9.526432221469363e-12,256400.0,ASK
184,1712365413.4387665,32087.96275462,254000.0,-1.9164234568582857e-12,256400.0,ASK
185,1712365418.1666296,32091.91573977,254050.0,2.305227202472432e-11,256400.0,BID
186,1712365418.8391404,32093.17545273,254050.0,7.346156063090812e-12,256400.0,BID
187,1712365423.8588626,32103.66181848,254050.0,-6.115240676268865e-11,256400.0,ASK
188,1712365425.3247015,32106.72707224,254050.0,1.787536780913742e-11,256400.0,BID
189,1712365425.6207907,32109.16726464,254050.0,1.4230253052551676e-11,256400.0,BID
190,1712365426.7387867,32111.00663184,254000.0,-1.0726474155286658e-11,256400.0,ASK
191,1712365427.1385927,32274.62488284,254050.0,9.54158006452573e-10,256400.0,BID
192,1712365427.2186158,32278.55299831,254050.0,2.2907241723118657e-11,256400.0,BID
193,1712365427.238544,32284.82662171,254050.0,3.658533177071159e-11,256400.0,BID
194,1712365429.7688408,32295.02836058,254050.0,-5.949257349383025e-11,256400.0,ASK
195,1712365429.7714124,32302.85587487,254000.0,-4.5647019111745325e-11,256400.0,ASK
196,1712365429.7738917,32303.09718023,253900.0,-1.4071990125559776e-12,256400.0,ASK
197,1712365429.7763655,32304.58856839,254000.0,-8.697195727835073e-12,256400.0,ASK
198,1712365430.1287088,32306.33929718,254150.0,1.0209569420851126e-11,256400.0,BID
199,1712365430.1312609,32307.33929718,254200.0,5.831611086299743e-12,256400.0,BID
200,1712365430.1411023,32307.67803671,254300.0,1.975397198524572e-12,256400.0,BID
201,1712365430.142277,32435.96114776,254450.0,7.480972125842071e-10,256400.0,BID
202,1712365430.1434703,32490.6369211,254250.0,3.1884784596153993e-10,256400.0,BID
203,1712365430.1446297,32492.97122615,254300.0,1.3612759208389524e-11,256400.0,BID
204,1712365430.1458185,32493.28905308,254450.0,1.8534430485160666e-12,256400.0,BID
205,1712365437.718633,32493.36965869,254450.0,4.70060568899377e-13,256400.0,BID
206,1712365438.5085711,32493.39323896,254450.0,1.3751096395472753e-13,256400.0,BID
207,1712365440.788389,32493.39323896,254450.0,0.0,256400.0,BID
208,1712365446.3386135,32503.39323896,254200.0,-5.828005036737619e-11,256400.0,ASK
209,1712365451.8790605,32507.20745682,254150.0,-2.2229280899289848e-11,256400.0,ASK
210,1712365451.880299,32511.95777917,254150.0,-2.7684902581920848e-11,256400.0,ASK
211,1712365454.3886993,32519.69437507,254150.0,4.5088919872413536e-11,256400.0,BID
212,1712365461.560212,32519.73369097,254300.0,2.291332632107355e-13,256400.0,BID
213,1712365465.9185956,32520.92653391,254200.0,-6.951894662354208e-12,256400.0,ASK
214,1712365467.288844,32521.12305381,254300.0,1.145318967022477e-12,256400.0,BID
215,1712365468.9523342,32529.93021087,254200.0,-5.132815570502198e-11,256400.0,ASK
216,1712365468.9545295,32530.12690638,254200.0,-1.1463424229819228e-12,256400.0,ASK
217,1712365469.496009,32530.91384322,254150.0,-4.586271867128688e-12,256400.0,ASK
218,1712365469.4985082,32531.31625566,254150.0,-2.345261727156801e-12,256400.0,ASK
219,1712365470.0721426,32532.52121021,254150.0,-7.022481186447344e-12,256400.0,ASK
220,1712365470.0734072,32534.62321479,254150.0,-1.2250493279483384e-11,256400.0,ASK
221,1712365470.7660463,32534.62321479,254150.0,-0.0,256400.0,ASK
222,1712365471.758597,32535.41015163,254150.0,-4.585991775754332e-12,256400.0,ASK
223,1712365472.3590314,32535.80369747,254100.0,-2.2934470644807337e-12,256400.0,ASK
224,1712365472.3622658,32544.2132626,254100.0,-4.9007994750757415e-11,256400.0,ASK
225,1712365473.812747,32544.30297053,254050.0,-5.22786338489277e-13,256400.0,ASK
226,1712365473.8156736,32552.76567874,254050.0,-4.931769397367855e-11,256400.0,ASK
227,1712365474.2089076,32553.04099383,254000.0,-1.6044397393798146e-12,256400.0,ASK
228,1712365474.2122366,32559.79245879,254000.0,-3.934516876971667e-11,256400.0,ASK
229,1712365476.8189528,32560.86287314,254000.0,-6.237999234783678e-12,256400.0,ASK
230,1712365480.0288382,32564.80184951,254000.0,-2.295497213950053e-11,256400.0,ASK
231,1712365480.031521,32568.8015279,254000.0,-2.330872221234949e-11,256400.0,ASK
232,1712365480.5088007,32570.51164601,254000.0,9.965968282846167e-12,256400.0,BID
233,1712365481.8787766,32570.61355152,254000.0,5.93869554724462e-13,256400.0,BID
234,1712365483.3489385,32571.03978321,253850.0,-2.483928729149436e-12,256400.0,ASK
235,1712365483.351986,32571.21620077,253850.0,-1.0280996366371729e-12,256400.0,ASK
236,1712365491.398875,32572.17957368,253850.0,-5.614199282196524e-12,256400.0,ASK
237,1712365498.5776007,32585.15029978,254100.0,7.558884042111055e-11,256400.0,BID
238,1712365498.5794258,32587.00865122,254100.0,1.0829820116573216e-11,256400.0,BID
239,1712365498.58086,32592.61230355,254100.0,3.265611951729287e-11,256400.0,BID
240,1712365498.582489,32597.07059557,254100.0,2.5981361525362438e-11,256400.0,BID
241,1712365498.5945055,32599.67126591,254100.0,1.5155794193996337e-11,256400.0,BID
242,1712365498.998773,32614.57126592,254100.0,8.683197180690628e-11,256400.0,BID
243,1712365499.3188834,32620.11026592,254100.0,3.227934842387672e-11,256400.0,BID
244,1712365499.339038,32625.64926592,254100.0,3.227934842387672e-11,256400.0,BID
245,1712365499.358672,32626.54926592,254000.0,-5.244884199569431e-12,256400.0,ASK
246,1712365499.3600905,32628.24993626,254000.0,-9.910909994405705e-12,256400.0,ASK
247,1712365499.4386308,32629.98504763,254100.0,1.0111620232267782e-11,256400.0,BID
248,1712365500.123295,32635.04649365,253850.0,-2.9496331397026405e-11,256400.0,ASK
249,1712365500.1255662,32638.35637065,253850.0,-1.9288801755398594e-11,256400.0,ASK
250,1712365500.1278822,32644.25946598,253850.0,-3.4401168249952805e-11,256400.0,ASK
251,1712365500.2275622,32648.16244797,254000.0,-2.2745209522887163e-11,256400.0,ASK
252,1712365500.2305875,32684.42248668,253850.0,-2.1131078234034663e-10,256400.0,ASK
253,1712365500.2727706,32685.75918843,253850.0,7.789828764600671e-12,256400.0,BID
254,1712365500.499085,32685.75918843,253850.0,0.0,256400.0,BID
255,1712365500.5789783,32685.87114944,253800.0,-6.53990874830239e-13,256400.0,ASK
256,1712365500.5822008,32687.59783538,253800.0,-1.0085983044103397e-11,256400.0,ASK
257,1712365500.5847657,32687.61753987,253800.0,-1.150986102590077e-13,256400.0,ASK
258,1712365500.601252,32688.62677402,253800.0,-5.8951765857507586e-12,256400.0,ASK
259,1712365500.6027448,32689.27290087,253800.0,-3.774180528438388e-12,256400.0,ASK
260,1712365501.28282,32691.21474908,254100.0,1.1342797011670792e-11,256400.0,BID
261,1712365502.0486703,32693.44389509,253800.0,-1.302097175802374e-11,256400.0,ASK
262,1712365502.2088213,32694.91142126,253800.0,-8.572169219967512e-12,256400.0,ASK
263,1712365502.2119396,32695.6730411,253800.0,-4.448802538056226e-12,256400.0,ASK
264,1712365503.1491644,32695.71243444,254100.0,2.3010586354869e-13,256400.0,BID
265,1712365505.4191742,32696.13567421,254100.0,2.472244109322808e-12,256400.0,BID
266,1712365505.940283,32696.15537117,254100.0,1.1505462573130737e-13,256400.0,BID
267,1712365511.2888494,32716.61975527,254100.0,1.1953733233096155e-10,256400.0,BID
268,1712365511.6491835,32716.63983005,254050.0,-1.1726156217106913e-13,256400.0,ASK
269,1712365512.8289168,32716.74397383,254050.0,6.08328576095326e-13,256400.0,BID
270,1712365516.4089606,32721.12314629,254050.0,2.557978735775181e-11,256400.0,BID
271,1712365516.4118674,32723.43222584,254000.0,1.3487882567005606e-11,256400.0,BID
272,1712365516.5490203,32752.9256123,254050.0,1.7227788149435918e-10,256400.0,BID
273,1712365522.308874,32762.72156061,254050.0,5.722046277606892e-11,256400.0,BID
274,1712365525.3989289,32763.11510645,254050.0,2.29879480534528e-12,256400.0,BID
275,1712365530.7899468,32763.11510645,254050.0,0.0,256400.0,BID
276,1712365537.690128,32765.07128798,254000.0,1.1425209864630636e-11,256400.0,BID
277,1712365539.9790514,32770.07128798,253950.0,-2.9202836468403936e-11,256400.0,ASK
278,1712365539.9820244,32773.87382115,253950.0,-2.22089508658814e-11,256400.0,ASK
279,1712365541.248851,32774.94260431,254000.0,6.242299968341714e-12,256400.0,BID
280,1712365551.3541725,32775.12312035,254000.0,1.0543160791878802e-12,256400.0,BID
281,1712365551.357312,32776.12312035,254000.0,5.840567293685037e-12,256400.0,BID
282,1712365551.7493608,32824.23180604,253900.0,-2.8098201618318806e-10,256400.0,ASK
283,1712365551.75644,32875.94269141,253950.0,-3.02020905819503e-10,256400.0,ASK
284,1712365551.7587106,32879.09167783,253900.0,-1.8391867092938387e-11,256400.0,ASK
285,1712365560.5144749,32879.09167783,253900.0,-0.0,256400.0,ASK
286,1712365567.259248,32879.12861008,253900.0,-2.156681956007533e-13,256400.0,ASK
287,1712365567.2618265,32879.16184063,253950.0,-1.9405188574670145e-13,256400.0,ASK
288,1712365567.2643435,32880.59161031,253900.0,-8.349229928687745e-12,256400.0,ASK
289,1712365570.8091612,32881.37947716,253850.0,-4.6007979997148586e-12,256400.0,ASK
290,1712365570.812429,32923.72740408,253850.0,-2.4729338144649063e-10,256400.0,ASK
291,1712365575.8549464,32923.74710075,253850.0,1.1501994270717106e-13,256400.0,BID
292,1712365579.0041032,32924.53512281,253800.0,-4.6017043582684576e-12,256400.0,ASK
293,1712365579.0116155,32928.74710075,253800.0,-2.4596109966111387e-11,256400.0,ASK
294,1712365579.769003,32929.53426377,253850.0,4.596687940210109e-12,256400.0,BID
295,1712365580.0492036,32930.40129939,253800.0,-5.063109009087476e-12,256400.0,ASK
296,1712365580.089204,32930.79531043,253800.0,-2.300852237534552e-12,256400.0,ASK
297,1712365580.0925388,32933.70389251,253800.0,-1.6984847903785663e-11,256400.0,ASK
298,1712365580.1689253,32934.49191457,253800.0,-4.6017043582684576e-12,256400.0,ASK
299,1712365580.1710238,32935.35039086,253800.0,-5.013126263497664e-12,256400.0,ASK
300,1712365585.209474,32935.45039086,253750.0,-5.839562864790993e-13,256400.0,ASK
301,1712365585.212116,32935.48979972,253750.0,-2.3013051540630125e-13,256400.0,ASK
302,1712365585.214678,32935.52920082,253800.0,-2.3008520036783333e-13,256400.0,ASK
303,1712365585.217239,32962.57057323,253750.0,-1.57909794140717e-10,256400.0,ASK
304,1712365585.2190075,32969.67193008,253750.0,-4.14688197515258e-11,256400.0,ASK
305,1712365586.23633,32970.02402982,253700.0,-2.0561085664210483e-12,256400.0,ASK
306,1712365589.809526,32970.04374207,253700.0,-1.151109230585747e-13,256400.0,ASK
307,1712365589.812194,32975.96525814,253700.0,-3.45790653461625e-11,256400.0,ASK
308,1712365589.814777,32982.98781284,253700.0,-4.1008649642685516e-11,256400.0,ASK
309,1712365590.5600924,32982.98781284,253700.0,-0.0,256400.0,ASK
310,1712365590.5689209,32983.16386271,253650.0,-1.0278960093819657e-12,256400.0,ASK
311,1712365591.0367851,32983.24268044,253750.0,4.601902298679439e-13,256400.0,BID
312,1712365591.049063,32993.06663057,253650.0,-5.735874235679095e-11,256400.0,ASK
313,1712365591.051615,32995.07727515,253650.0,-1.1739477797530278e-11,256400.0,ASK
314,1712365591.054349,32995.17561122,253600.0,-5.741512557721257e-13,256400.0,ASK
315,1712365591.0592115,32995.39244937,253650.0,-1.2660450648132197e-12,256400.0,ASK
316,1712365591.0619297,32996.1705346,253650.0,-4.5429780942009895e-12,256400.0,ASK
317,1712365591.06355,33000.49337303,253600.0,-2.523960041280973e-11,256400.0,ASK
318,1712365591.0651398,33007.48471792,253550.0,-4.082011257857417e-11,256400.0,ASK
319,1712365591.1291203,33022.41381792,253550.0,8.716599628331362e-11,256400.0,BID
320,1712365592.7015774,33022.55920856,253500.0,-8.488870719417323e-13,256400.0,ASK
321,1712365592.7051604,33022.67755175,253500.0,-6.90966103757567e-13,256400.0,ASK
322,1712365592.7088072,33034.1923555,253500.0,-6.723106824094199e-11,256400.0,ASK
323,1712365594.5331683,33034.98068817,253550.0,4.602809451531343e-12,256400.0,BID
324,1712365595.0089183,33035.0687131,253500.0,-5.139479755271786e-13,256400.0,ASK
325,1712365596.7219586,33035.46264652,253550.0,2.3000448133717045e-12,256400.0,BID
326,1712365597.179287,33035.58013018,253500.0,-6.859475970588693e-13,256400.0,ASK
327,1712365597.1827424,33043.0179862,253500.0,-4.342714096596268e-11,256400.0,ASK
328,1712365597.1861906,33061.32521907,253500.0,-1.068897785066782e-10,256400.0,ASK
329,1712365598.7445378,33061.71969638,253500.0,-2.3032204042711287e-12,256400.0,ASK
330,1712365598.747258,33072.67566657,253500.0,-6.396822694345537e-11,256400.0,ASK
331,1712365599.9493985,33073.86950138,253850.0,6.970400132053576e-12,256400.0,BID
332,1712365599.9510968,33076.07457299,253800.0,1.2874671866458568e-11,256400.0,BID
333,1712365599.9527209,33076.8206088,253550.0,4.355852304670136e-12,256400.0,BID
334,1712365599.9543765,33079.21143087,253750.0,1.3959206359881833e-11,256400.0,BID
335,1712365599.9560356,33080.54813262,253800.0,7.804552168108094e-12,256400.0,BID
336,1712365601.8791475,33083.04813262,253550.0,-1.459665959155385e-11,256400.0,ASK
337,1712365602.0243075,33083.16645247,253550.0,6.908298293510136e-13,256400.0,BID
338,1712365602.579177,33089.59843289,253550.0,3.755417147610354e-11,256400.0,BID
339,1712365602.5827832,33102.86312373,253700.0,7.744807071146345e-11,256400.0,BID
340,1712365605.8890634,33103.64743746,253550.0,4.579344211920116e-12,256400.0,BID
341,1712365610.788995,33106.73463828,253600.0,-1.8025127784135096e-11,256400.0,ASK
342,1712365616.002626,33106.85298147,253500.0,-6.90966103757567e-13,256400.0,ASK
343,1712365616.0042489,33111.38874912,253500.0,-2.6482822549366368e-11,256400.0,ASK
344,1712365617.6191463,33111.8574244,253500.0,-2.736437408437628e-12,256400.0,ASK
345,1712365617.6208346,33115.53813891,253500.0,-2.149045470248193e-11,256400.0,ASK
346,1712365618.8791938,33115.80752035,253500.0,-1.572827671968877e-12,256400.0,ASK
347,1712365618.882804,33119.1780257,253450.0,-1.967924769819389e-11,256400.0,ASK
348,1712365618.88559,33119.57250301,253500.0,-2.3032204042711287e-12,256400.0,ASK
349,1712365618.8884137,33119.59617631,253450.0,-1.3822044059377718e-13,256400.0,ASK
350,1712365619.3423278,33120.25831989,253550.0,3.8660337752224615e-12,256400.0,BID
351,1712365619.3491406,33151.5215256,253850.0,1.8253534859582616e-10,256400.0,BID
352,1712365619.3508914,33154.49683476,253700.0,1.7371829995258456e-11,256400.0,BID
353,1712365619.35252,33157.62748377,253800.0,1.827880715981854e-11,256400.0,BID
354,1712365619.3541546,33158.32300632,253700.0,4.060922360274768e-12,256400.0,BID
355,1712365620.7705157,33158.32300632,253700.0,0.0,256400.0,BID
356,1712365622.5674307,33158.71717265,253700.0,2.300807314854207e-12,256400.0,BID
357,1712365622.679313,33158.91445021,253450.0,-1.1515383698727668e-12,256400.0,ASK
358,1712365622.683669,33197.59443909,253450.0,-2.2578083052840328e-10,256400.0,ASK
359,1712365622.687543,33198.38339372,253500.0,-4.6052451608706986e-12,256400.0,ASK
360,1712365626.472617,33203.31683376,253500.0,2.879722103975661e-11,256400.0,BID
361,1712365628.225679,33203.63216683,253700.0,1.8406458869133176e-12,256400.0,BID
362,1712365628.3792622,33206.67970873,253500.0,-1.7788953957219845e-11,256400.0,ASK
363,1712365629.6676395,33244.7991272,253500.0,-2.22508697924362e-10,256400.0,ASK
364,1712365630.3290403,33244.8293197,253500.0,-1.7623809943083805e-13,256400.0,ASK
365,1712365630.3320343,33246.80015139,253500.0,-1.1504036807775732e-11,256400.0,ASK
366,1712365630.6182702,33247.1946287,253500.0,2.3026225512366443e-12,256400.0,BID
367,1712365633.999237,33247.27352416,253500.0,4.605244985678469e-13,256400.0,BID
368,1712365636.8392878,33247.66807929,253450.0,-2.3030767981004727e-12,256400.0,ASK
369,1712365636.8431158,33303.63039386,253450.0,-3.2666032818954675e-10,256400.0,ASK
370,1712365637.0390737,33304.41934849,253500.0,4.605245160828228e-12,256400.0,BID
371,1712365637.098985,33305.15574849,253500.0,4.298475992732975e-12,256400.0,BID
372,1712365638.4791849,33309.15574849,253500.0,2.3348593116600408e-11,256400.0,BID
373,1712365638.8094366,33312.15574849,253450.0,-1.7511444837450308e-11,256400.0,ASK
374,1712365639.3675325,33362.15574849,253450.0,-2.918574139575052e-10,256400.0,ASK
375,1712365641.2532756,33376.22858533,253450.0,-8.214523534337436e-11,256400.0,ASK
376,1712365645.432824,33378.81606632,253450.0,-1.510351020814207e-11,256400.0,ASK
377,1712365645.769247,33382.87410372,253450.0,-2.3687366026126744e-11,256400.0,ASK
378,1712365646.2388592,33384.19290372,253450.0,7.698031150548525e-12,256400.0,BID
379,1712365646.2592118,33387.20438053,253450.0,1.7578436679166588e-11,256400.0,BID
380,1712365649.5489693,33388.26208883,253450.0,-6.174000183202722e-12,256400.0,ASK
381,1712365650.7992194,33388.26208883,253450.0,-0.0,256400.0,ASK
382,1712365651.2991805,33388.31160568,253450.0,-2.889389002639159e-13,256400.0,ASK
383,1712365652.1190736,33388.93528287,253450.0,-3.639258179881567e-12,256400.0,ASK
384,1712365652.3593297,33393.489527,253450.0,-2.657475769358609e-11,256400.0,ASK
385,1712365653.7690604,33397.36104155,253450.0,-2.2590919181477656e-11,256400.0,ASK
386,1712365654.1890569,33417.36104155,253450.0,-1.1670326374706026e-10,256400.0,ASK
387,1712365654.3892105,33420.73994951,253450.0,-1.9716479341662607e-11,256400.0,ASK
388,1712365654.4491563,33432.96362305,253450.0,-7.132712985478759e-11,256400.0,ASK
389,1712365656.7260375,33433.69178304,253400.0,-4.248932368160594e-12,256400.0,ASK
390,1712365656.7296214,33464.86227495,253400.0,-1.8188490692492358e-10,256400.0,ASK
391,1712365657.5492177,33468.80782634,253450.0,2.3022936224754708e-11,256400.0,BID
392,1712365660.299212,33472.74793666,253400.0,-2.2991186693372548e-11,256400.0,ASK
393,1712365660.302449,33472.77161463,253400.0,-1.381648188892452e-13,256400.0,ASK
394,1712365662.1816804,33472.83668441,253500.0,3.796927848713887e-13,256400.0,BID
395,1712365662.1835988,33472.85051282,253450.0,8.069102894692572e-14,256400.0,BID
396,1712365663.869086,33473.53875525,253350.0,-4.016006891543235e-12,256400.0,ASK
397,1712365663.889214,33473.73611068,253350.0,-1.1516011399510304e-12,256400.0,ASK
398,1712365663.8931208,33491.61743725,253350.0,-1.0434045854230692e-10,256400.0,ASK
399,1712365664.9690733,33491.6411199,253350.0,1.381921274401296e-13,256400.0,BID
400,1712365665.0927267,33491.67212389,253350.0,1.8091334110666842e-13,256400.0,BID
401,1712365665.3886814,33491.71159497,253350.0,2.303201929976412e-13,256400.0,BID
402,1712365666.3791103,33491.92294897,253350.0,1.2332850802946677e-12,256400.0,BID
403,1712365668.091125,33492.31765984,253350.0,2.3032023382796107e-12,256400.0,BID
404,1712365668.8912976,33492.37314829,253350.0,3.23784160730018e-13,256400.0,BID
405,1712365669.1089394,33496.31672789,253350.0,2.3011430508336344e-11,256400.0,BID
406,1712365670.7408028,33496.41672789,253300.0,-5.8351631872681e-13,256400.0,ASK
407,1712365670.7456503,33503.05639758,253300.0,-3.8743556151298815e-11,256400.0,ASK
408,1712365670.7480493,33508.34690089,253300.0,-3.087095015705783e-11,256400.0,ASK
409,1712365670.7632358,33508.34690093,253300.0,-2.3342528732658586e-19,256400.0,ASK
410,1712365671.2790246,33511.53868178,253350.0,1.862456211801956e-11,256400.0,BID
411,1712365672.3791585,33512.52584861,253250.0,-5.760279546171942e-12,256400.0,ASK
412,1712365672.3890946,33528.43666121,253250.0,-9.284218796438775e-11,256400.0,ASK
413,1712365672.3928387,33550.01791899,253250.0,-1.2593016093464628e-10,256400.0,ASK
414,1712365672.8491445,33551.98950079,253250.0,1.1504501540196423e-11,256400.0,BID
415,1712365672.9092877,33552.06650224,253200.0,-4.493160264201684e-13,256400.0,ASK
416,1712365672.914315,33556.48317678,253200.0,-2.5772016686326155e-11,256400.0,ASK
417,1712365676.2596805,33568.32917875,253250.0,-6.912335461265313e-11,256400.0,ASK
418,1712365676.5590854,33568.36864983,253250.0,-2.303201929976412e-13,256400.0,ASK
419,1712365677.536056,33569.33761442,253300.0,-5.6540665054155195e-12,256400.0,ASK
420,1712365677.5488667,33570.79745911,253300.0,-8.518431994329891e-12,256400.0,ASK
421,1712365678.7291124,33577.76437839,253350.0,4.0653110911911717e-11,256400.0,BID
422,1712365679.8395848,33577.96188974,253150.0,-1.1525109586111086e-12,256400.0,ASK
423,1712365679.8428314,33577.96188975,253200.0,-5.833509363163495e-20,256400.0,ASK
424,1712365679.8460414,33578.00138422,253200.0,-2.30456677459426e-13,256400.0,ASK
425,1712365679.8493342,33580.16191814,253150.0,-1.2607067995030274e-11,256400.0,ASK
426,1712365679.8517025,33584.250875,253100.0,-2.3859730544122995e-11,256400.0,ASK
427,1712365680.49899,33584.250875,253100.0,-0.0,256400.0,ASK
428,1712365681.699293,33584.55701889,253100.0,-1.7858821346773068e-12,256400.0,ASK
429,1712365681.7142918,33584.95211964,253100.0,-2.3048095809238684e-12,256400.0,ASK
430,1712365681.717512,33600.94896215,253050.0,-9.331714981959186e-11,256400.0,ASK
431,1712365681.7195766,33601.14651252,253100.0,-1.1524047612603914e-12,256400.0,ASK
432,1712365681.7214403,33605.57247551,253050.0,-2.5818735864654467e-11,256400.0,ASK
433,1712365681.7233236,33609.77311238,253000.0,-2.450430201397178e-11,256400.0,ASK
434,1712365681.7252064,33623.79588983,253000.0,-8.180149447432978e-11,256400.0,ASK
435,1712365682.229067,33624.21428138,253300.0,2.440675835278836e-12,256400.0,BID
436,1712365684.189072,33624.21428217,253200.0,-4.608453341528932e-18,256400.0,ASK
437,1712365684.1990588,33628.11767117,253200.0,-2.2770314572349617e-11,256400.0,ASK
438,1712365684.2490802,33628.11767164,253100.0,-2.741719259598284e-18,256400.0,ASK
439,1712365684.2590868,33632.06472964,253100.0,-2.3025056507378945e-11,256400.0,ASK
440,1712365685.519202,33635.93711302,253150.0,-2.258944412340905e-11,256400.0,ASK
441,1712365690.6793404,33649.21866348,253150.0,-7.747756679716192e-11,256400.0,ASK
442,1712365690.6837418,33650.4930037,253150.0,-7.433829342038562e-12,256400.0,ASK
443,1712365691.0392382,33656.6801687,253150.0,-3.6092660342324295e-11,256400.0,ASK
444,1712365691.0436068,33705.09343989,253150.0,-2.824175132104577e-10,256400.0,ASK
445,1712365691.5390463,33705.24414621,253150.0,8.79141257645249e-13,256400.0,BID
446,1712365692.569159,33705.26429634,253150.0,1.1754524047869694e-13,256400.0,BID
447,1712365693.129628,33705.28407113,253100.0,-1.1535570473432718e-13,256400.0,ASK
448,1712365693.1341312,33709.65533774,253000.0,-2.5499666005424408e-11,256400.0,ASK
449,1712365693.1403544,33718.99084834,253000.0,-5.445844958204008e-11,256400.0,ASK
450,1712365694.2691708,33721.05432253,253000.0,-1.2037221096391059e-11,256400.0,ASK
451,1712365694.279104,33728.59095637,253000.0,-4.396475046514948e-11,256400.0,ASK
452,1712365694.2825196,33729.37813416,253000.0,-4.591980431023034e-12,256400.0,ASK
453,1712365695.379115,33729.4571387,253150.0,4.608708557069733e-13,256400.0,BID
454,1712365697.5092518,33729.57260928,253150.0,6.735945175977669e-13,256400.0,BID
455,1712365697.5137174,33731.01091066,253150.0,8.390292351688063e-12,256400.0,BID
456,1712365697.663326,33748.17358669,253150.0,1.0011800825038951e-10,256400.0,BID
457,1712365700.9593036,33759.59591509,253000.0,-6.663184499849274e-11,256400.0,ASK
458,1712365700.9633372,33767.91107731,253000.0,-4.8506274795937616e-11,256400.0,ASK
459,1712365700.9667776,33771.86130444,253000.0,-2.304354354187236e-11,256400.0,ASK
460,1712365701.8291082,33775.81525269,253150.0,2.3065250595162983e-11,256400.0,BID
461,1712365703.236715,33776.44868703,253000.0,-3.695122157376693e-12,256400.0,ASK
462,1712365703.2388206,33782.08219634,253000.0,-3.286292479047314e-11,256400.0,ASK
463,1712365703.2409024,33792.13585271,253000.0,-5.864773358414235e-11,256400.0,ASK
464,1712365703.242912,33804.40811466,252950.0,-7.158990946477451e-11,256400.0,ASK
465,1712365703.2449214,33804.60582126,252900.0,-1.1533161247691752e-12,256400.0,ASK
466,1712365703.2469292,33804.70957645,252950.0,-6.05253105655851e-13,256400.0,ASK
467,1712365703.2489316,33804.90732214,252850.0,-1.1535441552866219e-12,256400.0,ASK
468,1712365703.2515538,33807.0266556,252800.0,-1.2363074643039271e-11,256400.0,ASK
469,1712365703.2535577,33808.91142931,252900.0,-1.0994776660592609e-11,256400.0,ASK
470,1712365703.2555864,33809.01142931,252850.0,-5.833473059442248e-13,256400.0,ASK
471,1712365703.2576673,33809.03159139,252950.0,-1.176149505032354e-13,256400.0,ASK
472,1712365703.2597408,33809.11068966,252850.0,-4.614176271322193e-13,256400.0,ASK
473,1712365703.2617805,33811.91479962,252800.0,-1.6357699907577258e-11,256400.0,ASK
474,1712365703.2638335,33813.20677084,252750.0,-7.536679305565311e-12,256400.0,ASK
475,1712365703.2658849,33813.40455565,252800.0,-1.1537723607162165e-12,256400.0,ASK
476,1712365703.2679474,33813.79773706,252850.0,-2.2936131627399678e-12,256400.0,ASK
477,1712365703.2700152,33828.87911759,252800.0,-8.797682702222373e-11,256400.0,ASK
478,1712365703.2720764,33830.05335373,252750.0,-6.849874888230075e-12,256400.0,ASK
479,1712365704.2591944,33830.07310486,253150.0,1.1521768474642274e-13,256400.0,BID
480,1712365705.499227,33831.2584935,252800.0,-6.914932696501134e-12,256400.0,ASK
481,1712365705.503446,33838.21425389,252800.0,-4.057624084360834e-11,256400.0,ASK
482,1712365706.2191365,33867.38082427,252750.0,-1.7014240255054768e-10,256400.0,ASK
483,1712365706.222741,33869.58343388,252800.0,-1.2848863820557887e-11,256400.0,ASK
484,1712365706.3495245,33876.60193665,252750.0,-4.094224682700593e-11,256400.0,ASK
485,1712365707.5892658,33876.72027984,253000.0,6.903518106800856e-13,256400.0,BID
486,1712365707.5947037,33877.78500104,253150.0,6.211022436088219e-12,256400.0,BID
487,1712365709.1490731,33878.5228811,252750.0,-4.304403451161377e-12,256400.0,ASK
488,1712365710.5690615,33878.5228811,252750.0,-0.0,256400.0,ASK
489,1712365710.9391882,33878.7228811,253150.0,1.1661881266410048e-12,256400.0,BID
490,1712365711.279178,33881.5061813,252750.0,-1.6229258230216097e-11,256400.0,ASK
491,1712365714.339174,33884.63683031,252850.0,-1.8254628520332592e-11,256400.0,ASK
492,1712365716.4991412,33884.88683031,252850.0,-1.457735158269437e-12,256400.0,ASK
493,1712365718.7290628,33897.76802877,252900.0,-7.510950350312968e-11,256400.0,ASK
494,1712365718.7390344,33897.94847235,252900.0,-1.0521558026025136e-12,256400.0,ASK
495,1712365720.7191668,33900.71800747,252900.0,-1.6148994865954463e-11,256400.0,ASK
496,1712365721.709123,33900.83658454,253000.0,6.91415855589864e-13,256400.0,BID
497,1712365721.909026,33901.57158454,252900.0,-4.2857413653155385e-12,256400.0,ASK
498,1712365722.589094,33902.57158454,252900.0,-5.830940633077747e-12,256400.0,ASK
499,1712365722.6291273,33915.80121152,252900.0,-7.714116951818029e-11,256400.0,ASK
500,1712365722.632955,33934.69615848,252850.0,-1.101753139888981e-10,256400.0,ASK
501,1712365724.5838594,33935.85315262,252900.0,-6.746364143165774e-12,256400.0,ASK
502,1712365726.7089877,33936.64148529,252900.0,-4.596720997860744e-12,256400.0,ASK
503,1712365728.3491216,33936.80105958,252900.0,-9.304682115709142e-13,256400.0,ASK
504,1712365728.352677,33939.13256262,252900.0,-1.3594855812063891e-11,256400.0,ASK
505,1712365728.3706627,33939.15237282,252900.0,1.1551210012638398e-13,256400.0,BID
506,1712365729.059458,33940.37731874,252850.0,-7.142586938267933e-12,256400.0,ASK
507,1712365730.7023697,33944.59878361,252900.0,2.4615111041609708e-11,256400.0,BID
508,1712365730.706514,33947.02133613,252900.0,1.4125759924600804e-11,256400.0,BID
509,1712365730.7190404,33950.97312431,252850.0,-2.304264227211147e-11,256400.0,ASK
510,1712365731.949158,33952.37361933,252850.0,-8.166203318517795e-12,256400.0,ASK
511,1712365733.0333748,33953.00403091,252850.0,-3.675892497391955e-12,256400.0,ASK
512,1712365733.3896728,33953.65322365,252850.0,-3.785404326355736e-12,256400.0,ASK
513,1712365733.429024,33956.46786673,252850.0,-1.6412016702808268e-11,256400.0,ASK
514,1712365733.659074,33956.98407594,252850.0,-3.0099852577576296e-12,256400.0,ASK
515,1712365733.6630754,34020.58046456,252850.0,-3.7082676652134367e-10,256400.0,ASK
516,1712365734.839163,34022.30312816,252900.0,1.0044749182350922e-11,256400.0,BID
517,1712365737.58931,34022.67899329,252850.0,-2.191647259081804e-12,256400.0,ASK
518,1712365737.594161,34026.47506155,252850.0,-2.213464866318449e-11,256400.0,ASK
519,1712365737.5989654,34031.75099506,252850.0,-3.076365508086465e-11,256400.0,ASK
520,1712365738.3391428,34033.1373992,252850.0,8.084040233799649e-12,256400.0,BID
521,1712365738.4091082,34039.66082302,252850.0,-3.803769701882031e-11,256400.0,ASK
522,1712365738.419081,34053.1373992,252800.0,-7.858111564273463e-11,256400.0,ASK
523,1712365740.6998365,34053.21648184,252900.0,4.611261789299652e-13,256400.0,BID
524,1712365740.7607768,34054.28761926,252900.0,6.2457387059093565e-12,256400.0,BID
525,1712365740.770963,34054.28761926,252900.0,0.0,256400.0,BID
526,1712365741.369874,34060.56975549,252800.0,-3.662133093278295e-11,256400.0,ASK
527,1712365741.374807,34169.88676165,252750.0,-6.372568363047185e-10,256400.0,ASK
528,1712365741.3788495,34170.00543253,252800.0,-6.917846747516628e-13,256400.0,ASK
529,1712365741.38106,34170.58786081,252750.0,-3.395230221959986e-12,256400.0,ASK
530,1712365741.3833244,34176.46201234,252800.0,-3.4243008946868704e-11,256400.0,ASK
531,1712365741.3856184,34176.85766021,252750.0,-2.3064051860040694e-12,256400.0,ASK
532,1712365741.3879125,34176.97633109,252800.0,-6.917846747516628e-13,256400.0,ASK
533,1712365741.3902144,34190.46400861,252750.0,-7.862559548064123e-11,256400.0,ASK
534,1712365741.3925152,34190.66183254,252750.0,-1.1532025638630998e-12,256400.0,ASK
535,1712365741.3948002,34190.78050342,252800.0,-6.917846747516628e-13,256400.0,ASK
536,1712365741.397145,34195.96927928,252750.0,-3.024765317847781e-11,256400.0,ASK
537,1712365742.489125,34209.8923324,252750.0,8.116359105159297e-11,256400.0,BID
538,1712365742.8891144,34210.2877456,252900.0,2.305037191525908e-12,256400.0,BID
539,1712365744.6792064,34210.68347175,252700.0,-2.3068615145319617e-12,256400.0,ASK
540,1712365744.683824,34218.68739787,252700.0,-4.6658400338760896e-11,256400.0,ASK
541,1712365747.2733552,34226.56134052,252700.0,-4.590066960887443e-11,256400.0,ASK
542,1712365751.3294196,34228.14361901,252800.0,9.223796187898746e-12,256400.0,BID
543,1712365751.491127,34232.93469656,252800.0,-2.7929295077237047e-11,256400.0,ASK
544,1712365751.4934206,34244.40379856,252700.0,-6.685843230174821e-11,256400.0,ASK
545,1712365751.495667,34252.05983553,252750.0,-4.463040170524505e-11,256400.0,ASK
546,1712365751.4979296,34344.84715387,252700.0,-5.408980268633243e-10,256400.0,ASK
547,1712365751.5891356,34345.42536264,252900.0,3.37063284512148e-12,256400.0,BID
548,1712365751.6308634,34345.57075328,252700.0,-8.475458899603824e-13,256400.0,ASK
549,1712365753.6010275,34345.59432891,252750.0,-1.3743270070309864e-13,256400.0,ASK
550,1712365762.3492112,34345.63387804,252850.0,2.305492470331097e-13,256400.0,BID
551,1712365763.6391864,34349.58686319,252800.0,-2.3043686422994623e-11,256400.0,ASK
552,1712365766.9691246,34355.63387804,252800.0,-3.525070515337481e-11,256400.0,ASK
553,1712365766.9741044,34360.32515581,252800.0,-2.73475183318212e-11,256400.0,ASK
554,1712365768.7591257,34361.5082202,252750.0,-6.896601881046837e-12,256400.0,ASK
555,1712365769.9192145,34361.6082202,252800.0,5.829439157976268e-13,256400.0,BID
556,1712365770.519112,34362.79516382,252750.0,-6.919215616332492e-12,256400.0,ASK
557,1712365770.7709756,34362.79516382,252750.0,-0.0,256400.0,ASK
558,1712365771.1291568,34366.33550245,252750.0,-2.062877971389344e-11,256400.0,ASK
559,1712365771.1342287,34373.94191881,252750.0,-4.432092630157927e-11,256400.0,ASK
560,1712365772.3318164,34374.92757884,252750.0,5.7432256506015504e-12,256400.0,BID
561,1712365773.379273,34378.88405757,252750.0,2.3053537159544878e-11,256400.0,BID
562,1712365774.8214953,34379.0818815,252750.0,1.1526768201054197e-12,256400.0,BID
563,1712365775.4796112,34401.88707144,252700.0,-1.3288085936752963e-10,256400.0,ASK
564,1712365775.4847622,34421.66353194,252700.0,-1.1523311462879612e-10,256400.0,ASK
565,1712365775.4993722,34421.86139501,252700.0,1.1529048803071378e-12,256400.0,BID
566,1712365776.969059,34421.90139501,252700.0,2.330712609191641e-13,256400.0,BID
567,1712365777.483967,34422.29712117,252650.0,-2.305809877201668e-12,256400.0,ASK
568,1712365778.7593138,34426.21885403,252650.0,-2.2851080566202697e-11,256400.0,ASK
569,1712365778.764641,34430.62406097,252650.0,-2.566817840236531e-11,256400.0,ASK
570,1712365779.1791131,34432.13811837,252700.0,8.822081682834435e-12,256400.0,BID
571,1712365779.5791843,34444.00705684,252650.0,-6.9157711372847e-11,256400.0,ASK
572,1712365779.9592376,34445.06705326,252650.0,-6.176367554350837e-12,256400.0,ASK
573,1712365779.964434,34509.43470695,252650.0,-3.7505625519023485e-10,256400.0,ASK
574,1712365779.9699173,34509.6527952,252650.0,-1.2707525854706157e-12,256400.0,ASK
575,1712365780.0419438,34519.79588569,252650.0,-5.910157225173021e-11,256400.0,ASK
576,1712365781.0891778,34520.80588569,252700.0,5.885049338092306e-12,256400.0,BID
577,1712365781.253626,34521.17615332,252650.0,-2.1574685849620464e-12,256400.0,ASK
578,1712365781.258628,34521.60279887,252650.0,-2.485970407568791e-12,256400.0,ASK
579,1712365782.76904,34525.55179887,252650.0,2.3009960233745272e-11,256400.0,BID
580,1712365782.8692863,34528.32008436,252650.0,1.6130194743097382e-11,256400.0,BID
581,1712365783.8101437,34530.29929661,252650.0,1.153243736810376e-11,256400.0,BID
582,1712365784.1600811,34530.50281007,252600.0,-1.1858284683853548e-12,256400.0,ASK
583,1712365784.1656644,34530.75011631,252600.0,-1.4409994297309009e-12,256400.0,ASK
584,1712365784.2608073,34530.83101091,252600.0,-4.713551605557706e-13,256400.0,ASK
585,1712365784.263277,34530.86082263,252600.0,-1.7370637926042257e-13,256400.0,ASK
586,1712365784.279235,34532.37488003,252650.0,8.82208168287683e-12,256400.0,BID
587,1712365785.1193838,34534.05725928,252600.0,-9.802856328329116e-12,256400.0,ASK
588,1712365785.1245246,34538.41249851,252600.0,-2.537702747294689e-11,256400.0,ASK
589,1712365785.2391822,34541.01715699,252650.0,1.5176775904596342e-11,256400.0,BID
590,1712365785.361895,34548.44838404,252600.0,-4.330013646706508e-11,256400.0,ASK
591,1712365785.366952,34548.60820098,252600.0,-9.312183930435617e-13,256400.0,ASK
592,1712365785.3725972,34548.90618157,252550.0,-1.7362677959563853e-12,256400.0,ASK
593,1712365785.375612,34618.49648837,252600.0,-4.054875138318613e-10,256400.0,ASK
594,1712365785.3780022,34639.48576453,252550.0,-1.222999265071158e-10,256400.0,ASK
595,1712365786.5891104,34639.83943384,252550.0,-2.0607538007262563e-12,256400.0,ASK
596,1712365787.8117306,34643.71181722,252550.0,-2.2563531927958848e-11,256400.0,ASK
597,1712365788.2091703,34652.71181722,252550.0,-5.244103370566725e-11,256400.0,ASK
598,1712365788.9859152,34654.33283396,252650.0,9.445310388857464e-12,256400.0,BID
599,1712365788.9884682,34656.17781722,252650.0,1.0750314369349316e-11,256400.0,BID
600,1712365789.1189167,34657.32271722,252650.0,6.671082165509225e-12,256400.0,BID
601,1712365789.2392204,34678.92271722,252600.0,1.2585848089359292e-10,256400.0,BID
602,1712365789.2624028,34703.92271722,252600.0,1.4566953807129788e-10,256400.0,BID
603,1712365789.2648754,34704.31881722,252600.0,2.307988161233051e-12,256400.0,BID
604,1712365789.3191233,34707.32271722,252600.0,1.7503069016471947e-11,256400.0,BID
605,1712365789.3224406,34707.6045514,252600.0,1.6421861925389352e-12,256400.0,BID
606,1712365789.3390546,34707.64896066,252650.0,2.587630556172098e-13,256400.0,BID
607,1712365789.4230318,34708.36634194,252650.0,4.180023987160654e-12,256400.0,BID
608,1712365789.4272454,34710.77128077,252700.0,1.401305313821716e-11,256400.0,BID
609,1712365789.431419,34720.40896066,252650.0,5.615665510622451e-11,256400.0,BID
610,1712365789.7991908,34720.61437749,252600.0,-1.1969189894956216e-12,256400.0,ASK
611,1712365789.8192956,34722.86586775,252700.0,1.3118941845857486e-11,256400.0,BID
612,1712365789.8249433,34724.43837749,252700.0,9.162670697531297e-12,256400.0,BID
613,1712365789.8833923,34770.68173446,252600.0,-2.6944993794744486e-10,256400.0,ASK
614,1712365789.8877015,34822.90698503,252600.0,-3.0430512504759717e-10,256400.0,ASK
615,1712365791.8929555,34830.37221051,252600.0,-4.3498237890799676e-11,256400.0,ASK
616,1712365792.8903506,34838.28986688,252700.0,4.613445384097649e-11,256400.0,BID
617,1712365792.919207,34845.80670265,252700.0,4.379895977496128e-11,256400.0,BID
618,1712365792.924658,34862.042836,252700.0,9.460440180634668e-11,256400.0,BID
619,1712365792.9892492,34864.77662001,252700.0,1.5929162156940785e-11,256400.0,BID
620,1712365792.9945862,34867.20680099,252700.0,1.4160133631460366e-11,256400.0,BID
621,1712365793.3929715,34869.96049237,252700.0,-1.6045158052617736e-11,256400.0,ASK
622,1712365793.4023438,34874.90445762,252700.0,-2.880740536832472e-11,256400.0,ASK
623,1712365793.5987637,34901.63111786,252700.0,-1.5573041005395974e-10,256400.0,ASK
624,1712365793.6094606,34913.34834967,252700.0,-6.827374980947104e-11,256400.0,ASK
625,1712365794.6796165,34922.31265541,252700.0,-5.2233051051042524e-11,256400.0,ASK
626,1712365794.740868,34922.49515565,252750.0,1.0633890263485136e-12,256400.0,BID
627,1712365795.6793735,34925.47147978,252700.0,-1.7342390446674288e-11,256400.0,ASK
628,1712365797.179261,34925.56658722,252700.0,-5.541702740777035e-13,256400.0,ASK
629,1712365797.186117,34925.93636111,252700.0,-2.1545916698905697e-12,256400.0,ASK
630,1712365797.303737,34926.52821685,252750.0,3.4486140900260122e-12,256400.0,BID
631,1712365797.729191,34927.01998103,252750.0,2.865402437615257e-12,256400.0,BID
632,1712365797.734315,34927.51519032,252750.0,2.8854763409500175e-12,256400.0,BID
633,1712365798.666489,34929.68238669,252750.0,1.2627779765102774e-11,256400.0,BID
634,1712365799.4891014,34930.93866357,252700.0,-7.320050911958636e-12,256400.0,ASK
635,1712365800.6492066,34930.93866357,252700.0,-0.0,256400.0,ASK
636,1712365800.9408443,34950.72105723,252750.0,1.1538848782381328e-10,256400.0,BID
637,1712365801.919315,34950.96905723,252750.0,1.4465562394562982e-12,256400.0,BID
638,1712365802.019653,34951.12881088,252700.0,-9.318251579850854e-13,256400.0,ASK
639,1712365802.024201,34951.52453703,252700.0,-2.308226336309206e-12,256400.0,ASK
640,1712365802.6390803,34951.73866518,252700.0,1.2489855299065262e-12,256400.0,BID
641,1712365804.7321565,34951.7713031,252700.0,1.90373333976978e-13,256400.0,BID
642,1712365805.2915854,34953.9813031,252700.0,1.2890682617751648e-11,256400.0,BID
643,1712365806.439094,34962.57216948,252650.0,-5.0109561953003515e-11,256400.0,ASK
644,1712365811.1830318,34980.81397457,252700.0,1.0640240714488136e-10,256400.0,BID
645,1712365811.6826894,34980.83890531,252700.0,1.454182157361224e-13,256400.0,BID
646,1712365812.0019746,34980.88045655,252700.0,2.4236373176843653e-13,256400.0,BID
647,1712365812.3090937,34984.62645655,252700.0,2.1849998681496034e-11,256400.0,BID
648,1712365814.7300444,34988.5833817,252650.0,-2.308030147098011e-11,256400.0,ASK
649,1712365814.7329285,34990.31041549,252650.0,-1.0073594776921144e-11,256400.0,ASK
650,1712365816.539261,34996.50059073,252650.0,3.6106599261152396e-11,256400.0,BID
651,1712365816.5442784,34998.00059073,252650.0,8.749332093500048e-12,256400.0,BID
652,1712365818.4128675,34998.3387055,252650.0,-1.972185605622001e-12,256400.0,ASK
653,1712365818.509308,34999.92161012,252700.0,9.232905461819082e-12,256400.0,BID
654,1712365820.7395127,34999.96118273,252700.0,2.3082260448323416e-13,256400.0,BID
655,1712365822.16916,35000.93118273,252700.0,5.657901420427716e-12,256400.0,BID
656,1712365822.4495184,35001.06422467,252700.0,7.76018743637545e-13,256400.0,BID
657,1712365823.3091395,35002.20422467,252700.0,6.649492391056642e-12,256400.0,BID
658,1712365824.1372614,35002.24458873,252700.0,2.354390437093814e-13,256400.0,BID
659,1712365824.3289757,35002.94247407,252700.0,4.070687068561302e-12,256400.0,BID
660,1712365824.4090898,35005.12872618,252700.0,1.2752163833697642e-11,256400.0,BID
661,1712365824.4190643,35015.22247407,252700.0,5.887570157174931e-11,256400.0,BID
662,1712365824.7692702,35026.64480247,252700.0,6.662516296843242e-11,256400.0,BID
663,1712365824.7840886,35072.14247407,252700.0,2.6538282553961503e-10,256400.0,BID
664,1712365824.8592832,35072.80476069,252700.0,3.863043719628037e-12,256400.0,BID
665,1712365824.8694675,35117.60114718,252700.0,2.612923079931995e-10,256400.0,BID
666,1712365824.879036,35174.48214869,252700.0,3.3178051468121745e-10,256400.0,BID
667,1712365824.9392016,35174.4827227,252750.0,3.348136090136209e-15,256400.0,BID
668,1712365824.9452035,35174.52172119,252700.0,2.274738267875016e-13,256400.0,BID
669,1712365828.509442,35175.44172119,252750.0,5.366257017336511e-12,256400.0,BID
670,1712365830.1021962,35221.80316116,252750.0,2.7042108975360846e-10,256400.0,BID
671,1712365830.1052804,35317.01145848,252750.0,5.55339340872921e-10,256400.0,BID
672,1712365830.1083472,35317.20792213,252750.0,1.145950478755163e-12,256400.0,BID
673,1712365830.5392172,35317.20792213,252750.0,0.0,256400.0,BID
674,1712365833.4093003,35317.62549255,252800.0,2.434255475917008e-12,256400.0,BID
675,1712365833.4155042,35336.61404277,252800.0,1.1069505917704488e-10,256400.0,BID
676,1712365834.6929734,35336.96578388,252800.0,-2.050498986755602e-12,256400.0,ASK
677,1712365836.2826326,35337.75707963,252800.0,-4.612912984829892e-12,256400.0,ASK
678,1712365836.6197214,35353.02254843,252900.0,8.899110003680762e-11,256400.0,BID
679,1712365841.0288234,35353.81337485,252900.0,-4.610176993282329e-12,256400.0,ASK
680,1712365841.6214457,35354.11337485,252900.0,-1.748870628283261e-12,256400.0,ASK
681,1712365842.1993592,35358.15899537,252900.0,-2.358422300181296e-11,256400.0,ASK
682,1712365842.209423,35362.06816895,252900.0,-2.278879618283024e-11,256400.0,ASK
683,1712365842.215167,35367.13856589,252750.0,-2.9558227606756925e-11,256400.0,ASK
684,1712365842.221765,35373.39738586,252900.0,-3.6486221377112486e-11,256400.0,ASK
685,1712365842.2251706,35373.55704965,252800.0,-9.307710424300634e-13,256400.0,ASK
686,1712365842.228269,35422.11337485,252750.0,-2.830624365294174e-10,256400.0,ASK
687,1712365843.657117,35423.89645875,252700.0,-1.0394610201491374e-11,256400.0,ASK
688,1712365843.6609623,35428.18525938,252900.0,-2.500185817431248e-11,256400.0,ASK
689,1712365843.664095,35432.11337485,252800.0,-2.2899219233072627e-11,256400.0,ASK
690,1712365847.9492393,35432.71191095,252750.0,-3.4892073508145188e-12,256400.0,ASK
691,1712365847.9540267,35434.88260562,252700.0,-1.2654213837655267e-11,256400.0,ASK
692,1712365848.059784,35436.88260562,252750.0,1.1659137521775295e-11,256400.0,BID
693,1712365849.1336775,35438.70201305,253000.0,1.0606360717281131e-11,256400.0,BID
694,1712365849.136487,35447.59989669,253000.0,5.1870824505747515e-11,256400.0,BID
695,1712365849.1394649,35449.91746588,253000.0,1.3510428951196332e-11,256400.0,BID
696,1712365852.089538,35450.42636588,253000.0,2.966667542419932e-12,256400.0,BID
697,1712365853.5505464,35614.52766488,253000.0,9.566398062714932e-10,256400.0,BID
698,1712365854.089066,35619.10706488,253000.0,2.669592718362261e-11,256400.0,BID
699,1712365854.6615336,35619.12722696,252950.0,-1.1753623172172268e-13,256400.0,ASK
700,1712365854.664652,35619.93407515,252950.0,-4.703577003186733e-12,256400.0,ASK
701,1712365854.7591004,35622.10706487,252950.0,1.2667592989432908e-11,256400.0,BID
702,1712365856.4827952,35622.10706488,252950.0,5.83215809181312e-20,256400.0,BID
703,1712365856.488981,35624.12700915,253000.0,1.1775404015102126e-11,256400.0,BID
704,1712365856.8692544,35630.3210508,253000.0,3.610859170647783e-11,256400.0,BID
705,1712365856.875318,35665.46634339,253000.0,2.0488189977492708e-10,256400.0,BID
706,1712365857.6892982,35697.46634339,252850.0,-1.8654620034840475e-10,256400.0,ASK
707,1712365857.692408,35739.69265266,252850.0,-2.461611734079805e-10,256400.0,ASK
708,1712365857.6951702,35767.01786662,252800.0,-1.5929421368579194e-10,256400.0,ASK
709,1712365857.6979024,35777.60625937,252800.0,-6.172576360338754e-11,256400.0,ASK
710,1712365857.7491295,35791.99032155,252800.0,8.385287953922e-11,256400.0,BID
711,1712365860.789549,35791.99032155,252800.0,0.0,256400.0,BID
712,1712365862.7892096,35792.10949151,253000.0,6.942235314680896e-13,256400.0,BID
713,1712365863.349164,35822.10949151,252800.0,-1.7476473051541614e-10,256400.0,ASK
714,1712365865.9649034,35822.11572183,253100.0,3.629467321129816e-14,256400.0,BID
715,1712365865.969624,35822.14901473,253000.0,1.9394748988385762e-13,256400.0,BID
716,1712365874.4993129,35822.188517,253150.0,2.3012011906153493e-13,256400.0,BID
717,1712365874.63159,35824.188517,253000.0,-1.1650982034361076e-11,256400.0,ASK
718,1712365874.762549,35832.17956478,253000.0,4.6551777060252645e-11,256400.0,BID
719,1712365876.449405,35832.32792644,253000.0,-8.642795175914117e-13,256400.0,ASK
720,1712365876.4544804,35842.03191201,252900.0,-5.6530480768918925e-11,256400.0,ASK
721,1712365877.9291842,35849.90199271,253000.0,4.5847084422328066e-11,256400.0,BID
722,1712365882.6129398,35857.80244698,253150.0,4.602402538152242e-11,256400.0,BID
723,1712365883.5393362,35859.72296731,253000.0,-1.1187973930731838e-11,256400.0,ASK
724,1712365883.610529,35863.50133634,253000.0,-2.2010854843849002e-11,256400.0,ASK
725,1712365884.5393257,35873.80244698,253000.0,-6.000902750030778e-11,256400.0,ASK
726,1712365884.5443387,35876.10851421,253000.0,-1.3433973933367796e-11,256400.0,ASK
727,1712365885.8691623,35892.80610929,253150.0,9.727169014708267e-11,256400.0,BID
728,1712365886.0512495,35895.26405111,253150.0,1.4318717993168191e-11,256400.0,BID
729,1712365886.0546813,35900.70656356,253150.0,3.1705307388354226e-11,256400.0,BID
730,1712365889.4392183,35906.00237338,253150.0,3.0850692535083565e-11,256400.0,BID
731,1712365890.7490692,35908.66417124,253150.0,1.5506279523005422e-11,256400.0,BID
732,1712365890.7870862,35908.66417124,253150.0,0.0,256400.0,BID
733,1712365890.8090663,35909.68928344,253150.0,5.970755214775695e-12,256400.0,BID
734,1712365890.8500872,35923.85657808,253150.0,8.251725845353161e-11,256400.0,BID
735,1712365890.898242,35924.49315064,253200.0,3.707710172837442e-12,256400.0,BID
736,1712365890.901213,35925.12917219,253200.0,3.7045008208415396e-12,256400.0,BID
737,1712365890.9188404,35925.97646299,253300.0,4.935036342918204e-12,256400.0,BID
738,1712365890.9218416,35926.8422314,253200.0,5.042658987754716e-12,256400.0,BID
739,1712365890.950876,35926.88171027,253300.0,2.299442626125263e-13,256400.0,BID
740,1712365893.079442,35926.9949406,253300.0,6.595088648269766e-13,256400.0,BID
741,1712365893.0845563,35927.13647931,253300.0,8.24390726029518e-13,256400.0,BID
742,1712365895.5692534,35928.13647931,253150.0,-5.824489470315328e-12,256400.0,ASK
743,1712365898.7192545,35931.80723987,253200.0,-2.1380306229781808e-11,256400.0,ASK
744,1712365898.7792587,35931.99990506,253200.0,-1.1221763704477404e-12,256400.0,ASK
745,1712365899.6094315,35932.39469384,253300.0,2.299443092079493e-12,256400.0,BID
746,1712365900.609237,35948.33614273,253300.0,9.285080120137601e-11,256400.0,BID
747,1712365900.6154854,35949.64327161,253300.0,7.613358397937806e-12,256400.0,BID
748,1712365902.579186,35950.50556929,253300.0,5.022443757414725e-12,256400.0,BID
749,1712365902.585047,35987.95011502,253300.0,2.180953623251408e-10,256400.0,BID
750,1712365908.4192052,35991.22737078,253350.0,1.9088341665629745e-11,256400.0,BID
751,1712365911.8192809,35991.29364126,253300.0,-3.859917129829541e-13,256400.0,ASK
752,1712365911.9391165,35991.68843004,253400.0,2.299443092079493e-12,256400.0,BID
753,1712365912.319169,35998.64746072,253400.0,4.0532800919272306e-11,256400.0,BID
754,1712365912.3250823,36002.62234629,253400.0,2.315167914818376e-11,256400.0,BID
755,1712365914.0892942,36063.41518509,253500.0,3.5408724946117715e-10,256400.0,BID
756,1712365914.1733215,36090.19436609,253500.0,1.55975057758157e-10,256400.0,BID
757,1712365914.1788216,36111.17435109,253500.0,1.221977017198626e-10,256400.0,BID
758,1712365914.189181,36136.30054009,253500.0,1.4634722325966647e-10,256400.0,BID
759,1712365914.2495775,36153.72735009,253500.0,1.0150227134616958e-10,256400.0,BID
760,1712365914.3294864,36182.03857409,253500.0,1.6489842607976531e-10,256400.0,BID
761,1712365914.7092383,36191.16790409,253450.0,-5.3173686456011215e-11,256400.0,ASK
762,1712365914.7156434,36192.704604,253400.0,-8.950492444833047e-12,256400.0,ASK
763,1712365915.1890037,36196.17156168,253400.0,-2.0193258501192543e-11,256400.0,ASK
764,1712365918.6319025,36196.96051631,253500.0,4.595257934987755e-12,256400.0,BID
765,1712365920.519897,36196.96051631,253500.0,0.0,256400.0,BID
766,1712365920.939574,36198.53757026,253450.0,-9.181626914235292e-12,256400.0,ASK
767,1712365922.1590948,36201.64059897,253450.0,-1.8065870174807613e-11,256400.0,ASK
768,1712365922.2790456,36202.62582064,253450.0,-5.735972318367814e-12,256400.0,ASK
769,1712365923.349352,36206.08986631,253450.0,-2.016771522356245e-11,256400.0,ASK
770,1712365929.349162,36211.22264996,253450.0,2.988312765441458e-11,256400.0,BID
771,1712365934.2374778,36226.22264996,253500.0,8.733017897926418e-11,256400.0,BID
772,1712365940.3844728,36228.0551036,253500.0,1.0668566956845708e-11,256400.0,BID
773,1712365940.5991504,36228.17997539,253500.0,7.270050513112281e-13,256400.0,BID
774,1712365940.6627393,36238.13069233,253500.0,5.793319275615901e-11,256400.0,BID
775,1712365941.6693776,36250.52192866,253500.0,7.2141925764866e-11,256400.0,BID
776,1712365942.2291622,36261.23094466,253500.0,6.234801893145767e-11,256400.0,BID
777,1712365942.2690468,36300.67867636,253500.0,2.2966516464583167e-10,256400.0,BID
778,1712365942.289338,36312.3003088,253500.0,6.766128273439233e-11,256400.0,BID
779,1712365942.296157,36434.5742786,253500.0,7.11880511142612e-10,256400.0,BID
780,1712365942.300378,36438.45601431,253500.0,2.259951162033012e-11,256400.0,BID
781,1712365943.9291475,36438.49545426,253550.0,2.296198594960568e-13,256400.0,BID
782,1712365943.9891582,36439.31746176,253550.0,4.785737473147446e-12,256400.0,BID
783,1712365944.2149448,36440.25828706,253500.0,-5.477496122482157e-12,256400.0,ASK
784,1712365944.5393913,36440.43715327,253550.0,-1.0413612088469533e-12,256400.0,ASK
785,1712365945.64202,36445.88953335,253700.0,3.1743821883258625e-11,256400.0,BID
786,1712365945.6451716,36448.32669962,253700.0,1.4189211104128292e-11,256400.0,BID
787,1712365945.8390768,36449.13744715,253700.0,4.7201817934509066e-12,256400.0,BID
788,1712365948.309724,36449.15753776,253850.0,1.1696777113957578e-13,256400.0,BID
789,1712365948.3168802,36450.15753776,253800.0,5.8220119319509445e-12,256400.0,BID
790,1712365948.322657,36450.22273776,254000.0,3.7959517794734177e-13,256400.0,BID
791,1712365948.325672,36450.93895016,253900.0,4.1697971386252256e-12,256400.0,BID
792,1712365948.328708,36452.83288956,254000.0,1.1026537785175597e-11,256400.0,BID
793,1712365948.3317592,36452.85264069,253900.0,1.1499131452572624e-13,256400.0,BID
794,1712365948.3348143,36453.07550016,254050.0,1.2974904934829865e-12,256400.0,BID
795,1712365950.5372367,36453.07550016,254050.0,0.0,256400.0,BID
796,1712365951.179421,36454.05958596,254050.0,5.727194326143439e-12,256400.0,BID
797,1712365951.659381,36455.64042339,254000.0,9.20017661025718e-12,256400.0,BID
798,1712365953.4093351,36456.00735874,254000.0,2.1354947450104e-12,256400.0,BID
799,1712365953.7492476,36456.40098204,254000.0,2.2908135961576346e-12,256400.0,BID
800,1712365953.7691176,36457.78329508,253700.0,-8.044801987397332e-12,256400.0,ASK
801,1712365953.9301276,36461.07871385,254000.0,1.91787176298769e-11,256400.0,BID
802,1712365953.9354815,36461.84407122,254000.0,4.4542359893109095e-12,256400.0,BID
803,1712365955.068523,36467.60152411,254000.0,3.3507293291463684e-11,256400.0,BID
804,1712365955.219179,36474.19799268,254000.0,-3.839020679554624e-11,256400.0,ASK
805,1712365957.7891765,36483.17161326,254050.0,5.222478453668285e-11,256400.0,BID
806,1712365957.792738,36485.52414186,254050.0,1.3691274124652548e-11,256400.0,BID
807,1712365960.759344,36485.73414186,253700.0,-1.222160515355533e-12,256400.0,ASK
808,1712365960.779201,36486.25010524,254050.0,3.0028098590825232e-12,256400.0,BID
809,1712365960.7852,36498.93293865,254050.0,7.381170579336318e-11,256400.0,BID
810,1712365960.8643315,36501.48694642,254050.0,-1.4863845011508674e-11,256400.0,ASK
811,1712365961.2011092,36504.04095419,254050.0,1.4863845011508674e-11,256400.0,BID
812,1712365961.2064564,36506.59495419,254050.0,1.486379979155557e-11,256400.0,BID
813,1712365961.3391316,36511.1212743,254050.0,-2.6342331992036488e-11,256400.0,ASK
814,1712365964.5241482,36531.1212743,254050.0,1.1639623955815372e-10,256400.0,BID
1015,1712365967.772132,36531.33776711,254050.0,-1.2599474487853e-12,256400.0,ASK
815,1712365967.772132,36531.33776711,254050.0,-1.2599474487852999e-12,256400.0,ASK
816,1712365969.699157,36531.3578476,254050.0,1.1686467619016969e-13,256400.0,BID
817,1712365970.5275269,36532.08849112,254000.0,-4.252207909280941e-12,256400.0,ASK
818,1712365970.659081,36532.77548278,254000.0,-3.998162291616429e-12,256400.0,ASK
819,1712365972.6692388,36533.77548278,254000.0,-5.8198119779076864e-12,256400.0,ASK
820,1712365973.06981,36533.81485285,254000.0,-2.29126404960478e-13,256400.0,ASK
821,1712365973.0774407,36567.35060711,254000.0,-1.9517178433049278e-10,256400.0,ASK
822,1712365973.080727,36568.36224493,253700.0,-5.887541902161783e-12,256400.0,ASK
823,1712365973.0838077,36568.38214493,254000.0,-1.1581425835643337e-13,256400.0,ASK
824,1712365973.0868845,36572.14859667,253750.0,-2.1920040950646587e-11,256400.0,ASK
825,1712365974.009051,36573.14859667,254000.0,-5.8198119779076864e-12,256400.0,ASK
826,1712365974.479663,36574.03098985,254000.0,-5.135362398186778e-12,256400.0,ASK
827,1712365974.9392977,36584.13174364,254050.0,5.87844878929411e-11,256400.0,BID
828,1712365974.9441786,36593.6545539,254050.0,5.542096521449765e-11,256400.0,BID
829,1712365977.5692077,36594.04825468,254050.0,-2.2912645151424675e-12,256400.0,ASK
830,1712365977.5777705,36594.08078661,254050.0,-1.893297158943608e-13,256400.0,ASK
831,1712365977.589012,36594.51430592,254050.0,2.523000872979422e-12,256400.0,BID
832,1712365980.7996511,36594.51430592,254050.0,0.0,256400.0,BID
833,1712365981.723122,36598.06040521,254100.0,2.0633316857298768e-11,256400.0,BID
834,1712365981.7277534,36621.52967557,254100.0,1.365581875026326e-10,256400.0,BID
835,1712365981.861823,36623.79701206,254100.0,-1.3192713569028876e-11,256400.0,ASK
836,1712365986.0993874,36624.36349275,254050.0,-3.296121911561726e-12,256400.0,ASK
837,1712365986.105171,36625.63795447,254050.0,-7.41557704416026e-12,256400.0,ASK
838,1712365986.1102822,36626.17789087,254050.0,-3.141671429033681e-12,256400.0,ASK
839,1712365988.3292005,36626.59070552,254050.0,2.402001404982647e-12,256400.0,BID
840,1712365990.8641398,36635.49915699,254000.0,-5.18346743438672e-11,256400.0,ASK
1040,1712365990.8641398,36635.49915699,254000.0,-5.1834674343867195e-11,256400.0,ASK
841,1712365992.789136,36636.2864036,254000.0,-4.580669468219393e-12,256400.0,ASK
842,1712365995.97913,36636.4864036,254050.0,1.163719070989308e-12,256400.0,BID
843,1712365995.9832768,36637.4864036,254050.0,5.8185953550312106e-12,256400.0,BID
844,1712366000.419245,36667.18954925,254050.0,-1.7283058530888902e-10,256400.0,ASK
845,1712366000.4792948,36667.89516823,254050.0,-4.1057113194845716e-12,256400.0,ASK
1045,1712366000.4792948,36667.89516823,254050.0,-4.105711319484572e-12,256400.0,ASK
846,1712366002.931267,36668.08806946,254050.0,-1.1224142008297993e-12,256400.0,ASK
847,1712366007.5158913,36668.94782148,254050.0,-5.002549110040624e-12,256400.0,ASK
848,1712366008.593655,36688.6289866,254050.0,-1.1451673594885843e-10,256400.0,ASK
849,1712366008.5994468,36733.88802933,254050.0,-2.6334405580194846e-10,256400.0,ASK
850,1712366008.602631,36743.94782148,254050.0,-5.853385987653384e-11,256400.0,ASK
851,1712366008.6895733,36816.4621407,254000.0,-4.2193148098677047e-10,256400.0,ASK
852,1712366008.6966317,36817.4621407,254000.0,-5.8185953550312106e-12,256400.0,ASK
853,1712366008.700833,36817.61884136,254050.0,-9.11777732415991e-13,256400.0,ASK
854,1712366008.7040477,36890.13478529,254000.0,-4.2194093451678334e-10,256400.0,ASK
855,1712366009.2491207,36895.64011133,254000.0,-3.2033264524286946e-11,256400.0,ASK
856,1712366009.3291757,36900.71126367,254000.0,-2.9506983450150694e-11,256400.0,ASK
857,1712366009.3735993,36901.89236603,254050.0,6.872356705724704e-12,256400.0,BID
858,1712366009.383821,36940.51881932,254000.0,-2.2475170169453708e-10,256400.0,ASK
859,1712366009.387026,36940.71566971,254000.0,-1.145392764883518e-12,256400.0,ASK
860,1712366010.819304,36940.71566971,254000.0,-0.0,256400.0,ASK
861,1712366015.5591624,36941.10937049,253900.0,2.289613914643764e-12,256400.0,BID
862,1712366017.1493678,36944.63755485,253900.0,2.0518577596255108e-11,256400.0,BID
863,1712366017.1566713,36945.0805554,253950.0,2.5763226160960186e-12,256400.0,BID
864,1712366022.7492042,36945.71471754,253900.0,3.688045677455495e-12,256400.0,BID
865,1712366024.0093014,36945.89357932,253900.0,1.0401920470735404e-12,256400.0,BID
866,1712366030.0392222,36947.86169583,253900.0,1.1445816660449254e-11,256400.0,BID
867,1712366031.453106,36948.16336774,253900.0,1.7544090281172205e-12,256400.0,BID
868,1712366039.1492796,36948.25981835,253800.0,-5.60920043721729e-13,256400.0,ASK
869,1712366040.3993232,36956.02065348,253900.0,4.5134063750158417e-11,256400.0,BID
870,1712366040.4050188,36958.25981835,253850.0,1.3022130775462932e-11,256400.0,BID
871,1712366040.485438,36958.25981835,253850.0,0.0,256400.0,BID
872,1712366049.699334,36958.72345813,253900.0,2.696282676710997e-12,256400.0,BID
873,1712366056.0723343,36960.72345813,253900.0,1.1630937607290576e-11,256400.0,BID
874,1712366056.2693856,36960.74356062,253850.0,-1.1690540347984332e-13,256400.0,ASK
875,1712366059.199221,36964.6821191,253900.0,2.2904563971752672e-11,256400.0,BID
876,1712366061.409214,36972.54839245,253850.0,-4.57460672678847e-11,256400.0,ASK
877,1712366063.8591857,36973.07098374,253850.0,-3.0391133440440272e-12,256400.0,ASK
878,1712366065.3462844,36977.30381656,253850.0,-2.461590721576714e-11,256400.0,ASK
879,1712366065.3536732,36986.07623374,253850.0,-5.1015718442852246e-11,256400.0,ASK
880,1712366065.3570378,36986.97978313,253800.0,-5.254563290103485e-12,256400.0,ASK
881,1712366065.360459,36987.95557986,253850.0,-5.674715441988706e-12,256400.0,ASK
882,1712366070.2528546,36988.95557986,253750.0,-5.815468803645288e-12,256400.0,ASK
883,1712366070.2563193,37008.95921999,253750.0,-1.1633054513537456e-10,256400.0,ASK
884,1712366070.561795,37008.95921999,253750.0,-0.0,256400.0,ASK
885,1712366074.9336476,37009.35284329,253700.0,-2.288932729893272e-12,256400.0,ASK
886,1712366074.941475,37012.12936987,253700.0,-1.61455954574175e-11,256400.0,ASK
887,1712366074.9453712,37041.32320164,253700.0,-1.6976311374246623e-10,256400.0,ASK
888,1712366076.8292866,37046.37558311,253700.0,-2.937976819621426e-11,256400.0,ASK
889,1712366081.409091,37047.37558311,253700.0,-5.8150336372402905e-12,256400.0,ASK
890,1712366082.2093315,37049.52498282,253700.0,-1.2498831613549052e-11,256400.0,ASK
891,1712366083.2692618,37050.70608518,253700.0,-6.868149952393877e-12,256400.0,ASK
892,1712366083.631738,37112.12936987,253700.0,-3.5717846658216515e-10,256400.0,ASK
893,1712366083.6391315,37122.04171397,253600.0,-5.764061436538537e-11,256400.0,ASK
894,1712366083.6424923,37127.45899421,253700.0,-3.150166681795102e-11,256400.0,ASK
895,1712366087.2693162,37127.67578569,253700.0,-1.2606497484736209e-12,256400.0,ASK
896,1712366087.2753456,37128.72518609,253700.0,-6.1022986249292615e-12,256400.0,ASK
897,1712366087.769244,37134.41336683,253700.0,3.3076962337794475e-11,256400.0,BID
898,1712366088.1691008,37138.35228407,253700.0,2.290493624493028e-11,256400.0,BID
899,1712366090.9594374,37138.52357406,253700.0,9.960570535374635e-13,256400.0,BID
900,1712366093.589249,37138.82463736,253600.0,-1.7506932164458938e-12,256400.0,ASK
901,1712366094.121239,37142.1291393,253700.0,1.9215789935434523e-11,256400.0,BID
902,1712366094.1248076,37161.60772266,253700.0,1.132686174442096e-10,256400.0,BID
903,1712366096.2600677,37174.09783773,253750.0,7.263043926502408e-11,256400.0,BID
904,1712366096.2637556,37184.21750808,253750.0,5.884622348304897e-11,256400.0,BID
905,1712366097.0292883,37186.72358981,253700.0,1.4572949557602216e-11,256400.0,BID
906,1712366100.580443,37186.72358981,253700.0,0.0,256400.0,BID
907,1712366105.9799323,37186.79281251,253700.0,-4.03101865127015e-13,256400.0,ASK
908,1712366105.987441,37187.54834329,253700.0,-4.399653098807408e-12,256400.0,ASK
909,1712366106.0408506,37209.65910413,253700.0,1.2875673635264083e-10,256400.0,BID
910,1712366108.3040037,37209.93037726,253700.0,1.5796943005444401e-12,256400.0,BID
911,1712366110.021425,37213.00369641,253650.0,-1.789674025182396e-11,256400.0,ASK
912,1712366112.2498374,37215.15206225,253700.0,1.2510495502709503e-11,256400.0,BID
913,1712366113.3291128,37215.19147888,253700.0,2.2953333324844936e-13,256400.0,BID
914,1712366113.7292118,37215.21119502,253650.0,-1.1481223365135628e-13,256400.0,ASK
915,1712366113.7355485,37216.16932522,253650.0,-5.579442446404353e-12,256400.0,ASK
916,1712366115.929207,37218.18319987,253700.0,1.1727318170275012e-11,256400.0,BID
917,1712366119.0411797,37219.62268488,253650.0,-8.382497249069614e-12,256400.0,ASK
918,1712366119.0449214,37220.14398418,253650.0,-3.035662002629504e-12,256400.0,ASK
919,1712366119.3491747,37222.6762664,253700.0,1.4746140873663945e-11,256400.0,BID
920,1712366128.0694106,37223.40923303,253650.0,-4.2682561589368586e-12,256400.0,ASK
921,1712366128.0755007,37223.6762664,253650.0,-1.5550050704877857e-12,256400.0,ASK
922,1712366128.4091256,37224.36470747,253700.0,4.008972191676996e-12,256400.0,BID
923,1712366130.5191436,37224.36470747,253700.0,0.0,256400.0,BID
924,1712366134.999452,37232.87805656,253600.0,-4.957269907492845e-11,256400.0,ASK
925,1712366135.0073197,37242.11186533,253600.0,-5.376789071271086e-11,256400.0,ASK
926,1712366135.0122766,37246.52282584,253650.0,-2.5684747058059696e-11,256400.0,ASK
927,1712366135.0157406,37279.96808625,253650.0,-1.9474965871354088e-10,256400.0,ASK
928,1712366135.0191915,37317.56505339,253600.0,-2.1892478723199687e-10,256400.0,ASK
929,1712366141.0791714,37317.70986969,253600.0,-8.432562538268624e-13,256400.0,ASK
930,1712366144.959207,37321.79546858,253600.0,-2.3790186702509712e-11,256400.0,ASK
931,1712366147.009321,37328.03747983,253600.0,-3.6346840949125046e-11,256400.0,ASK
932,1712366147.018252,37336.2762388,253600.0,-4.797377798707908e-11,256400.0,ASK
933,1712366147.3094776,37337.34843122,253600.0,6.243309375119801e-12,256400.0,BID
934,1712366149.29908,37358.11813122,253600.0,1.2094066354982196e-10,256400.0,BID
935,1712366149.5191298,37362.11813122,253550.0,-2.3291749721919688e-11,256400.0,ASK
936,1712366155.4390414,37366.11813122,253550.0,-2.3291749721919688e-11,256400.0,ASK
937,1712366155.559703,37366.11817393,253600.0,2.486976702478633e-16,256400.0,BID
938,1712366156.002677,37367.11817393,253600.0,-5.822937430479922e-12,256400.0,ASK
939,1712366156.0088074,37368.24318393,253550.0,-6.550862838641563e-12,256400.0,ASK
940,1712366156.012781,37368.63746298,253600.0,-2.2958622383018457e-12,256400.0,ASK
941,1712366156.0162814,37369.55871987,253500.0,-5.364421227891004e-12,256400.0,ASK
942,1712366156.0200262,37378.23934801,253500.0,-5.0546754516475085e-11,256400.0,ASK
943,1712366156.023565,37378.32023998,253450.0,-4.710288799345128e-13,256400.0,ASK
944,1712366156.0270846,37380.81991256,253500.0,-1.4555437030032494e-11,256400.0,ASK
945,1712366156.030594,37381.73078476,253450.0,-5.3039518277746825e-12,256400.0,ASK
946,1712366156.0341468,37382.73078476,253500.0,-5.822937430479922e-12,256400.0,ASK
947,1712366156.0377066,37406.11817393,253450.0,-1.3618330379918586e-10,256400.0,ASK
948,1712366157.7118063,37409.00338398,253650.0,1.680039759494622e-11,256400.0,BID
949,1712366157.7180178,37409.90685912,253650.0,5.2608792101899936e-12,256400.0,BID
950,1712366160.7209032,37432.58544128,253700.0,1.3205596492971338e-10,256400.0,BID
951,1712366160.7287743,37437.91143095,253900.0,3.1012904603771964e-11,256400.0,BID
952,1712366160.732904,37438.36427801,253650.0,2.636900095945264e-12,256400.0,BID
953,1712366160.7364058,37496.76227776,254000.0,3.4004789860942717e-10,256400.0,BID
954,1712366160.739931,37497.35007115,253850.0,3.422684132046834e-12,256400.0,BID
955,1712366160.7434664,37499.7998879,253700.0,1.4265129651384208e-11,256400.0,BID
956,1712366160.7470164,37504.42779527,254000.0,2.694801504956029e-11,256400.0,BID
957,1712366160.7690682,37504.42779527,254000.0,0.0,256400.0,BID
958,1712366162.9890404,37505.42779527,253650.0,5.820529357757174e-12,256400.0,BID
959,1712366167.040855,37507.49264779,253650.0,1.2018534712106422e-11,256400.0,BID
960,1712366167.3310905,37508.6763132,253650.0,-6.889559268649496e-12,256400.0,ASK
961,1712366172.139253,37512.46002579,254000.0,2.2023210211434544e-11,256400.0,BID
962,1712366172.2796009,37513.25683853,253650.0,-4.637871945772882e-12,256400.0,ASK
963,1712366180.2292235,37514.06207413,253650.0,-4.686897449736707e-12,256400.0,ASK
964,1712366182.679042,37515.24317649,253950.0,6.874640960908589e-12,256400.0,BID
965,1712366185.0892642,37515.81050699,253950.0,3.302163830769442e-12,256400.0,BID
966,1712366188.2513795,37519.73862246,253750.0,-2.2863711413796244e-11,256400.0,ASK
967,1712366188.2576137,37544.02706983,253700.0,-1.4137162097144404e-10,256400.0,ASK
968,1712366190.4703815,37544.06649423,253950.0,2.294708776008867e-13,256400.0,BID
969,1712366190.780044,37544.06649423,253950.0,0.0,256400.0,BID
970,1712366191.019168,37544.35042786,253950.0,1.6525472858915145e-12,256400.0,BID
971,1712366194.7694051,37546.24810431,253700.0,-1.1044834903560352e-11,256400.0,ASK
972,1712366197.0809476,37555.88374029,253950.0,5.608121900345341e-11,256400.0,BID
973,1712366197.088612,37559.94644536,253950.0,2.3645709868018657e-11,256400.0,BID
974,1712366197.097528,37574.40030331,253950.0,8.4124179744945e-11,256400.0,BID
975,1712366203.441536,37576.36880618,254000.0,1.1457058028168419e-11,256400.0,BID
1175,1712366203.441536,37576.36880618,254000.0,1.145705802816842e-11,256400.0,BID
976,1712366203.449332,37577.17729094,254000.0,4.705533810204408e-12,256400.0,BID
977,1712366203.4531465,37578.29687337,254000.0,6.5161809329043904e-12,256400.0,BID
978,1712366203.4593632,37578.29687382,253950.0,2.6190624804509105e-18,256400.0,BID
979,1712366203.4630394,37578.84097631,254000.0,3.1667791275314145e-12,256400.0,BID
980,1712366204.4091544,37578.91229316,253900.0,-4.150775197214617e-13,256400.0,ASK
981,1712366204.5092802,37578.91229422,254000.0,6.169387641510356e-18,256400.0,BID
982,1712366204.517164,37582.01022571,254050.0,1.803054564422031e-11,256400.0,BID
983,1712366204.523398,37592.44707916,254050.0,6.074445581497159e-11,256400.0,BID
984,1712366205.871192,37592.44707953,254050.0,2.1534523138695442e-18,256400.0,BID
985,1712366205.8776276,37592.94707934,254200.0,2.9100932107280588e-12,256400.0,BID
986,1712366209.7892952,37593.44707952,254000.0,-2.910095364180373e-12,256400.0,ASK
987,1712366215.3902316,37593.84066103,253950.0,-2.2907186306839487e-12,256400.0,ASK
988,1712366215.3940244,37594.20661978,254000.0,-2.129948956934557e-12,256400.0,ASK
989,1712366215.397657,37594.40252102,253900.0,-1.140182170237204e-12,256400.0,ASK
990,1712366220.5104642,37594.40252102,253900.0,-0.0,256400.0,ASK
991,1712366222.759501,37594.90252121,254200.0,2.909878910494778e-12,256400.0,BID
992,1712366222.7634437,37597.98129394,254250.0,1.7917704865568802e-11,256400.0,BID
993,1712366222.7671468,37598.77319394,254300.0,4.608664467088781e-12,256400.0,BID
994,1712366222.770884,37599.85514771,254200.0,6.2967065221081545e-12,256400.0,BID
995,1712366222.774761,37602.01905525,254250.0,1.2593413044216307e-11,256400.0,BID
996,1712366222.7784972,37614.06599065,254300.0,7.011021987062032e-11,256400.0,BID
997,1712366224.0435286,37614.46599065,254300.0,2.327902243781153e-12,256400.0,BID
998,1712366228.119334,37620.46599065,253950.0,-3.491853365659026e-11,256400.0,ASK
999,1712366228.1290228,37622.33599065,253950.0,-1.0882942989610196e-11,256400.0,ASK
1000,1712366233.084651,37627.73744463,254300.0,3.143514209921894e-11,256400.0,BID
1201,1712366233.0927303,37636.89702365,254300.0,5.330651138168277e-11,256400.0,BID
1202,1712366238.9441462,37636.89702435,254300.0,4.07381760245041e-18,256400.0,BID
1203,1712366247.799499,37641.89702365,254300.0,-2.9098773973340943e-11,256400.0,ASK
1204,1712366247.802765,37642.34679714,254300.0,-2.6175717913990995e-12,256400.0,ASK
1205,1712366250.530331,37642.34679714,254300.0,-0.0,256400.0,ASK
1206,1712366251.919249,37646.34679714,254300.0,2.3277371203424683e-11,256400.0,BID
1207,1712366251.9791844,37646.42528163,254300.0,-4.567281518441239e-13,256400.0,ASK
1208,1712366252.05918,37671.42528163,254300.0,-1.4548357002140428e-10,256400.0,ASK
1209,1712366252.1390672,37675.56692515,254300.0,-2.4101643401829256e-11,256400.0,ASK
1210,1712366252.16454,37680.22443323,254300.0,-2.710363611529505e-11,256400.0,ASK
1211,1712366252.919216,37680.31352142,254250.0,-5.184347171044821e-13,256400.0,ASK
1212,1712366255.4142292,37693.05620162,254400.0,7.415402428546655e-11,256400.0,BID
1213,1712366255.415769,37707.52390468,254450.0,8.41925236471336e-11,256400.0,BID
1214,1712366255.4172692,37707.63210005,254500.0,6.29625947524439e-13,256400.0,BID
1215,1712366255.4192054,37719.31953706,254450.0,6.801320242458989e-11,256400.0,BID
1216,1712366255.4207242,37729.18467882,254500.0,5.740864168046785e-11,256400.0,BID
1217,1712366255.4222362,37759.90692717,254450.0,1.78783294761693e-10,256400.0,BID
1218,1712366255.4237547,37770.17187997,254400.0,5.973527917783057e-11,256400.0,BID
1219,1712366255.4252474,37895.37057442,254500.0,7.285741212241696e-10,256400.0,BID
1220,1712366261.4391856,37896.37057442,254300.0,-5.819342800856171e-12,256400.0,ASK
1221,1712366262.4590645,37896.44922168,254300.0,4.576753662948259e-13,256400.0,BID
1222,1712366263.1525989,37896.68137515,254100.0,-1.3509806243512633e-12,256400.0,ASK
1223,1712366263.1539469,37898.67899026,254100.0,-1.1624807109249246e-11,256400.0,ASK
1224,1712366264.4092145,37899.70302441,254300.0,5.959205758650768e-12,256400.0,BID
1225,1712366276.739386,37899.72268237,254350.0,1.143964079718811e-13,256400.0,BID
1226,1712366280.7500126,37899.91768237,254350.0,-1.134771846207601e-12,256400.0,ASK
1227,1712366280.8121104,37899.91768237,254350.0,-0.0,256400.0,ASK
1228,1712366285.679286,37901.0916694,254450.0,6.829228396721464e-12,256400.0,BID
1229,1712366289.809119,37905.74655301,254450.0,2.70780362309918e-11,256400.0,BID
1230,1712366289.810625,37941.60962225,254450.0,2.0861992900274275e-10,256400.0,BID
1231,1712366291.6592486,37942.00962225,254450.0,2.326849691613531e-12,256400.0,BID
1232,1712366292.059119,37942.62365997,254450.0,3.571933698534067e-12,256400.0,BID
1233,1712366293.609226,37942.71267962,254450.0,5.178383628967717e-13,256400.0,BID
1234,1712366294.009147,37974.41772462,254450.0,1.8443218545140863e-10,256400.0,BID
1235,1712366294.599264,37974.63201765,254450.0,1.2465691769408425e-12,256400.0,BID
1236,1712366294.6021051,37978.13819049,254450.0,2.0395842978646862e-11,256400.0,BID
1237,1712366294.6049268,37981.86748146,254500.0,2.1693748858651397e-11,256400.0,BID
1238,1712366296.4994483,37982.51271604,254550.0,3.753409708708654e-12,256400.0,BID
1239,1712366296.5023825,37982.72700946,254500.0,1.2465714456111716e-12,256400.0,BID
1240,1712366296.7677248,37984.72700946,254450.0,-1.163424845802533e-11,256400.0,ASK
1241,1712366296.7703063,37984.96257687,254550.0,1.3703248882551938e-12,256400.0,BID
1242,1712366296.7716436,37985.0318211,254550.0,4.028022880449413e-13,256400.0,BID
1243,1712366298.059199,37985.12215888,254600.0,5.255060888677627e-13,256400.0,BID
1244,1712366298.9491718,37986.70249151,254600.0,9.192991231836187e-12,256400.0,BID
1245,1712366298.950933,37994.92481843,254600.0,4.783029714521824e-11,256400.0,BID
1246,1712366299.3692038,37994.99192762,254600.0,3.903824951403781e-13,256400.0,BID
1247,1712366301.6991818,37995.03124352,254600.0,2.287054744834891e-13,256400.0,BID
1248,1712366307.844129,37996.10312806,254450.0,-6.235285528320483e-12,256400.0,ASK
1249,1712366307.8464887,38000.03124352,254450.0,-2.2850335616742844e-11,256400.0,ASK
1250,1712366308.9292493,38000.43168012,254600.0,2.329389448005958e-12,256400.0,BID
1251,1712366308.9323766,38001.49598154,254600.0,6.191173577273058e-12,256400.0,BID
1252,1712366310.790943,38001.49598154,254600.0,0.0,256400.0,BID
1253,1712366310.9958537,38001.5637442,254600.0,3.9412454894289523e-13,256400.0,BID
1254,1712366314.7331915,38001.89402797,254600.0,1.9210128686069066e-12,256400.0,BID
1255,1712366314.9090972,38001.97258256,254600.0,4.56893108292179e-13,256400.0,BID
1256,1712366318.549513,38003.18830696,254600.0,7.070956641630784e-12,256400.0,BID
1257,1712366318.5525317,38029.27005899,254600.0,1.5169798166614775e-10,256400.0,BID
1258,1712366319.634186,38032.40920203,254600.0,1.8258039673952382e-11,256400.0,BID
1259,1712366319.6355395,38053.64577816,254600.0,1.2351722893134714e-10,256400.0,BID
1260,1712366319.6368566,38089.48003685,254600.0,2.084209953197983e-10,256400.0,BID
1261,1712366320.369271,38092.6191799,254600.0,-1.8258039732098394e-11,256400.0,ASK
1262,1712366321.7390747,38095.29012703,254650.0,1.5534895366374264e-11,256400.0,BID
1263,1712366321.7413373,38096.7937304,254650.0,8.745332606235022e-12,256400.0,BID
1264,1712366324.0292091,38097.85182359,254600.0,-6.154134168310223e-12,256400.0,ASK
1265,1712366330.1326325,38097.97122583,254650.0,6.94473239136379e-13,256400.0,BID
1266,1712366330.1340818,38097.99125332,254650.0,1.1648488211396636e-13,256400.0,BID
1267,1712366337.11923,38098.18954672,254700.0,1.153323922556235e-12,256400.0,BID
1268,1712366338.1414204,38109.84869143,254650.0,-6.781249658482939e-11,256400.0,ASK
1269,1712366340.526704,38109.84869143,254650.0,-0.0,256400.0,ASK
1270,1712366340.9692252,38111.71295409,254700.0,1.084127754246774e-11,256400.0,BID
1271,1712366340.9723608,38111.84869143,254700.0,7.893556028440629e-13,256400.0,BID
1272,1712366343.0592062,38111.88801506,254650.0,-2.286793572393677e-13,256400.0,ASK
1273,1712366343.104092,38112.20714637,254700.0,1.855849595873184e-12,256400.0,BID
1274,1712366343.1065302,38113.88801506,254700.0,9.774783549438618e-12,256400.0,BID
1275,1712366345.4410355,38116.84601779,254700.0,1.720172229770844e-11,256400.0,BID
1276,1712366346.031974,38116.9637803,254750.0,6.84826276055961e-13,256400.0,BID
1277,1712366348.5892837,38118.70231825,254750.0,1.0110148552811142e-11,256400.0,BID
1278,1712366348.5924816,38120.93609163,254800.0,1.2990099356279536e-11,256400.0,BID
1279,1712366349.1706305,38121.19082721,254800.0,1.4813680400071417e-12,256400.0,BID
1280,1712366349.1738214,38130.00614657,254800.0,5.1263872767468304e-11,256400.0,BID
1281,1712366349.629146,38130.94877921,254700.0,-5.4817072133120996e-12,256400.0,ASK
1282,1712366349.6323364,38131.01307691,254650.0,-3.7391148040818673e-13,256400.0,ASK
1283,1712366350.149335,38133.21164396,254800.0,1.2785363401959252e-11,256400.0,BID
1284,1712366350.1526065,38144.94179027,254750.0,6.821451423622814e-11,256400.0,BID
1285,1712366350.155901,38161.41202232,254800.0,9.577961339585366e-11,256400.0,BID
1286,1712366352.0192685,38168.99580377,254800.0,-4.4102089949569887e-11,256400.0,ASK
1287,1712366352.8103485,38177.08427876,254800.0,-4.703704265685784e-11,256400.0,ASK
1288,1712366354.9691954,38177.99051606,254800.0,-5.270056789478941e-12,256400.0,ASK
1289,1712366361.5991864,38178.02285796,254850.0,1.880783870486523e-13,256400.0,BID
1290,1712366361.602826,38182.99051606,254850.0,2.8888504476230848e-11,256400.0,BID
1291,1712366362.27916,38186.5504627,254800.0,-2.0702216693330417e-11,256400.0,ASK
1292,1712366368.05923,38186.75816695,254850.0,1.2078659672493226e-12,256400.0,BID
1293,1712366368.0630224,38188.5504627,254850.0,1.042276717806248e-11,256400.0,BID
1294,1712366370.549033,38188.5504627,254850.0,0.0,256400.0,BID
1295,1712366372.6790853,38190.25521772,254850.0,9.912534227716743e-12,256400.0,BID
1296,1712366373.7408464,38191.47313645,254900.0,7.081757176869032e-12,256400.0,BID
1297,1712366373.7427666,38191.82260306,254950.0,2.0320220163259042e-12,256400.0,BID
1298,1712366373.749053,38192.21491378,254900.0,2.2811450292281004e-12,256400.0,BID
1299,1712366375.289034,38195.96491378,254900.0,-2.1804894496763543e-11,256400.0,ASK
1300,1712366375.9591568,38202.88216581,254900.0,-4.0221320192434927e-11,256400.0,ASK
1301,1712366376.5792336,38278.52206351,255000.0,4.3981866375852405e-10,256400.0,BID
1302,1712366376.5822735,38281.04130854,254950.0,1.4648499224183354e-11,256400.0,BID
1303,1712366376.5852008,38281.10650854,255000.0,3.7911443230122243e-13,256400.0,BID
1304,1712366387.309142,38281.12651247,254950.0,1.1631562219884328e-13,256400.0,BID
1305,1712366387.3113484,38282.75966016,254950.0,9.496163487496682e-12,256400.0,BID
1306,1712366388.0894806,38307.22076016,255000.0,1.422324546066113e-10,256400.0,BID
1307,1712366388.1090782,38310.286566,255000.0,1.7826552770338698e-11,256400.0,BID
1308,1712366388.869306,38311.04869233,255000.0,4.4314891250004e-12,256400.0,BID
1309,1712366388.879305,38322.05127188,255000.0,6.397602300802366e-11,256400.0,BID
1310,1712366390.4791884,38322.09048756,255000.0,2.280250040095576e-13,256400.0,BID
1311,1712366390.5992005,38324.71387088,254950.0,-1.5254025737882154e-11,256400.0,ASK
1312,1712366392.149176,38324.75308656,255000.0,2.280250040095576e-13,256400.0,BID
1313,1712366392.8492188,38325.15308656,255000.0,2.325855412996573e-12,256400.0,BID
1314,1712366394.019237,38327.96558656,254950.0,-1.635367087257266e-11,256400.0,ASK
1315,1712366394.4991536,38328.33252191,255000.0,2.133596425040459e-12,256400.0,BID
1316,1712366394.501948,38330.79270041,255000.0,1.4305048702841614e-11,256400.0,BID
1317,1712366394.7192037,38405.00385566,255000.0,-4.3151104285577895e-10,256400.0,ASK
1318,1712366395.1392603,38406.92542428,255000.0,1.1173226940661627e-11,256400.0,BID
1319,1712366395.1427145,38409.21770952,254950.0,-1.3328810083920588e-11,256400.0,ASK
1320,1712366395.2590735,38413.21376247,255000.0,2.3235603460831968e-11,256400.0,BID
1321,1712366396.1790338,38413.31107913,255000.0,5.658612010961747e-13,256400.0,BID
1322,1712366397.3504832,38415.27186344,255000.0,1.1401252002801092e-11,256400.0,BID
1323,1712366398.8092988,38416.44833402,255000.0,6.840751166794252e-12,256400.0,BID
1324,1712366400.1303215,38427.06256807,255000.0,6.171793429979364e-11,256400.0,BID
1325,1712366400.3054771,38427.12139159,255000.0,3.4203750599318294e-13,256400.0,BID
1326,1712366400.5894408,38441.43062198,255000.0,8.320300239567437e-11,256400.0,BID
1327,1712366400.599232,38441.43062198,255000.0,0.0,256400.0,BID
1328,1712366401.3191447,38444.37042266,255000.0,1.7185886815304694e-11,256400.0,BID
1329,1712366402.16917,38445.15504409,254950.0,-4.586846713987751e-12,256400.0,ASK
1330,1712366402.389298,38451.51666591,255000.0,3.718963442109801e-11,256400.0,BID
1331,1712366402.392915,38464.76288722,255000.0,7.743656286379682e-11,256400.0,BID
1332,1712366402.5697303,38465.8903529,255000.0,6.591092279297223e-12,256400.0,BID
1333,1712366402.933648,38466.28374393,254950.0,-2.2997388093904017e-12,256400.0,ASK
1334,1712366406.1393266,38470.20415318,254950.0,-2.2918461819014314e-11,256400.0,ASK
1335,1712366406.149276,38471.85934815,254900.0,-9.676163967570351e-12,256400.0,ASK
1336,1712366406.1520338,38501.41982188,254950.0,-1.7280863943807852e-10,256400.0,ASK
1337,1712366406.1547744,38502.13159778,254950.0,-4.160996403052679e-12,256400.0,ASK
1338,1712366406.1574993,38505.42443689,254900.0,-1.9249726905128493e-11,256400.0,ASK
1339,1712366407.769111,38505.46365257,254950.0,-2.2925235793628245e-13,256400.0,ASK
1340,1712366407.7712326,38506.5091732,254900.0,-6.112046756270028e-12,256400.0,ASK
1341,1712366407.773225,38513.29743689,254900.0,-3.96837555152493e-11,256400.0,ASK
1342,1712366410.559188,38513.99266461,254950.0,-4.064256800805008e-12,256400.0,ASK
1343,1712366417.529291,38514.03188798,254950.0,-2.2929731324619416e-13,256400.0,ASK
1344,1712366417.5335696,38533.60820012,254950.0,-1.1444186913331015e-10,256400.0,ASK
1345,1712366417.8099816,38540.65020992,255000.0,4.116713905072059e-11,256400.0,BID
1346,1712366419.0993562,38541.30674831,255000.0,3.838081451309046e-12,256400.0,BID
1347,1712366420.1591134,38552.06840175,254950.0,-6.291193794986811e-11,256400.0,ASK
1348,1712366427.374127,38555.99073946,254950.0,-2.2929735472866648e-11,256400.0,ASK
1349,1712366427.377138,38563.77582862,254950.0,-4.55111334794864e-11,256400.0,ASK
1350,1712366427.6292756,38564.77026704,254950.0,-5.813423422636454e-12,256400.0,ASK
1351,1712366430.4815595,38569.77026704,254950.0,-2.922968031846691e-11,256400.0,ASK
1352,1712366430.5452178,38569.77026704,254950.0,-0.0,256400.0,ASK
1353,1712366431.6221864,38576.27026704,255000.0,3.7991317222563465e-11,256400.0,BID
1354,1712366432.309059,38577.76222096,255000.0,8.720199177861311e-12,256400.0,BID
1355,1712366432.6090462,38582.15188334,255000.0,2.5656777842825327e-11,256400.0,BID
1356,1712366439.9392068,38583.15188334,255050.0,5.8448180342405326e-12,256400.0,BID
1357,1712366439.9422266,38584.15188334,255050.0,5.8448180342405326e-12,256400.0,BID
1358,1712366440.5191307,38607.46468102,255000.0,-1.3625906030867891e-10,256400.0,ASK
1359,1712366441.019152,38610.60834214,255050.0,1.8374127207741653e-11,256400.0,BID
1360,1712366441.0290573,38611.68229296,255050.0,6.277047120615063e-12,256400.0,BID
1361,1712366443.9392543,38613.79166796,255000.0,-1.2328913040976124e-11,256400.0,ASK
1362,1712366453.1687834,38613.83126008,255100.0,2.3140873696694293e-13,256400.0,BID
1363,1712366454.6188374,38616.02444916,255100.0,1.2818791087308132e-11,256400.0,BID
1364,1712366454.6218095,38620.05248437,255100.0,2.3543132837931203e-11,256400.0,BID
1365,1712366460.790655,38620.05248437,255100.0,0.0,256400.0,BID
1366,1712366467.383041,38623.20158097,255150.0,1.840451722615114e-11,256400.0,BID
1367,1712366468.4289875,38623.35838222,255100.0,-9.164060914131173e-13,256400.0,ASK
1368,1712366468.438759,38630.92338221,255100.0,-4.421273473525795e-11,256400.0,ASK
1369,1712366468.588703,38631.22338221,255100.0,1.753314003733365e-12,256400.0,BID
1370,1712366469.7396276,38654.90726304,255100.0,1.3841759973859535e-10,256400.0,BID
1371,1712366471.2487345,38655.29926617,255100.0,2.2910152577676724e-12,256400.0,BID
1372,1712366474.9187105,38659.04926617,255050.0,-2.1916425046454445e-11,256400.0,ASK
1373,1712366474.9205086,38663.97738164,255050.0,-2.8801779551608496e-11,256400.0,ASK
1374,1712366475.0199587,38665.29926617,255050.0,-7.725595525815579e-12,256400.0,ASK
1375,1712366476.0716002,38666.29926617,255100.0,5.844380012387852e-12,256400.0,BID
1376,1712366476.6688228,38698.05031613,255000.0,-1.8556520175856963e-10,256400.0,ASK
1377,1712366476.6718602,38728.69752173,255000.0,-1.791139158441718e-10,256400.0,ASK
1378,1712366477.2490504,38756.74844625,254950.0,-1.6394026259369406e-10,256400.0,ASK
1379,1712366477.2529483,38768.78953754,254950.0,-7.037271326259582e-11,256400.0,ASK
1380,1712366477.256735,38773.10526161,254950.0,-2.522273149370104e-11,256400.0,ASK
1381,1712366477.708843,38777.02333393,255050.0,2.2898703554123143e-11,256400.0,BID
1382,1712366478.3513749,38777.42333393,255000.0,-2.3377520049211218e-12,256400.0,ASK
1383,1712366478.5989544,38779.37330647,255050.0,1.1396380537492328e-11,256400.0,BID
1384,1712366478.6020095,38779.38334961,255050.0,5.869592667026563e-14,256400.0,BID
1385,1712366479.5198538,38779.65780559,255050.0,1.6040250438207188e-12,256400.0,BID
1386,1712366483.0987484,38780.05003937,254950.0,2.292363263991237e-12,256400.0,BID
1387,1712366483.1010516,38780.65780559,255050.0,3.5520167483966148e-12,256400.0,BID
1388,1712366483.3789434,38781.04980872,254950.0,-2.2910152577676724e-12,256400.0,ASK
1389,1712366484.94243,38781.44204249,254950.0,-2.292363205564001e-12,256400.0,ASK
1390,1712366484.9491384,38783.51209034,254900.0,-1.2098146279227992e-11,256400.0,ASK
1391,1712366485.5290084,38786.41721838,254900.0,-1.6978672250371068e-11,256400.0,ASK
1392,1712366485.5330453,38787.82571575,254900.0,-8.231793876734625e-12,256400.0,ASK
1393,1712366485.768984,38790.09496747,254900.0,1.3262369395472991e-11,256400.0,BID
1394,1712366489.758921,38813.69250987,254850.0,-1.379130051440286e-10,256400.0,ASK
1395,1712366489.7628603,38814.99250987,254850.0,-7.597694016078693e-12,256400.0,ASK
1396,1712366490.078684,38815.03174094,254850.0,2.292812813986651e-13,256400.0,BID
1397,1712366490.769447,38815.03174094,254850.0,0.0,256400.0,BID
1398,1712366492.5501263,38817.03174094,254800.0,-1.1685364635891698e-11,256400.0,ASK
1399,1712366492.5587127,38822.43687927,254650.0,-3.1580506146717106e-11,256400.0,ASK
1400,1712366492.5617883,38822.93687927,254750.0,-2.9213411589729245e-12,256400.0,ASK
