,time,acc_trade_volume,trade_price,dev,high,ask_bid
0,1712365207.1920052,591805.32616782,138.5,0.0,140.4,ASK
1,1712365207.8755305,591877.16524827,139.2,3.576262363129269e-08,140.4,BID
2,1712365208.94561,592605.33325022,138.5,-3.62493478910974e-07,140.4,ASK
3,1712365208.946838,612645.33325022,138.5,-9.976227049145358e-06,140.4,ASK
4,1712365209.0655556,616893.72006348,138.5,2.114913744594612e-06,140.4,BID
5,1712365209.0854597,617316.35255574,138.5,2.1039309885891654e-07,140.4,BID
6,1712365228.475484,617388.48255572,138.5,3.5907447946863415e-08,140.4,BID
7,1712365230.3569376,617388.48255572,138.5,0.0,140.4,BID
8,1712365242.3956237,631877.16524827,138.5,7.199993814329925e-06,140.4,BID
9,1712365242.3968186,631977.16524827,138.5,4.969391605236906e-08,140.4,BID
10,1712365243.9784508,632022.16524827,139.0,2.236226222356608e-08,140.4,BID
11,1712365259.4354775,632066.16524827,139.1,2.1865323063042384e-08,140.4,BID
12,1712365260.2746923,632066.16524827,139.1,0.0,140.4,BID
13,1712365275.6457937,632218.16524827,138.7,-7.545852181851779e-08,140.4,ASK
14,1712365278.855641,632276.16524827,138.9,2.8793383325487053e-08,140.4,BID
15,1712365290.2310102,632276.16524827,138.9,0.0,140.4,BID
16,1712365319.505627,634452.42772898,138.9,1.0803629896658424e-06,140.4,BID
17,1712365320.3570006,634452.42772898,138.9,0.0,140.4,BID
18,1712365350.3455834,634452.42772898,138.9,0.0,140.4,BID
19,1712365355.8556917,647876.27294922,138.5,-6.663005823486434e-06,140.4,ASK
20,1712365361.4358003,647931.27294922,138.9,2.7299578792759666e-08,140.4,BID
21,1712365363.8656707,648176.95457767,138.5,-1.2194554497822804e-07,140.4,ASK
22,1712365368.7057626,648231.95457767,138.9,2.7299578792759666e-08,140.4,BID
23,1712365380.266951,648231.95457767,138.9,0.0,140.4,BID
24,1712365410.2641408,648231.95457767,138.9,0.0,140.4,BID
25,1712365440.3483443,648231.95457767,138.9,0.0,140.4,BID
26,1712365459.7657547,648347.95457767,138.7,-5.7522802127092345e-08,140.4,ASK
27,1712365462.8157456,648392.95457767,138.9,2.2314880135509962e-08,140.4,BID
28,1712365470.340901,648392.95457767,138.9,0.0,140.4,BID
29,1712365476.8558972,648438.80457767,138.7,-2.2736131557229586e-08,140.4,ASK
30,1712365478.8728237,648478.80457767,138.9,1.9835229275673843e-08,140.4,BID
31,1712365500.2809048,648478.80457767,138.9,0.0,140.4,BID
32,1712365530.3471708,648478.80457767,138.9,0.0,140.4,BID
33,1712365540.6258495,651734.6548631,138.9,1.6233293300398454e-06,140.4,BID
34,1712365540.627267,657846.98620561,138.9,3.0475377776492285e-06,140.4,BID
35,1712365540.628609,683579.52862904,138.9,1.2829948305479444e-05,140.4,BID
36,1712365540.746094,686330.81151504,138.9,-1.371757855103738e-06,140.4,ASK
37,1712365540.7475138,688314.27920896,138.9,-9.889340726554702e-07,140.4,ASK
38,1712365560.3216803,688314.27920896,138.9,-0.0,140.4,ASK
39,1712365590.2564702,688314.27920896,138.9,-0.0,140.4,ASK
40,1712365620.3365493,688314.27920896,138.9,-0.0,140.4,ASK
41,1712365643.6785345,688420.27920896,138.6,-5.2704974586579064e-08,140.4,ASK
42,1712365643.680021,691859.50269604,138.6,-1.7100394951331603e-06,140.4,ASK
43,1712365646.1358628,691904.50269604,138.9,2.237475336222696e-08,140.4,BID
44,1712365650.352919,691904.50269604,138.9,0.0,140.4,BID
45,1712365680.2353835,691904.50269604,138.9,0.0,140.4,BID
46,1712365710.2493346,691904.50269604,138.9,0.0,140.4,BID
47,1712365728.796237,692265.25305679,138.6,-1.793267490407884e-07,140.4,ASK
48,1712365728.7977414,703989.07368615,138.6,-5.827837941532536e-06,140.4,ASK
49,1712365728.7992103,710515.70219907,138.6,-3.244346231520218e-06,140.4,ASK
50,1712365735.435761,714711.60907399,138.6,2.0857590761460537e-06,140.4,BID
51,1712365739.5760713,714756.60907399,138.9,2.2369218675369617e-08,140.4,BID
52,1712365740.3382008,714756.60907399,138.9,0.0,140.4,BID
53,1712365770.357758,714756.60907399,138.9,0.0,140.4,BID
54,1712365789.315812,723454.89039154,138.6,-4.31706425077757e-06,140.4,ASK
55,1712365791.6262076,723499.89039154,138.9,2.233405476240785e-08,140.4,BID
56,1712365794.695987,727687.99584986,138.6,-2.078608370152404e-06,140.4,ASK
57,1712365798.0763764,732198.1717091,138.6,2.2384558806301348e-06,140.4,BID
58,1712365800.3060565,732198.1717091,138.6,0.0,140.4,BID
59,1712365802.5162325,732242.1717091,138.9,2.18730422104212e-08,140.4,BID
60,1712365816.6959078,733682.05651831,138.9,7.157877547725873e-07,140.4,BID
61,1712365830.3125637,733682.05651831,138.9,0.0,140.4,BID
62,1712365848.153638,733974.43151831,138.6,-1.4532898934938317e-07,140.4,ASK
63,1712365849.536174,734019.43151831,138.9,2.2367864970405283e-08,140.4,BID
64,1712365860.3584497,734019.43151831,138.9,0.0,140.4,BID
65,1712365890.3375466,734019.43151831,138.9,0.0,140.4,BID
66,1712365913.0759706,741325.25980113,138.6,-3.6313773618033e-06,140.4,ASK
67,1712365913.1760857,744590.09061577,138.6,-1.6227910445528384e-06,140.4,ASK
68,1712365917.3794937,744630.09061577,138.9,1.9882084391951148e-08,140.4,BID
69,1712365920.2513793,744630.09061577,138.9,0.0,140.4,BID
70,1712365950.2433147,744630.09061577,138.9,0.0,140.4,BID
71,1712365965.116162,744918.69090437,138.6,-1.433445989601734e-07,140.4,ASK
72,1712365969.7961538,747863.67194513,138.6,1.4627397923985749e-06,140.4,BID
73,1712365971.4380815,747903.67194513,138.9,1.9867561415894483e-08,140.4,BID
74,1712365980.3561254,747903.67194513,138.9,0.0,140.4,BID
75,1712366010.3569586,747903.67194513,138.9,0.0,140.4,BID
76,1712366040.252931,747903.67194513,138.9,0.0,140.4,BID
77,1712366069.615959,757409.60721028,138.6,-4.720430007597022e-06,140.4,ASK
78,1712366070.2796926,757409.60721028,138.6,-0.0,140.4,ASK
79,1712366076.606083,758610.08758861,138.6,5.957413305750647e-07,140.4,BID
80,1712366076.608088,758835.08758861,138.6,1.1165680155960393e-07,140.4,BID
81,1712366077.9860706,758873.08758861,138.9,1.885759315228866e-08,140.4,BID
82,1712366096.1262343,768652.80995198,138.6,-4.853211196599223e-06,140.4,ASK
83,1712366100.3048258,768652.80995198,138.6,-0.0,140.4,ASK
84,1712366103.3498468,768689.08415198,138.5,-1.801105769569679e-08,140.4,ASK
85,1712366103.356233,769390.31425328,138.2,-3.481784798142951e-07,140.4,ASK
86,1712366103.3576078,783235.42400057,138.5,-6.874447140441243e-06,140.4,ASK
87,1712366103.3596575,813703.73030984,138.4,-1.512828464381424e-05,140.4,ASK
88,1712366103.3609724,824541.88059885,138.3,-5.381415721644352e-06,140.4,ASK
89,1712366103.3622944,833047.14449899,138.2,-4.223078629511112e-06,140.4,ASK
90,1712366103.3636413,833119.5195895,138.1,-3.593606284652612e-08,140.4,ASK
91,1712366103.3654845,833219.5195895,138.2,-4.9652529058405403e-08,140.4,ASK
92,1712366103.3668275,834303.3346184,138.4,-5.381415721639033e-07,140.4,ASK
93,1712366103.3681872,839253.3346184,138.1,-2.457800188391068e-06,140.4,ASK
94,1712366103.3695354,840035.8355068,138.0,-3.885314809950967e-07,140.4,ASK
95,1712366103.370545,840637.72093102,137.9,-2.988513351591438e-07,140.4,ASK
96,1712366103.3713331,841361.30993246,138.2,-3.592802392034103e-07,140.4,ASK
97,1712366103.3721132,841469.23896938,138.1,-5.3589496419197496e-08,140.4,ASK
98,1712366103.372898,842193.87665053,138.0,-3.598009352011559e-07,140.4,ASK
99,1712366103.373705,842917.98961215,138.1,-3.5954039868403857e-07,140.4,ASK
100,1712366103.3744977,843642.6272933,138.0,-3.598009352011559e-07,140.4,ASK
101,1712366103.3753157,883739.16845067,138.1,-1.990894674957861e-05,140.4,ASK
102,1712366103.3761237,884464.33161238,137.9,-3.600618495889196e-07,140.4,ASK
103,1712366103.3769257,884536.79538049,138.0,-3.598009351764739e-08,140.4,ASK
104,1712366103.3777423,914536.79538049,137.9,-1.4895758717521622e-05,140.4,ASK
105,1712366103.378555,964859.31383687,138.0,-2.4986403099475505e-05,140.4,ASK
106,1712366103.3793836,965359.31383687,137.9,-2.4826264529202704e-07,140.4,ASK
107,1712366103.449788,970469.58363687,137.9,2.5373781974079205e-06,140.4,BID
108,1712366103.4695542,970506.63733789,137.8,-1.839809966615145e-08,140.4,ASK
109,1712366103.476207,973989.19153789,137.8,1.7291762361297245e-06,140.4,BID
110,1712366103.4776623,975652.69081219,137.8,-8.259694605581435e-07,140.4,ASK
111,1712366103.4791243,980702.69081219,137.8,2.507452717449473e-06,140.4,BID
112,1712366103.480557,986970.8488247,137.8,3.1122989785883166e-06,140.4,BID
113,1712366103.4820435,987696.53822963,137.8,3.603231426566316e-07,140.4,BID
114,1712366103.4835248,990021.20421712,137.8,1.1542554549493282e-06,140.4,BID
115,1712366103.596182,990729.1965863,137.6,-3.515361168384319e-07,140.4,ASK
116,1712366103.5981357,998424.80944431,137.6,-3.821066410545793e-06,140.4,ASK
117,1712366103.6000714,1001944.73594431,137.6,-1.7477325282469845e-06,140.4,ASK
118,1712366103.6260855,1002277.2753721,137.6,-1.6511423601407288e-07,140.4,ASK
119,1712366103.6360974,1004187.74982134,137.6,-9.485988810623118e-07,140.4,ASK
120,1712366103.656041,1005015.29383871,137.6,-4.108965336957225e-07,140.4,ASK
121,1712366103.696143,1008171.90666769,137.6,-1.567338102170689e-06,140.4,ASK
122,1712366103.6981182,1014765.33245575,137.5,-3.273802655360861e-06,140.4,ASK
123,1712366103.716036,1016326.76402263,137.5,-7.752902624722489e-07,140.4,ASK
124,1712366103.8362226,1021583.61092263,137.6,-2.610157434578328e-06,140.4,ASK
125,1712366103.8381507,1023460.48727516,137.6,-9.31916576330342e-07,140.4,ASK
126,1712366104.7963123,1023498.48727516,137.9,1.886796104219405e-08,140.4,BID
127,1712366110.676315,1023543.48727516,138.5,2.2343638076282432e-08,140.4,BID
128,1712366130.249113,1023543.48727516,138.5,0.0,140.4,BID
129,1712366159.066193,1024265.5089358,138.2,3.5234675052173774e-07,140.4,BID
130,1712366160.3465753,1024265.5089358,138.2,0.0,140.4,BID
131,1712366162.6712515,1024988.57473478,138.2,3.5283910903130546e-07,140.4,BID
132,1712366175.276244,1025350.3692355,138.2,1.765472097650776e-07,140.4,BID
133,1712366186.456205,1025491.3670663,137.6,-6.880362626057909e-08,140.4,ASK
134,1712366188.1860795,1025546.3670663,138.2,2.6838706828754173e-08,140.4,BID
135,1712366190.3461587,1025546.3670663,138.2,0.0,140.4,BID
136,1712366200.926074,1029737.6848663,137.6,-2.0450879711331284e-06,140.4,ASK
137,1712366200.928041,1060397.16729335,137.6,-1.495981495670123e-05,140.4,ASK
138,1712366200.936227,1063245.90939335,137.6,-1.3899991552944065e-06,140.4,ASK
139,1712366203.0616114,1063290.90939335,138.2,2.195704623042224e-08,140.4,BID
140,1712366220.2545884,1063290.90939335,138.2,0.0,140.4,BID
141,1712366231.561937,1063715.12984295,137.7,-2.064685069476681e-07,140.4,ASK
142,1712366234.6061404,1063770.12984295,138.2,2.6768553691425123e-08,140.4,BID
143,1712366250.2694292,1063770.12984295,138.2,0.0,140.4,BID
144,1712366280.3570328,1063770.12984295,138.2,0.0,140.4,BID
145,1712366310.3634944,1063770.12984295,138.2,0.0,140.4,BID
146,1712366340.2791183,1063770.12984295,138.2,0.0,140.4,BID
147,1712366370.2922192,1063770.12984295,138.2,0.0,140.4,BID
148,1712366400.3244646,1063770.12984295,138.2,0.0,140.4,BID
149,1712366421.1864834,1063876.12984295,138.0,-5.3534781989019534e-08,140.4,ASK
150,1712366424.5617309,1063931.12984295,138.2,2.7777481220717684e-08,140.4,BID
151,1712366430.2929044,1063931.12984295,138.2,0.0,140.4,BID
152,1712366431.2464235,1063973.53894295,138.1,-2.1418268250806773e-08,140.4,ASK
153,1712366442.0860877,1064018.53894295,138.2,2.2726774944179728e-08,140.4,BID
154,1712366460.3374486,1064018.53894295,138.2,0.0,140.4,BID
155,1712366473.1458392,1064379.39921126,138.2,1.822475575079469e-07,140.4,BID
156,1712366473.155443,1068656.9101441,138.2,2.1602985648008343e-06,140.4,BID
157,1712366490.3374794,1068656.9101441,138.2,0.0,140.4,BID
158,1712366504.3757455,1069097.9101441,137.9,-2.2264895579855889e-07,140.4,ASK
159,1712366504.4555423,1071497.6546441,137.9,1.2115660025132455e-06,140.4,BID
160,1712366504.4575987,1091030.60047299,137.9,9.861655311728266e-06,140.4,BID
161,1712366508.7954447,1091070.60047299,138.2,2.0194916625719626e-08,140.4,BID
162,1712366519.9014018,1091120.60047299,138.2,2.524364578214953e-08,140.4,BID
163,1712366520.2718687,1091120.60047299,138.2,0.0,140.4,BID
164,1712366546.5658672,1091351.24807299,137.9,-1.1626588875946805e-07,140.4,ASK
165,1712366546.5756834,1093344.42187299,137.9,-1.004728093026154e-06,140.4,ASK
166,1712366546.577856,1107793.62045025,137.7,-7.283617581310204e-06,140.4,ASK
167,1712366546.580142,1109709.44045025,137.8,-9.657352385332418e-07,140.4,ASK
168,1712366546.5823956,1110436.71317752,137.5,-3.666069363244022e-07,140.4,ASK
169,1712366546.5846732,1117688.34479463,137.9,-3.655435369453042e-06,140.4,ASK
170,1712366546.5864463,1148129.09289183,137.5,-1.534471042414334e-05,140.4,ASK
171,1712366549.1755297,1148169.09289183,138.2,2.0163381497913722e-08,140.4,BID
172,1712366550.2554193,1148169.09289183,138.2,0.0,140.4,BID
173,1712366580.345034,1148169.09289183,138.2,0.0,140.4,BID
174,1712366610.355556,1148169.09289183,138.2,0.0,140.4,BID
175,1712366640.288478,1148169.09289183,138.2,0.0,140.4,BID
176,1712366670.25995,1148169.09289183,138.2,0.0,140.4,BID
177,1712366692.6355195,1148395.09289183,137.8,-1.1347399866355225e-07,140.4,ASK
178,1712366700.3622594,1148395.09289183,137.8,-0.0,140.4,ASK
179,1712366702.2554803,1148440.09289183,138.1,2.3872344186971552e-08,140.4,BID
180,1712366706.4236257,1148813.20420851,138.0,-1.9793426159641215e-07,140.4,ASK
181,1712366709.0456164,1148853.20420851,138.1,2.1219861499530265e-08,140.4,BID
182,1712366711.457414,1152522.65180851,137.7,-1.946629246294632e-06,140.4,ASK
183,1712366711.4587505,1155237.31230851,137.7,-1.4401179957061385e-06,140.4,ASK
184,1712366711.4609628,1155597.06444851,137.6,-1.908472646239889e-07,140.4,ASK
185,1712366711.4628603,1159003.36167648,137.7,-1.8070288850938568e-06,140.4,ASK
186,1712366716.135604,1159058.36167648,138.1,2.9177309561854133e-08,140.4,BID
187,1712366730.355848,1159058.36167648,138.1,0.0,140.4,BID
188,1712366741.955605,1159176.36167648,137.7,-6.254986413467089e-08,140.4,ASK
189,1712366744.8513272,1159221.36167648,138.0,2.38537617462728e-08,140.4,BID
190,1712366760.2636487,1159221.36167648,138.0,0.0,140.4,BID
191,1712366788.2859735,1159293.87799265,137.9,3.8439251908501865e-08,140.4,BID
192,1712366790.2798665,1159293.87799265,137.9,0.0,140.4,BID
193,1712366812.1162517,1159366.49963389,137.7,-3.84948782829088e-08,140.4,ASK
194,1712366812.1192644,1161088.56571699,137.6,-9.128232732293132e-07,140.4,ASK
195,1712366813.1482823,1162983.96829389,137.6,-1.0047045240090268e-06,140.4,ASK
196,1712366813.1510491,1163212.80159389,137.6,-1.212986911361149e-07,140.4,ASK
197,1712366814.1461897,1163252.80159389,137.9,2.1202978960856643e-08,140.4,BID
198,1712366820.3692472,1163252.80159389,137.9,0.0,140.4,BID
199,1712366846.8989646,1166439.67618198,137.5,-1.688793203036381e-06,140.4,ASK
200,1712366848.9059246,1166484.67618198,137.9,2.3846465254907948e-08,140.4,BID
201,1712366850.3564298,1166484.67618198,137.9,0.0,140.4,BID
202,1712366859.647139,1167222.00285057,137.9,3.906332242783479e-07,140.4,BID
203,1712366859.649331,1175030.02177262,137.9,4.1366625359952526e-06,140.4,BID
204,1712366859.662832,1189960.93327083,138.0,7.910347405598935e-06,140.4,BID
205,1712366859.665583,1190591.05299357,137.9,3.3383533983111986e-07,140.4,BID
206,1712366868.126369,1190808.60194208,137.9,1.152567115975364e-07,140.4,BID
207,1712366880.2828248,1190808.60194208,137.9,0.0,140.4,BID
208,1712366910.2988677,1190808.60194208,137.9,0.0,140.4,BID
209,1712366940.2966795,1190808.60194208,137.9,0.0,140.4,BID
210,1712366970.37902,1190808.60194208,137.9,0.0,140.4,BID
211,1712367000.319205,1190808.60194208,137.9,0.0,140.4,BID
212,1712367030.309804,1190808.60194208,137.9,0.0,140.4,BID
213,1712367060.3452983,1190808.60194208,137.9,0.0,140.4,BID
214,1712367090.3584871,1190808.60194208,137.9,0.0,140.4,BID
215,1712367120.2755146,1190808.60194208,137.9,0.0,140.4,BID
216,1712367150.2789154,1190808.60194208,137.9,0.0,140.4,BID
217,1712367162.2858958,1192434.95607771,137.7,-8.638584240034813e-07,140.4,ASK
218,1712367180.3534448,1192434.95607771,137.7,-0.0,140.4,ASK
219,1712367210.3672905,1192434.95607771,137.7,-0.0,140.4,ASK
220,1712367240.3030856,1192434.95607771,137.7,-0.0,140.4,ASK
221,1712367243.4258738,1194069.69409855,137.9,8.682083536701867e-07,140.4,BID
222,1712367243.4280105,1196937.2506246,137.9,1.5229575007126612e-06,140.4,BID
223,1712367243.430096,1206930.97223317,138.0,5.307659376734177e-06,140.4,BID
224,1712367251.256072,1279208.56532068,138.0,3.838658506854269e-05,140.4,BID
225,1712367270.2830968,1279208.56532068,138.0,0.0,140.4,BID
226,1712367300.368965,1279208.56532068,138.0,0.0,140.4,BID
227,1712367330.358471,1279208.56532068,138.0,0.0,140.4,BID
228,1712367360.2738638,1279208.56532068,138.0,0.0,140.4,BID
229,1712367390.2788734,1279208.56532068,138.0,0.0,140.4,BID
230,1712367420.33581,1279208.56532068,138.0,0.0,140.4,BID
231,1712367450.3483922,1279208.56532068,138.0,0.0,140.4,BID
232,1712367480.2751172,1279208.56532068,138.0,0.0,140.4,BID
233,1712367510.289646,1279208.56532068,138.0,0.0,140.4,BID
234,1712367540.3658423,1279208.56532068,138.0,0.0,140.4,BID
235,1712367570.341553,1279208.56532068,138.0,0.0,140.4,BID
236,1712367600.3074367,1279208.56532068,138.0,0.0,140.4,BID
237,1712367630.2714145,1279208.56532068,138.0,0.0,140.4,BID
238,1712367660.3458142,1279208.56532068,138.0,0.0,140.4,BID
239,1712367690.352395,1279208.56532068,138.0,0.0,140.4,BID
240,1712367707.1857812,1293701.31894386,138.0,7.737688239222973e-06,140.4,BID
241,1712367720.2638445,1293701.31894386,138.0,0.0,140.4,BID
242,1712367734.896156,1293737.83374386,137.7,-1.94744746946208e-08,140.4,ASK
243,1712367734.8997405,1297114.43573231,137.6,-1.8008465054680922e-06,140.4,ASK
244,1712367734.9017851,1304551.42049282,137.8,-3.966374498088871e-06,140.4,ASK
245,1712367734.904298,1305829.5473048,137.7,-6.816646471134592e-07,140.4,ASK
246,1712367750.2720246,1305829.5473048,137.7,-0.0,140.4,ASK
247,1712367758.5897422,1308652.25850653,137.7,1.5040993631006502e-06,140.4,BID
248,1712367758.595966,1313091.7114297,137.7,2.365590326832957e-06,140.4,BID
249,1712367780.3057864,1313091.7114297,137.7,0.0,140.4,BID
250,1712367781.786043,1316982.55130171,137.6,-2.072154262159817e-06,140.4,ASK
251,1712367781.7897654,1317482.55130171,137.4,-2.662862428580643e-07,140.4,ASK
252,1712367781.792133,1317882.62402897,137.5,-2.130677268240609e-07,140.4,ASK
253,1712367781.7944703,1318366.20488493,137.4,-2.575418585033644e-07,140.4,ASK
254,1712367781.7967663,1328570.64066677,137.5,-5.434601729665136e-06,140.4,ASK
255,1712367781.7988214,1335290.78132423,137.4,-3.578962014305412e-06,140.4,ASK
256,1712367810.2775795,1335290.78132423,137.4,-0.0,140.4,ASK
257,1712367840.3145704,1335290.78132423,137.4,-0.0,140.4,ASK
258,1712367870.2942698,1335290.78132423,137.4,-0.0,140.4,ASK
259,1712367900.2987523,1335290.78132423,137.4,-0.0,140.4,ASK
260,1712367906.0357733,1342542.08132423,137.4,-3.860853113970587e-06,140.4,ASK
261,1712367930.2881246,1342542.08132423,137.4,-0.0,140.4,ASK
262,1712367941.1661196,1342578.61552423,137.5,-1.944180953029171e-08,140.4,ASK
263,1712367941.169283,1346999.09963498,137.4,-2.352376953994388e-06,140.4,ASK
264,1712367952.0659354,1350640.76023198,137.3,-1.937923143263668e-06,140.4,ASK
265,1712367955.1183374,1350640.76023221,137.3,-1.2241486712174786e-16,140.4,ASK
266,1712367955.11972,1351640.76023221,137.2,-5.321536951741829e-07,140.4,ASK
267,1712367955.1210246,1352370.15483468,137.1,-3.881500329445679e-07,140.4,ASK
268,1712367955.1223714,1361554.61507302,137.2,-4.88754445401303e-06,140.4,ASK
269,1712367955.1237214,1396319.84627442,137.2,-1.850044624740971e-05,140.4,ASK
270,1712367955.1250556,1396453.72665369,137.1,-7.12449385398855e-08,140.4,ASK
271,1712367955.127291,1397453.72665369,137.2,-5.321536951741829e-07,140.4,ASK
272,1712367955.1286385,1412187.49762377,137.1,-7.840630665578203e-06,140.4,ASK
273,1712367955.130004,1412260.38392114,137.2,-3.878671247304938e-08,140.4,ASK
274,1712367955.1313736,1418622.64295842,137.0,-3.385699656343886e-06,140.4,ASK
275,1712367955.1327293,1418680.99452661,137.1,-3.1052002631471724e-08,140.4,ASK
276,1712367955.155808,1420185.91432144,137.0,-8.008486297595727e-07,140.4,ASK
277,1712367955.157519,1420247.16267714,137.0,-3.2593538809063635e-08,140.4,ASK
278,1712367960.115888,1420832.69951472,137.1,3.1159559177875733e-07,140.4,BID
279,1712367960.2927318,1422003.77318989,137.1,6.231911835629663e-07,140.4,BID
280,1712367960.3316712,1422003.77318989,137.1,0.0,140.4,BID
281,1712367963.6456783,1422053.71505035,137.1,2.6423475794419053e-08,140.4,BID
282,1712367963.7267308,1422589.31002747,137.1,2.833751242585076e-07,140.4,BID
283,1712367973.9364054,1422989.60114828,137.4,2.1178791987373602e-07,140.4,BID
284,1712367988.0057704,1426628.6113375,137.4,1.9253447261451427e-06,140.4,BID
285,1712367990.378738,1426628.6113375,137.4,0.0,140.4,BID
286,1712367999.5909836,1426701.35516936,137.4,3.847471874714173e-08,140.4,BID
287,1712368020.26455,1426701.35516936,137.4,0.0,140.4,BID
288,1712368041.535981,1426846.91557692,137.3,7.698750522833924e-08,140.4,BID
289,1712368050.2516344,1426846.91557692,137.3,0.0,140.4,BID
290,1712368080.3595,1426846.91557692,137.3,0.0,140.4,BID
291,1712368108.3660178,1434763.52775801,137.3,4.187084864128483e-06,140.4,BID
292,1712368108.3758268,1437828.74090732,137.3,1.6211868523079149e-06,140.4,BID
293,1712368108.4659758,1439701.8767916,137.3,-9.906988911567693e-07,140.4,ASK
294,1712368108.469149,1442140.1056716,137.3,-1.2895757686747673e-06,140.4,ASK
295,1712368110.3512728,1442140.1056716,137.3,-0.0,140.4,ASK
296,1712368140.299031,1442140.1056716,137.3,-0.0,140.4,ASK
297,1712368170.29557,1442140.1056716,137.3,-0.0,140.4,ASK
298,1712368200.3162086,1442140.1056716,137.3,-0.0,140.4,ASK
299,1712368204.0058892,1442370.82811881,137.0,-1.225467809719375e-07,140.4,ASK
300,1712368204.009266,1443392.61643982,137.0,-5.42716459055841e-07,140.4,ASK
301,1712368204.0125587,1449334.35027591,137.0,-3.155914666344324e-06,140.4,ASK
302,1712368216.6765523,1450724.20434123,137.0,-7.382122710006941e-07,140.4,ASK
303,1712368230.2627437,1450724.20434123,137.0,-0.0,140.4,ASK
304,1712368257.3757317,1451089.16784487,137.0,-1.937270672787661e-07,140.4,ASK
305,1712368257.3791647,1472891.02519892,137.0,-1.157269108912681e-05,140.4,ASK
306,1712368257.4357324,1473006.24052777,137.0,6.115769807412769e-08,140.4,BID
307,1712368260.3460386,1473006.24052777,137.0,0.0,140.4,BID
308,1712368269.1558268,1475184.88976525,137.0,-1.154582656911766e-06,140.4,ASK
309,1712368290.425707,1475184.88976525,137.0,-0.0,140.4,ASK
310,1712368320.2934785,1475184.88976525,137.0,-0.0,140.4,ASK
311,1712368350.3064458,1475184.88976525,137.0,-0.0,140.4,ASK
312,1712368380.3662446,1475184.88976525,137.0,-0.0,140.4,ASK
313,1712368380.725656,1475234.88976525,136.9,-2.6493481294815563e-08,140.4,ASK
314,1712368402.6613224,1475296.96301168,136.9,-3.289072786398444e-08,140.4,ASK
315,1712368410.3456745,1475296.96301168,136.9,-0.0,140.4,ASK
316,1712368440.2522075,1475296.96301168,136.9,-0.0,140.4,ASK
317,1712368470.2807007,1475296.96301168,136.9,-0.0,140.4,ASK
318,1712368500.2897606,1475296.96301168,136.9,-0.0,140.4,ASK
319,1712368530.2867217,1475296.96301168,136.9,-0.0,140.4,ASK
320,1712368560.38167,1475296.96301168,136.9,-0.0,140.4,ASK
321,1712368590.355092,1475296.96301168,136.9,-0.0,140.4,ASK
322,1712368620.2827342,1475296.96301168,136.9,-0.0,140.4,ASK
323,1712368650.3005958,1475296.96301168,136.9,-0.0,140.4,ASK
324,1712368680.3394022,1475296.96301168,136.9,-0.0,140.4,ASK
325,1712368710.3635952,1475296.96301168,136.9,-0.0,140.4,ASK
326,1712368740.280126,1475296.96301168,136.9,-0.0,140.4,ASK
327,1712368770.257911,1475296.96301168,136.9,-0.0,140.4,ASK
328,1712368800.4189763,1475296.96301168,136.9,-0.0,140.4,ASK
329,1712368830.265627,1475296.96301168,136.9,-0.0,140.4,ASK
330,1712368860.3778903,1475296.96301168,136.9,-0.0,140.4,ASK
331,1712368872.3170311,1475341.82651168,137.0,-2.4263601634083124e-08,140.4,ASK
332,1712368890.376436,1475341.82651168,137.0,-0.0,140.4,ASK
333,1712368918.5577986,1476802.74689151,136.9,-7.901093825769007e-07,140.4,ASK
334,1712368918.560604,1477421.13383499,136.9,-3.344421317220827e-07,140.4,ASK
335,1712368918.567778,1478879.48627719,136.9,-7.887205651961971e-07,140.4,ASK
336,1712368920.3023922,1478879.48627719,136.9,-0.0,140.4,ASK
337,1712368950.289116,1478879.48627719,136.9,-0.0,140.4,ASK
338,1712368950.3000245,1479746.22913146,136.9,-4.686376784220672e-07,140.4,ASK
339,1712368980.3466234,1479746.22913146,136.9,-0.0,140.4,ASK
340,1712369010.3632865,1479746.22913146,136.9,-0.0,140.4,ASK
341,1712369040.2660005,1479746.22913146,136.9,-0.0,140.4,ASK
342,1712369053.3298297,1479892.32116944,137.4,7.898518116871387e-08,140.4,BID
343,1712369070.323748,1479892.32116944,137.4,0.0,140.4,BID
344,1712369100.395371,1479892.32116944,137.4,0.0,140.4,BID
345,1712369101.1007614,1481347.92524513,137.4,7.906296866378681e-07,140.4,BID
346,1712369121.1208837,1482805.65119213,137.2,-7.917822077643002e-07,140.4,ASK
347,1712369130.3531132,1482805.65119213,137.2,-0.0,140.4,ASK
348,1712369142.9310544,1482805.65119265,137.2,-2.823347724932804e-16,140.4,ASK
349,1712369160.3277388,1482805.65119265,137.2,-0.0,140.4,ASK
350,1712369180.861315,1484255.21717805,137.0,-7.871789953745194e-07,140.4,ASK
351,1712369180.8634708,1484257.03000251,136.9,-9.844445520726635e-10,140.4,ASK
352,1712369190.3888175,1484257.03000251,136.9,-0.0,140.4,ASK
353,1712369220.3617554,1484257.03000251,136.9,-0.0,140.4,ASK
354,1712369250.3563783,1484257.03000251,136.9,-0.0,140.4,ASK
355,1712369280.2990935,1484257.03000251,136.9,-0.0,140.4,ASK
356,1712369310.3009136,1484257.03000251,136.9,-0.0,140.4,ASK
357,1712369340.40744,1484257.03000251,136.9,-0.0,140.4,ASK
358,1712369370.3788264,1484257.03000251,136.9,-0.0,140.4,ASK
359,1712369400.3426237,1484257.03000251,136.9,-0.0,140.4,ASK
360,1712369430.3128695,1484257.03000251,136.9,-0.0,140.4,ASK
361,1712369460.393396,1484257.03000251,136.9,-0.0,140.4,ASK
362,1712369490.3542063,1484257.03000251,136.9,-0.0,140.4,ASK
363,1712369520.3277776,1484257.03000251,136.9,-0.0,140.4,ASK
364,1712369528.948239,1484357.03000251,136.9,-5.4769218588159584e-08,140.4,ASK
365,1712369550.3073864,1484357.03000251,136.9,-0.0,140.4,ASK
366,1712369572.624889,1488009.3309521,136.9,-2.000321692354332e-06,140.4,ASK
367,1712369572.6272228,1504084.47202568,136.9,-8.804163140156145e-06,140.4,ASK
368,1712369572.6292949,1504195.47202568,136.9,-6.079337680983087e-08,140.4,ASK
369,1712369572.6313822,1504787.65610164,136.9,-3.2433215919485944e-07,140.4,ASK
370,1712369572.6334312,1504933.85493204,136.8,-8.007135662754397e-08,140.4,ASK
371,1712369572.63556,1506394.77531187,136.9,-8.001286769384685e-07,140.4,ASK
372,1712369572.637631,1509852.08033432,136.6,-1.8935247475344088e-06,140.4,ASK
373,1712369572.6397405,1510852.08033432,136.8,-5.476880793678457e-07,140.4,ASK
374,1712369572.6421654,1511071.53900292,136.7,-1.2019489670619653e-07,140.4,ASK
375,1712369572.6440954,1511144.70884186,136.6,-4.0074248556717584e-08,140.4,ASK
376,1712369572.6457908,1514797.00979145,136.9,-2.000321692354332e-06,140.4,ASK
377,1712369572.6475194,1515014.55873996,136.6,-1.1914896577785493e-07,140.4,ASK
378,1712369572.6492424,1536944.38330136,136.8,-1.2010703494907033e-05,140.4,ASK
379,1712369572.6509614,1551617.0129139,136.6,-8.036024331767753e-06,140.4,ASK
380,1712369572.652654,1552215.39129227,136.9,-3.2772470478475426e-07,140.4,ASK
381,1712369572.6543608,1554408.37374841,136.8,-1.2010703494906906e-06,140.4,ASK
382,1712369572.6561,1555053.93415597,136.7,-3.535657397325071e-07,140.4,ASK
383,1712369572.6578016,1557617.10326259,136.6,-1.4038171650996489e-06,140.4,ASK
384,1712369580.3601384,1557617.10326259,136.6,-0.0,140.4,ASK
385,1712369596.0751195,1557934.13840771,136.6,-1.7268865373858446e-07,140.4,ASK
386,1712369596.0792732,1557981.06550771,136.6,-2.5561133671106986e-08,140.4,ASK
387,1712369596.1549509,1559813.2965276,136.6,9.980139837276026e-07,140.4,BID
388,1712369610.3831964,1559813.2965276,136.6,0.0,140.4,BID
389,1712369640.441146,1559813.2965276,136.6,0.0,140.4,BID
390,1712369663.2255518,1560545.8972602,136.5,-3.9898152086016026e-07,140.4,ASK
391,1712369663.2295892,1563400.09710148,136.5,-1.5544251361462445e-06,140.4,ASK
392,1712369668.265481,1563509.58615257,137.0,5.962880758584435e-08,140.4,BID
393,1712369670.287418,1563509.58615257,137.0,0.0,140.4,BID
394,1712369688.445576,1564974.78761777,136.5,-7.977438144163918e-07,140.4,ASK
395,1712369688.4497762,1578348.47056036,136.5,-7.281437465639822e-06,140.4,ASK
396,1712369688.453539,1579081.07129296,136.5,-3.988719072082593e-07,140.4,ASK
397,1712369700.3350005,1579081.07129296,136.5,-0.0,140.4,ASK
398,1712369711.0558171,1579813.67202556,136.5,4.036254619392389e-07,140.4,BID
399,1712369729.7258291,1636769.65941265,136.5,3.13798303719091e-05,140.4,BID
400,1712369730.3129308,1636769.65941265,136.5,0.0,140.4,BID
401,1712369760.3819942,1636769.65941265,136.5,0.0,140.4,BID
402,1712369790.3789978,1636769.65941265,136.5,0.0,140.4,BID
403,1712369820.293265,1636769.65941265,136.5,0.0,140.4,BID
404,1712369850.3324225,1636769.65941265,136.5,0.0,140.4,BID
405,1712369880.3744447,1636769.65941265,136.5,0.0,140.4,BID
406,1712369910.3765938,1636769.65941265,136.5,0.0,140.4,BID
407,1712369932.5869608,1636989.27873915,136.6,-1.2047631515728905e-07,140.4,ASK
408,1712369932.5908864,1706989.27873915,136.6,-3.839981751792981e-05,140.4,ASK
409,1712369932.594412,1759923.40124216,136.5,-2.903800920839042e-05,140.4,ASK
410,1712369932.597443,1762119.59450716,136.6,-1.2047631515728909e-06,140.4,ASK
411,1712369932.7066352,1774283.15474353,136.5,6.672549906356607e-06,140.4,BID
412,1712369936.686759,1775739.27591569,136.5,7.98782675641923e-07,140.4,BID
413,1712369940.3011048,1775739.27591569,136.5,0.0,140.4,BID
414,1712369970.3144245,1775739.27591569,136.5,0.0,140.4,BID
415,1712369977.2971115,1775783.23195964,136.5,2.386448669424422e-08,140.4,BID
416,1712370000.312034,1775783.23195964,136.5,0.0,140.4,BID
417,1712370008.447476,1775883.23195964,136.4,-5.436304139023288e-08,140.4,ASK
418,1712370018.037057,1775884.06315964,136.2,-4.5186559998053055e-10,140.4,ASK
419,1712370018.053609,1775933.23195964,136.3,-2.6729655095135906e-08,140.4,ASK
420,1712370022.297081,1775983.23195964,136.2,-2.718152069511644e-08,140.4,ASK
421,1712370030.29594,1775983.23195964,136.2,-0.0,140.4,ASK
422,1712370034.511143,1776203.17330861,136.4,1.195650343772742e-07,140.4,BID
423,1712370060.3772476,1776203.17330861,136.4,0.0,140.4,BID
424,1712370085.9772174,1777652.40473685,136.4,7.878217555343055e-07,140.4,BID
425,1712370086.0674577,1781161.88704486,136.4,1.907801927999115e-06,140.4,BID
426,1712370086.0716352,1781211.88704486,136.4,2.718067453488387e-08,140.4,BID
427,1712370086.1472335,1781211.88704502,136.5,8.695350683045211e-17,140.4,BID
428,1712370086.1502197,1788768.46101802,136.5,4.107855555177774e-06,140.4,BID
429,1712370090.3921316,1788768.46101802,136.5,0.0,140.4,BID
430,1712370116.617893,1788841.88245708,136.2,-3.9875716114150046e-08,140.4,ASK
431,1712370116.627406,1793768.46101802,136.2,-2.6756605512667004e-06,140.4,ASK
432,1712370120.309997,1793768.46101802,136.2,-0.0,140.4,ASK
433,1712370120.364273,1794499.45517006,136.8,3.9686144461939604e-07,140.4,BID
434,1712370150.2979836,1794499.45517006,136.8,0.0,140.4,BID
435,1712370180.3247285,1794499.45517006,136.8,0.0,140.4,BID
436,1712370210.2992363,1794499.45517006,136.8,0.0,140.4,BID
437,1712370240.395686,1794499.45517006,136.8,0.0,140.4,BID
438,1712370270.3676355,1794499.45517006,136.8,0.0,140.4,BID
439,1712370300.322391,1794499.45517006,136.8,0.0,140.4,BID
440,1712370330.2969642,1794499.45517006,136.8,0.0,140.4,BID
441,1712370333.7483878,1794899.45517006,136.8,2.175750339478249e-07,140.4,BID
442,1712370360.3582685,1794899.45517006,136.8,0.0,140.4,BID
443,1712370372.5983894,1794949.45517006,137.1,2.7196069772460133e-08,140.4,BID
444,1712370390.3906147,1794949.45517006,137.1,0.0,140.4,BID
445,1712370420.298097,1794949.45517006,137.1,0.0,140.4,BID
446,1712370450.2918544,1794949.45517006,137.1,0.0,140.4,BID
447,1712370465.1786332,1795142.16101494,136.5,-1.0481644124165629e-07,140.4,ASK
448,1712370465.188593,1800814.55780935,136.5,-3.085326476066985e-06,140.4,ASK
449,1712370480.3812397,1800814.55780935,136.5,-0.0,140.4,ASK
450,1712370510.388604,1800814.55780935,136.5,-0.0,140.4,ASK
451,1712370540.3494973,1800814.55780935,136.5,-0.0,140.4,ASK
452,1712370559.5194223,1821090.34571996,136.5,-1.102359346044083e-05,140.4,ASK
453,1712370559.523725,1821108.63203288,136.1,-9.941950488417716e-09,140.4,ASK
454,1712370559.5273268,1833948.98078471,136.2,-6.981074429979762e-06,140.4,ASK
455,1712370559.5292244,1834948.98078471,136.3,-5.436826183544942e-07,140.4,ASK
456,1712370559.5311737,1835015.10863188,136.1,-3.5952561095526854e-08,140.4,ASK
457,1712370559.5331037,1847994.54941041,136.2,-7.056696347248269e-06,140.4,ASK
458,1712370559.5350668,1848067.98805846,136.1,-3.9927316460212335e-08,140.4,ASK
459,1712370570.3001003,1848067.98805846,136.1,-0.0,140.4,ASK
460,1712370600.419321,1848067.98805846,136.1,-0.0,140.4,ASK
461,1712370630.3447292,1848067.98805846,136.1,-0.0,140.4,ASK
462,1712370648.4496837,1848119.08294897,137.0,2.7735505388613613e-08,140.4,BID
463,1712370660.4954762,1848119.08294897,137.0,0.0,140.4,BID
464,1712370670.7692924,1848140.09802426,136.1,-1.1407432590562752e-08,140.4,ASK
465,1712370670.7715783,1848768.76248283,136.1,-3.4125252154560256e-07,140.4,ASK
466,1712370683.4594312,1848987.9005398,136.9,1.1895282688272188e-07,140.4,BID
467,1712370690.3795457,1848987.9005398,136.9,0.0,140.4,BID
468,1712370720.307487,1848987.9005398,136.9,0.0,140.4,BID
469,1712370750.3324547,1848987.9005398,136.9,0.0,140.4,BID
470,1712370780.3884745,1848987.9005398,136.9,0.0,140.4,BID
471,1712370810.3908482,1848987.9005398,136.9,0.0,140.4,BID
472,1712370840.3011627,1848987.9005398,136.9,0.0,140.4,BID
473,1712370850.1094449,1849087.9005398,136.8,5.4278650880406807e-08,140.4,BID
474,1712370853.63938,1849125.26317716,136.5,-2.027993549228267e-08,140.4,ASK
475,1712370853.6496933,1849137.9005398,136.2,-6.8593899479207324e-09,140.4,ASK
476,1712370867.6394205,1849357.19878541,136.8,1.190321291214931e-07,140.4,BID
477,1712370870.319748,1849357.19878541,136.8,0.0,140.4,BID
478,1712370889.279184,1849407.19878541,136.2,-2.713858153437316e-08,140.4,ASK
479,1712370900.381021,1849407.19878541,136.2,-0.0,140.4,ASK
480,1712370930.396212,1849407.19878541,136.2,-0.0,140.4,ASK
481,1712370956.9089158,1849626.49703102,136.8,1.208769870525407e-07,140.4,BID
482,1712370960.3285704,1849626.49703102,136.8,0.0,140.4,BID
483,1712370990.2866712,1849626.49703102,136.8,0.0,140.4,BID
484,1712371020.487316,1849626.49703102,136.8,0.0,140.4,BID
485,1712371050.3649025,1849626.49703102,136.8,0.0,140.4,BID
486,1712371080.2784088,1849626.49703102,136.8,0.0,140.4,BID
487,1712371110.2950263,1849626.49703102,136.8,0.0,140.4,BID
488,1712371132.6635845,1850798.65820318,136.5,-6.460834537820335e-07,140.4,ASK
489,1712371132.6657772,1852434.23760962,136.5,-9.015149255458744e-07,140.4,ASK
490,1712371140.4786978,1852434.23760962,136.5,-0.0,140.4,ASK
491,1712371170.3727665,1852434.23760962,136.5,-0.0,140.4,ASK
492,1712371200.3690534,1852434.23760962,136.5,-0.0,140.4,ASK
493,1712371230.270974,1852434.23760962,136.5,-0.0,140.4,ASK
494,1712371260.3884747,1852434.23760962,136.5,-0.0,140.4,ASK
495,1712371290.3785408,1852434.23760962,136.5,-0.0,140.4,ASK
496,1712371320.3029904,1852434.23760962,136.5,-0.0,140.4,ASK
497,1712371350.3204749,1852434.23760962,136.5,-0.0,140.4,ASK
498,1712371380.3897913,1852434.23760962,136.5,-0.0,140.4,ASK
499,1712371410.417557,1852434.23760962,136.5,-0.0,140.4,ASK
500,1712371440.3362846,1852434.23760962,136.5,-0.0,140.4,ASK
501,1712371470.3064194,1852434.23760962,136.5,-0.0,140.4,ASK
502,1712371500.316236,1852434.23760962,136.5,-0.0,140.4,ASK
503,1712371530.299714,1852434.23760962,136.5,-0.0,140.4,ASK
504,1712371560.3248858,1852434.23760962,136.5,-0.0,140.4,ASK
505,1712371589.987008,1852686.25760962,136.6,-1.406020521768845e-07,140.4,ASK
506,1712371589.991667,1854882.45087462,136.6,-1.225257043234721e-06,140.4,ASK
507,1712371590.071796,1856187.99136262,136.6,7.283615261201555e-07,140.4,BID
508,1712371590.0929587,1856187.99136337,136.6,4.185258885899203e-16,140.4,BID
509,1712371590.2949202,1856187.99136337,136.6,0.0,140.4,BID
510,1712371620.3778677,1856187.99136337,136.6,0.0,140.4,BID
511,1712371650.3562002,1856187.99136337,136.6,0.0,140.4,BID
512,1712371680.2971098,1856187.99136337,136.6,0.0,140.4,BID
513,1712371710.3101768,1856187.99136337,136.6,0.0,140.4,BID
514,1712371740.4070785,1856187.99136337,136.6,0.0,140.4,BID
515,1712371762.5670817,1857360.83493062,136.8,6.541427334833458e-07,140.4,BID
516,1712371766.9971905,1858200.33069263,136.8,4.682210550863672e-07,140.4,BID
517,1712371767.0017564,1863608.44195329,136.9,3.0163244117249102e-06,140.4,BID
518,1712371767.005293,1868558.44195329,137.0,2.760817061336897e-06,140.4,BID
519,1712371767.008891,1873622.96633916,136.9,2.824691986276077e-06,140.4,BID
520,1712371767.0124836,1946615.66706909,137.0,4.071100879358569e-05,140.4,BID
521,1712371770.3028584,1946615.66706909,137.0,0.0,140.4,BID
522,1712371773.222695,1946980.09855597,137.2,2.018636777633878e-07,140.4,BID
523,1712371800.3635,1946980.09855597,137.2,0.0,140.4,BID
524,1712371829.5071034,1949437.56751144,137.2,1.3682801928611217e-06,140.4,BID
525,1712371830.2814164,1949437.56751144,137.2,0.0,140.4,BID
526,1712371860.3766434,1949437.56751144,137.2,0.0,140.4,BID
527,1712371890.4923556,1949437.56751144,137.2,0.0,140.4,BID
528,1712371920.3005283,1949437.56751144,137.2,0.0,140.4,BID
529,1712371950.3001215,1949437.56751144,137.2,0.0,140.4,BID
530,1712371980.3879025,1949437.56751144,137.2,0.0,140.4,BID
531,1712372010.3566935,1949437.56751144,137.2,0.0,140.4,BID
532,1712372010.8285449,1949583.34010619,137.2,-8.114866184926732e-08,140.4,ASK
533,1712372040.2966812,1949583.34010619,137.2,-0.0,140.4,ASK
534,1712372070.3039193,1949583.34010619,137.2,-0.0,140.4,ASK
535,1712372100.374859,1949583.34010619,137.2,-0.0,140.4,ASK
536,1712372130.3684769,1949583.34010619,137.2,-0.0,140.4,ASK
537,1712372160.3107913,1949583.34010619,137.2,-0.0,140.4,ASK
538,1712372190.2944176,1949583.34010619,137.2,-0.0,140.4,ASK
539,1712372220.442966,1949583.34010619,137.2,-0.0,140.4,ASK
540,1712372250.4583197,1949583.34010619,137.2,-0.0,140.4,ASK
541,1712372264.2668183,1951786.11180568,137.1,1.2273596329572446e-06,140.4,BID
542,1712372280.3089173,1951786.11180568,137.1,0.0,140.4,BID
543,1712372300.756741,1951822.60124486,137.2,2.0328084761738465e-08,140.4,BID
544,1712372310.3053942,1951822.60124486,137.2,0.0,140.4,BID
545,1712372340.3343608,1951822.60124486,137.2,0.0,140.4,BID
546,1712372370.311469,1951822.60124486,137.2,0.0,140.4,BID
547,1712372400.396078,1951822.60124486,137.2,0.0,140.4,BID
548,1712372409.526832,1951895.48754223,137.2,4.069846733261327e-08,140.4,BID
549,1712372430.4028454,1951895.48754223,137.2,0.0,140.4,BID
550,1712372430.5849726,1955591.47073252,137.0,-2.063762554008173e-06,140.4,ASK
551,1712372445.1967423,1955793.85313393,137.3,1.130062557419231e-07,140.4,BID
552,1712372445.199148,1956112.47073252,137.2,1.7790964816776017e-07,140.4,BID
553,1712372460.3919485,1956112.47073252,137.2,0.0,140.4,BID
554,1712372490.399889,1956112.47073252,137.2,0.0,140.4,BID
555,1712372520.3484764,1956112.47073252,137.2,0.0,140.4,BID
556,1712372550.3262296,1956112.47073252,137.2,0.0,140.4,BID
557,1712372580.3958552,1956112.47073252,137.2,0.0,140.4,BID
558,1712372610.379384,1956112.47073252,137.2,0.0,140.4,BID
559,1712372640.3221617,1956112.47073252,137.2,0.0,140.4,BID
560,1712372670.3242075,1956112.47073252,137.2,0.0,140.4,BID
561,1712372700.407263,1956112.47073252,137.2,0.0,140.4,BID
562,1712372713.5769217,1956185.72446252,137.1,-4.095332306568503e-08,140.4,ASK
563,1712372724.5068848,1958432.20423752,137.3,1.255919828056569e-06,140.4,BID
564,1712372730.3653562,1958432.20423752,137.3,0.0,140.4,BID
565,1712372760.0868762,1958432.20423846,137.3,5.2538899521062865e-16,140.4,BID
566,1712372760.307386,1958432.20423846,137.3,0.0,140.4,BID
567,1712372790.2867274,1958432.20423846,137.3,0.0,140.4,BID
568,1712372820.3580012,1958432.20423846,137.3,0.0,140.4,BID
569,1712372850.37024,1958432.20423846,137.3,0.0,140.4,BID
570,1712372880.2879183,1958432.20423846,137.3,0.0,140.4,BID
571,1712372910.3449311,1958432.20423846,137.3,0.0,140.4,BID
572,1712372940.3812928,1958432.20423846,137.3,0.0,140.4,BID
573,1712372970.4223905,1958432.20423846,137.3,0.0,140.4,BID
574,1712373000.3308053,1958432.20423846,137.3,0.0,140.4,BID
575,1712373030.3192348,1958432.20423846,137.3,0.0,140.4,BID
576,1712373039.4733171,1958490.04782511,137.3,-3.2624825862043334e-08,140.4,ASK
577,1712373039.476206,1958562.88103611,137.3,-4.1079244276977536e-08,140.4,ASK
578,1712373060.3697128,1958562.88103611,137.3,-0.0,140.4,ASK
579,1712373068.7973988,1958599.59909778,137.3,-2.070943928335734e-08,140.4,ASK
580,1712373090.4065316,1958599.59909778,137.3,-0.0,140.4,ASK
581,1712373120.2701309,1958599.59909778,137.3,-0.0,140.4,ASK
582,1712373150.2973151,1958599.59909778,137.3,-0.0,140.4,ASK
583,1712373154.724779,1970154.96406449,137.8,6.517349714328023e-06,140.4,BID
584,1712373154.73,1971154.96406449,137.8,5.640107199646125e-07,140.4,BID
585,1712373154.733327,1974953.02188418,137.9,2.1421453253505024e-06,140.4,BID
586,1712373154.7356057,2137555.02926874,138.0,9.170927525265708e-05,140.4,BID
587,1712373154.7379065,2141861.22781626,137.7,2.428742143097179e-06,140.4,BID
588,1712373154.7403207,2146561.22781626,138.0,2.6508503838336782e-06,140.4,BID
589,1712373154.742635,2146633.74413244,137.9,4.089997969792951e-08,140.4,BID
590,1712373154.7449818,2146706.20790056,138.0,4.0870342028666935e-08,140.4,BID
591,1712373154.8415167,2149081.45882954,138.0,-1.33966698655053e-06,140.4,ASK
592,1712373180.3696878,2149081.45882954,138.0,-0.0,140.4,ASK
593,1712373210.3739507,2149081.45882954,138.0,-0.0,140.4,ASK
594,1712373240.2693863,2149081.45882954,138.0,-0.0,140.4,ASK
595,1712373270.2914836,2149081.45882954,138.0,-0.0,140.4,ASK
596,1712373300.3286266,2149081.45882954,138.0,-0.0,140.4,ASK
597,1712373330.2911308,2149081.45882954,138.0,-0.0,140.4,ASK
598,1712373360.3667896,2149081.45882954,138.0,-0.0,140.4,ASK
599,1712373390.4001734,2149081.45882954,138.0,-0.0,140.4,ASK
600,1712373420.2971344,2149081.45882954,138.0,-0.0,140.4,ASK
601,1712373450.428252,2149081.45882954,138.0,-0.0,140.4,ASK
602,1712373465.3675013,2152665.68822022,138.3,1.995198457630937e-06,140.4,BID
603,1712373480.299801,2152665.68822022,138.3,0.0,140.4,BID
604,1712373490.9823673,2153310.44264997,138.3,-3.588102305760612e-07,140.4,ASK
605,1712373491.0785017,2153955.19707972,138.3,-3.588102305763203e-07,140.4,ASK
606,1712373510.3173065,2153955.19707972,138.3,-0.0,140.4,ASK
607,1712373540.3681395,2153955.19707972,138.3,-0.0,140.4,ASK
608,1712373570.3514104,2153955.19707972,138.3,-0.0,140.4,ASK
609,1712373600.3041224,2153955.19707972,138.3,-0.0,140.4,ASK
610,1712373605.886286,2154026.83031754,138.0,-3.9886361287408175e-08,140.4,ASK
611,1712373630.2909515,2154026.83031754,138.0,-0.0,140.4,ASK
612,1712373660.3893342,2154026.83031754,138.0,-0.0,140.4,ASK
613,1712373680.085691,2154880.50377476,138.0,-4.753343776117728e-07,140.4,ASK
614,1712373683.5758305,2154935.55077476,138.3,3.065074972546645e-08,140.4,BID
615,1712373690.34084,2154935.55077476,138.3,0.0,140.4,BID
616,1712373720.10533,2155191.65281192,138.3,-1.4259035546224809e-07,140.4,ASK
617,1712373720.3457525,2155191.65281192,138.3,-0.0,140.4,ASK
618,1712373750.2791052,2155191.65281192,138.3,-0.0,140.4,ASK
619,1712373756.3893857,2155422.14464537,138.3,-1.2832878924433966e-07,140.4,ASK
620,1712373780.3883188,2155422.14464537,138.3,-0.0,140.4,ASK
621,1712373787.340166,2159034.86140837,138.4,2.011382933161575e-06,140.4,BID
622,1712373787.3456922,2159034.86140838,138.4,5.4444031388965894e-18,140.4,BID
623,1712373787.5749366,2159626.19840838,138.4,3.292273453952885e-07,140.4,BID
624,1712373787.5857563,2160029.18360838,138.4,2.243623308359239e-07,140.4,BID
625,1712373787.6544054,2168023.25969534,138.5,4.4507082239001405e-06,140.4,BID
626,1712373788.1249893,2168556.19810113,138.5,2.967138815892119e-07,140.4,BID
627,1712373810.3866327,2168556.19810113,138.5,0.0,140.4,BID
628,1712373820.754985,2169026.62760235,138.5,-2.616470788906235e-07,140.4,ASK
629,1712373840.277734,2169026.62760235,138.5,-0.0,140.4,ASK
630,1712373870.2892375,2169026.62760235,138.5,-0.0,140.4,ASK
631,1712373900.374127,2169026.62760235,138.5,-0.0,140.4,ASK
632,1712373930.3717482,2169026.62760235,138.5,-0.0,140.4,ASK
633,1712373960.3323455,2169026.62760235,138.5,-0.0,140.4,ASK
634,1712373988.2349372,2170722.26308235,138.5,-9.43132373752116e-07,140.4,ASK
635,1712373988.5742333,2170722.26308307,138.5,-4.004237064658208e-16,140.4,ASK
636,1712373990.2910888,2170722.26308307,138.5,-0.0,140.4,ASK
637,1712374014.754987,2175060.20241665,138.5,2.4124976883452988e-06,140.4,BID
638,1712374020.3630831,2175060.20241665,138.5,0.0,140.4,BID
639,1712374050.348235,2175060.20241665,138.5,0.0,140.4,BID
640,1712374080.2759323,2175060.20241665,138.5,0.0,140.4,BID
641,1712374110.27195,2175060.20241665,138.5,0.0,140.4,BID
642,1712374140.3726385,2175060.20241665,138.5,0.0,140.4,BID
643,1712374170.3676372,2175060.20241665,138.5,0.0,140.4,BID
644,1712374200.3368351,2175060.20241665,138.5,0.0,140.4,BID
645,1712374230.2842894,2175060.20241665,138.5,0.0,140.4,BID
646,1712374260.3558228,2175060.20241665,138.5,0.0,140.4,BID
647,1712374261.9128006,2175103.52371628,138.5,2.417987990097533e-08,140.4,BID
648,1712374278.7528396,2175175.72588234,138.5,4.0299799841023456e-08,140.4,BID
649,1712374290.3766806,2175175.72588234,138.5,0.0,140.4,BID
650,1712374320.3013985,2175175.72588234,138.5,0.0,140.4,BID
651,1712374350.2764778,2175175.72588234,138.5,0.0,140.4,BID
652,1712374380.3614318,2175175.72588234,138.5,0.0,140.4,BID
653,1712374410.4105265,2175175.72588234,138.5,0.0,140.4,BID
654,1712374440.288942,2175175.72588234,138.5,0.0,140.4,BID
655,1712374470.302879,2175175.72588234,138.5,0.0,140.4,BID
656,1712374500.340834,2175175.72588234,138.5,0.0,140.4,BID
657,1712374530.363094,2175175.72588234,138.5,0.0,140.4,BID
658,1712374560.282604,2175175.72588234,138.5,0.0,140.4,BID
659,1712374590.277111,2175175.72588234,138.5,0.0,140.4,BID
660,1712374593.9020908,2178554.62848879,138.5,1.8859483332988003e-06,140.4,BID
661,1712374620.361772,2178554.62848879,138.5,0.0,140.4,BID
662,1712374650.3998024,2178554.62848879,138.5,0.0,140.4,BID
663,1712374663.6721256,2182907.47495135,138.5,2.428924642423036e-06,140.4,BID
664,1712374663.6821744,2192359.26946187,138.5,5.27418019431294e-06,140.4,BID
665,1712374680.31476,2192359.26946187,138.5,0.0,140.4,BID
666,1712374697.8217916,2192458.52790498,138.5,-5.5328011030663504e-08,140.4,ASK
667,1712374710.2916896,2192458.52790498,138.5,-0.0,140.4,ASK
668,1712374740.346518,2192458.52790498,138.5,-0.0,140.4,ASK
669,1712374770.3414068,2192458.52790498,138.5,-0.0,140.4,ASK
670,1712374800.342517,2192458.52790498,138.5,-0.0,140.4,ASK
671,1712374830.2820196,2192458.52790498,138.5,-0.0,140.4,ASK
672,1712374860.356088,2192458.52790498,138.5,-0.0,140.4,ASK
673,1712374870.631566,2192496.40982898,138.6,2.1161720195493465e-08,140.4,BID
674,1712374870.6342738,2192819.09798069,138.6,1.8026107588605185e-07,140.4,BID
675,1712374870.731378,2194644.65952943,138.6,1.0198009661276858e-06,140.4,BID
676,1712374890.3686185,2194644.65952943,138.6,0.0,140.4,BID
677,1712374920.2855842,2194644.65952943,138.6,0.0,140.4,BID
678,1712374934.1439528,2198252.16313643,138.6,-2.0148940303124714e-06,140.4,ASK
679,1712374934.2312212,2198252.16313693,138.6,-2.7933146038619517e-16,140.4,ASK
680,1712374934.3317163,2198252.1631379,138.5,-5.417573854603767e-16,140.4,ASK
681,1712374934.3446586,2211868.7691359,138.5,-7.605264229049684e-06,140.4,ASK
682,1712374934.601408,2221510.29628314,138.3,-5.385068903153092e-06,140.4,ASK
683,1712374950.3095205,2221510.29628314,138.3,-0.0,140.4,ASK
684,1712374980.3387427,2221510.29628314,138.3,-0.0,140.4,ASK
685,1712375010.3708518,2221510.29628314,138.3,-0.0,140.4,ASK
686,1712375040.2789404,2221510.29628314,138.3,-0.0,140.4,ASK
687,1712375070.2939494,2221510.29628314,138.3,-0.0,140.4,ASK
688,1712375100.3211608,2221510.29628314,138.3,-0.0,140.4,ASK
689,1712375130.281643,2221510.29628314,138.3,-0.0,140.4,ASK
690,1712375160.3500142,2221510.29628314,138.3,-0.0,140.4,ASK
691,1712375190.3813822,2221510.29628314,138.3,-0.0,140.4,ASK
692,1712375206.3474212,2229980.61799314,138.3,-4.721146590413726e-06,140.4,ASK
693,1712375220.3686872,2229980.61799314,138.3,-0.0,140.4,ASK
694,1712375221.838079,2230649.35917669,138.3,-3.72496482455994e-07,140.4,ASK
695,1712375250.263479,2230649.35917669,138.3,-0.0,140.4,ASK
696,1712375280.3524303,2230649.35917669,138.3,-0.0,140.4,ASK
697,1712375310.3847969,2230649.35917669,138.3,-0.0,140.4,ASK
698,1712375340.3014138,2230649.35917669,138.3,-0.0,140.4,ASK
699,1712375370.2836497,2230649.35917669,138.3,-0.0,140.4,ASK
700,1712375375.620147,2234264.68817163,138.3,-2.013675833670865e-06,140.4,ASK
701,1712375375.8602903,2235366.80763023,138.3,-6.138615110017574e-07,140.4,ASK
702,1712375375.866112,2235402.97899682,138.3,-2.014682671322529e-08,140.4,ASK
703,1712375400.3166935,2235402.97899682,138.3,-0.0,140.4,ASK
704,1712375430.307171,2235402.97899682,138.3,-0.0,140.4,ASK
705,1712375460.364221,2235402.97899682,138.3,-0.0,140.4,ASK
706,1712375470.9209096,2236791.26533087,138.3,-7.736953725299818e-07,140.4,ASK
707,1712375470.9257133,2238217.18190657,138.0,-7.946667983212372e-07,140.4,ASK
708,1712375490.3549745,2238217.18190657,138.0,-0.0,140.4,ASK
709,1712375520.3162448,2238217.18190657,138.0,-0.0,140.4,ASK
710,1712375550.3127062,2238217.18190657,138.0,-0.0,140.4,ASK
711,1712375580.3719058,2238217.18190657,138.0,-0.0,140.4,ASK
712,1712375610.38308,2238217.18190657,138.0,-0.0,140.4,ASK
713,1712375619.2623272,2244037.64214246,138.0,-3.2430540782697927e-06,140.4,ASK
714,1712375619.2684836,2251284.01895405,138.0,-4.037548736541076e-06,140.4,ASK
715,1712375619.3622923,2253999.5207902,138.0,1.5130279990530903e-06,140.4,BID
716,1712375619.4625194,2257258.12299358,138.0,1.815633598863345e-06,140.4,BID
717,1712375619.562195,2258396.41381927,138.0,6.342348465416563e-07,140.4,BID
718,1712375619.6423595,2259973.62482973,138.0,8.787931525111745e-07,140.4,BID
719,1712375640.3290308,2259973.62482973,138.0,0.0,140.4,BID
720,1712375670.31206,2259973.62482973,138.0,0.0,140.4,BID
721,1712375700.309653,2259973.62482973,138.0,0.0,140.4,BID
722,1712375730.3214445,2259973.62482973,138.0,0.0,140.4,BID
723,1712375760.3955913,2259973.62482973,138.0,0.0,140.4,BID
724,1712375790.3482225,2259973.62482973,138.0,0.0,140.4,BID
725,1712375820.2936013,2259973.62482973,138.0,0.0,140.4,BID
726,1712375850.3325157,2259973.62482973,138.0,0.0,140.4,BID
727,1712375853.7041934,2260185.17628801,138.0,-1.1787902029905789e-07,140.4,ASK
728,1712375880.403567,2260185.17628801,138.0,-0.0,140.4,ASK
729,1712375910.3785884,2260185.17628801,138.0,-0.0,140.4,ASK
730,1712375940.3059638,2260185.17628801,138.0,-0.0,140.4,ASK
731,1712375959.4544144,2260191.76526825,138.8,3.6713994179126352e-09,140.4,BID
732,1712375959.4574304,2260269.96659084,138.7,4.357400990550624e-08,140.4,BID
733,1712375970.2878847,2260269.96659084,138.7,0.0,140.4,BID
734,1712376000.379124,2260269.96659084,138.7,0.0,140.4,BID
735,1712376030.3527155,2260269.96659084,138.7,0.0,140.4,BID
736,1712376060.3669567,2260269.96659084,138.7,0.0,140.4,BID
737,1712376090.438692,2260269.96659084,138.7,0.0,140.4,BID
738,1712376120.2708042,2260269.96659084,138.7,0.0,140.4,BID
739,1712376150.3256254,2260269.96659084,138.7,0.0,140.4,BID
740,1712376180.3847127,2260269.96659084,138.7,0.0,140.4,BID
741,1712376210.3525743,2260269.96659084,138.7,0.0,140.4,BID
742,1712376211.006536,2260826.24633128,138.7,3.100484856207115e-07,140.4,BID
743,1712376240.3434863,2260826.24633128,138.7,0.0,140.4,BID
744,1712376270.308092,2260826.24633128,138.7,0.0,140.4,BID
745,1712376300.3690364,2260826.24633128,138.7,0.0,140.4,BID
746,1712376330.3949664,2260826.24633128,138.7,0.0,140.4,BID
747,1712376338.8662448,2260863.24633128,138.5,-2.063240102185404e-08,140.4,ASK
748,1712376360.2820177,2260863.24633128,138.5,-0.0,140.4,ASK
749,1712376390.2862248,2260863.24633128,138.5,-0.0,140.4,ASK
750,1712376420.360814,2260863.24633128,138.5,-0.0,140.4,ASK
751,1712376450.402506,2260863.24633128,138.5,-0.0,140.4,ASK
752,1712376480.30496,2260863.24633128,138.5,-0.0,140.4,ASK
753,1712376510.2940867,2260863.24633128,138.5,-0.0,140.4,ASK
754,1712376540.3736613,2260863.24633128,138.5,-0.0,140.4,ASK
755,1712376555.4270194,2260923.1741812,138.6,3.3417618882632444e-08,140.4,BID
756,1712376568.1167672,2260995.32425335,138.6,4.02331072561336e-08,140.4,BID
757,1712376570.376509,2260995.32425335,138.6,0.0,140.4,BID
758,1712376600.335689,2260995.32425335,138.6,0.0,140.4,BID
759,1712376630.304709,2260995.32425335,138.6,0.0,140.4,BID
760,1712376660.3743768,2260995.32425335,138.6,0.0,140.4,BID
761,1712376690.3518713,2260995.32425335,138.6,0.0,140.4,BID
762,1712376720.34581,2260995.32425335,138.6,0.0,140.4,BID
763,1712376750.3030066,2260995.32425335,138.6,0.0,140.4,BID
764,1712376780.3644688,2260995.32425335,138.6,0.0,140.4,BID
765,1712376810.3960855,2260995.32425335,138.6,0.0,140.4,BID
766,1712376840.2864804,2260995.32425335,138.6,0.0,140.4,BID
767,1712376870.3039978,2260995.32425335,138.6,0.0,140.4,BID
768,1712376900.382517,2260995.32425335,138.6,0.0,140.4,BID
769,1712376930.2988052,2260995.32425335,138.6,0.0,140.4,BID
770,1712376960.399448,2260995.32425335,138.6,0.0,140.4,BID
771,1712376990.3517177,2260995.32425335,138.6,0.0,140.4,BID
772,1712377015.046376,2268030.14960666,138.0,-3.941161295970948e-06,140.4,ASK
773,1712377015.0562792,2268106.18146763,138.1,-4.25957735502932e-08,140.4,ASK
774,1712377015.0610654,2268428.03955037,138.0,-1.80316433569152e-07,140.4,ASK
775,1712377020.281988,2268428.03955037,138.0,-0.0,140.4,ASK
776,1712377048.848457,2270168.08985788,138.0,-9.742786811439537e-07,140.4,ASK
777,1712377050.2803297,2270168.08985788,138.0,-0.0,140.4,ASK
778,1712377069.265165,2270240.34419314,138.4,4.045078161087557e-08,140.4,BID
779,1712377080.4080882,2270240.34419314,138.4,0.0,140.4,BID
780,1712377110.4116569,2270240.34419314,138.4,0.0,140.4,BID
781,1712377140.2845583,2270240.34419314,138.4,0.0,140.4,BID
782,1712377170.2937355,2270240.34419314,138.4,0.0,140.4,BID
783,1712377200.315574,2270240.34419314,138.4,0.0,140.4,BID
784,1712377212.5926502,2279208.6484345,138.0,-5.053549642849588e-06,140.4,ASK
785,1712377230.293389,2279208.6484345,138.0,-0.0,140.4,ASK
786,1712377237.4215598,2279247.85014512,138.0,-2.2074376971972068e-08,140.4,ASK
787,1712377260.3561234,2279247.85014512,138.0,-0.0,140.4,ASK
788,1712377290.3552525,2279247.85014512,138.0,-0.0,140.4,ASK
789,1712377320.3202562,2279247.85014512,138.0,-0.0,140.4,ASK
790,1712377350.4900744,2279247.85014512,138.0,-0.0,140.4,ASK
791,1712377380.36634,2279247.85014512,138.0,-0.0,140.4,ASK
792,1712377410.349927,2279247.85014512,138.0,-0.0,140.4,ASK
793,1712377440.2873166,2279247.85014512,138.0,-0.0,140.4,ASK
794,1712377470.262742,2279247.85014512,138.0,-0.0,140.4,ASK
795,1712377486.9483016,2279358.85014512,138.0,-6.250360867001583e-08,140.4,ASK
796,1712377488.9185865,2282768.75658452,138.0,-1.9201032224289448e-06,140.4,ASK
797,1712377500.344722,2282768.75658452,138.0,-0.0,140.4,ASK
798,1712377530.3723357,2282768.75658452,138.0,-0.0,140.4,ASK
799,1712377560.4112651,2282768.75658452,138.0,-0.0,140.4,ASK
800,1712377590.2728486,2282768.75658452,138.0,-0.0,140.4,ASK
801,1712377620.3936913,2282768.75658452,138.0,-0.0,140.4,ASK
802,1712377650.359637,2282768.75658452,138.0,-0.0,140.4,ASK
803,1712377662.9666798,2284220.13539439,137.8,-8.178916910071942e-07,140.4,ASK
804,1712377680.2780435,2284220.13539439,137.8,-0.0,140.4,ASK
805,1712377697.496078,2286564.21242836,137.8,-1.3208027162960247e-06,140.4,ASK
806,1712377710.3185356,2286564.21242836,137.8,-0.0,140.4,ASK
807,1712377740.3406987,2286564.21242836,137.8,-0.0,140.4,ASK
808,1712377770.5854902,2286564.21242836,137.8,-0.0,140.4,ASK
809,1712377800.3462374,2286564.21242836,137.8,-0.0,140.4,ASK
810,1712377830.3084118,2286564.21242836,137.8,-0.0,140.4,ASK
811,1712377860.3758495,2286564.21242836,137.8,-0.0,140.4,ASK
812,1712377890.373804,2286564.21242836,137.8,-0.0,140.4,ASK
813,1712377920.2899854,2286564.21242836,137.8,-0.0,140.4,ASK
814,1712377950.3318691,2286564.21242836,137.8,-0.0,140.4,ASK
815,1712377980.3991244,2286564.21242836,137.8,-0.0,140.4,ASK
816,1712378010.3704612,2286564.21242836,137.8,-0.0,140.4,ASK
817,1712378040.2806735,2286564.21242836,137.8,-0.0,140.4,ASK
818,1712378070.3105805,2286564.21242836,137.8,-0.0,140.4,ASK
819,1712378100.3561692,2286564.21242836,137.8,-0.0,140.4,ASK
820,1712378113.9338205,2287652.74653577,137.9,-6.164776923603409e-07,140.4,ASK
821,1712378130.3888266,2287652.74653577,137.9,-0.0,140.4,ASK
822,1712378131.0631723,2290807.28323621,137.8,-1.7863805854790009e-06,140.4,ASK
823,1712378131.0690546,2291177.94057187,137.9,-2.098993073045777e-07,140.4,ASK
824,1712378160.2631326,2291177.94057187,137.9,-0.0,140.4,ASK
825,1712378190.27409,2291177.94057187,137.9,-0.0,140.4,ASK
826,1712378220.323291,2291177.94057187,137.9,-0.0,140.4,ASK
827,1712378250.3127964,2291177.94057187,137.9,-0.0,140.4,ASK
828,1712378280.3603387,2291177.94057187,137.9,-0.0,140.4,ASK
829,1712378310.3748782,2291177.94057187,137.9,-0.0,140.4,ASK
830,1712378340.284678,2291177.94057187,137.9,-0.0,140.4,ASK
831,1712378370.319528,2291177.94057187,137.9,-0.0,140.4,ASK
832,1712378400.2842052,2291177.94057187,137.9,-0.0,140.4,ASK
833,1712378430.2854064,2291177.94057187,137.9,-0.0,140.4,ASK
834,1712378460.3646584,2291177.94057187,137.9,-0.0,140.4,ASK
1035,1712378490.104637,2291250.50951236,137.8,-4.1149290013031734e-08,140.4,ASK
835,1712378490.104637,2291250.50951236,137.8,-4.114929001303173e-08,140.4,ASK
836,1712378490.1078146,2291557.41101742,137.8,-1.7402457513995098e-07,140.4,ASK
837,1712378490.1126306,2297073.28878245,137.8,-3.127707973921395e-06,140.4,ASK
838,1712378490.3759322,2297073.28878245,137.8,-0.0,140.4,ASK
839,1712378520.322464,2297073.28878245,137.8,-0.0,140.4,ASK
840,1712378527.9512105,2297146.01605517,137.5,-4.122008228550604e-08,140.4,ASK
841,1712378527.9581995,2297246.01605517,137.5,-5.6677613148179215e-08,140.4,ASK
842,1712378527.9721577,2297521.91060061,137.5,-1.5637044316146537e-07,140.4,ASK
843,1712378543.0338154,2299521.91060061,137.4,-1.133552262963584e-06,140.4,ASK
844,1712378543.0409887,2299885.81161953,137.4,-2.062504117456971e-07,140.4,ASK
845,1712378543.1310136,2299885.81162048,137.4,5.384084341222681e-16,140.4,BID
846,1712378543.1408942,2302589.16654748,137.4,1.5321970475473727e-06,140.4,BID
847,1712378550.2788603,2302589.16654748,137.4,0.0,140.4,BID
848,1712378580.3991892,2302589.16654748,137.4,0.0,140.4,BID
849,1712378610.334403,2302589.16654748,137.4,0.0,140.4,BID
850,1712378640.3099396,2302589.16654748,137.4,0.0,140.4,BID
851,1712378670.2776215,2302589.16654748,137.4,0.0,140.4,BID
852,1712378700.414138,2302589.16654748,137.4,0.0,140.4,BID
853,1712378730.2822957,2302589.16654748,137.4,0.0,140.4,BID
854,1712378760.3546803,2302589.16654748,137.4,0.0,140.4,BID
855,1712378790.3461523,2302589.16654748,137.4,0.0,140.4,BID
856,1712378820.2792292,2302589.16654748,137.4,0.0,140.4,BID
857,1712378850.3231914,2302589.16654748,137.4,0.0,140.4,BID
858,1712378880.3641338,2302589.16654748,137.4,0.0,140.4,BID
859,1712378910.4728978,2302589.16654748,137.4,0.0,140.4,BID
860,1712378940.2873118,2302589.16654748,137.4,0.0,140.4,BID
861,1712378970.3277452,2302589.16654748,137.4,0.0,140.4,BID
862,1712379000.3137715,2302589.16654748,137.4,0.0,140.4,BID
863,1712379030.282778,2302589.16654748,137.4,0.0,140.4,BID
864,1712379060.3662543,2302589.16654748,137.4,0.0,140.4,BID
865,1712379090.33775,2302589.16654748,137.4,0.0,140.4,BID
866,1712379120.3157616,2302589.16654748,137.4,0.0,140.4,BID
867,1712379150.2897,2302589.16654748,137.4,0.0,140.4,BID
868,1712379180.3475058,2302589.16654748,137.4,0.0,140.4,BID
869,1712379210.372256,2302589.16654748,137.4,0.0,140.4,BID
870,1712379240.2773716,2302589.16654748,137.4,0.0,140.4,BID
871,1712379270.3248072,2302589.16654748,137.4,0.0,140.4,BID
872,1712379278.89565,2304849.51710496,137.5,-1.285168667695147e-06,140.4,ASK
873,1712379300.347183,2304849.51710496,137.5,-0.0,140.4,ASK
874,1712379330.379748,2304849.51710496,137.5,-0.0,140.4,ASK
875,1712379360.2883272,2304849.51710496,137.5,-0.0,140.4,ASK
876,1712379390.2825463,2304849.51710496,137.5,-0.0,140.4,ASK
877,1712379420.3931465,2304849.51710496,137.5,-0.0,140.4,ASK
878,1712379440.9021566,2304889.51710496,137.7,2.2781892867819226e-08,140.4,BID
879,1712379450.3677585,2304889.51710496,137.7,0.0,140.4,BID
880,1712379480.327558,2304889.51710496,137.7,0.0,140.4,BID
881,1712379510.3235724,2304889.51710496,137.7,0.0,140.4,BID
882,1712379538.3398774,2305207.10459045,137.5,-1.80880534330484e-07,140.4,ASK
883,1712379540.3940756,2305207.10459045,137.5,-0.0,140.4,ASK
884,1712379570.3602643,2305207.10459045,137.5,-0.0,140.4,ASK
885,1712379591.1512537,2305605.48291111,137.5,-2.2688895079820525e-07,140.4,ASK
886,1712379591.1586046,2308033.23012209,137.5,-1.3826781954147748e-06,140.4,ASK
887,1712379600.3582883,2308033.23012209,137.5,-0.0,140.4,ASK
888,1712379630.2913797,2308033.23012209,137.5,-0.0,140.4,ASK
889,1712379660.369884,2308033.23012209,137.5,-0.0,140.4,ASK
890,1712379690.3837817,2308033.23012209,137.5,-0.0,140.4,ASK
891,1712379718.041829,2308073.23012209,137.4,-2.2792228412781204e-08,140.4,ASK
892,1712379720.3282564,2308073.23012209,137.4,-0.0,140.4,ASK
893,1712379743.082272,2309493.10785134,137.4,-8.090519044130817e-07,140.4,ASK
894,1712379743.0882723,2319102.2534992,137.4,-5.475328914617011e-06,140.4,ASK
895,1712379750.340037,2319102.2534992,137.4,-0.0,140.4,ASK
896,1712379780.3835242,2319102.2534992,137.4,-0.0,140.4,ASK
897,1712379810.3615673,2319102.2534992,137.4,-0.0,140.4,ASK
898,1712379840.2750192,2319102.2534992,137.4,-0.0,140.4,ASK
899,1712379870.287818,2319102.2534992,137.4,-0.0,140.4,ASK
900,1712379900.3556757,2319102.2534992,137.4,-0.0,140.4,ASK
901,1712379930.497166,2319102.2534992,137.4,-0.0,140.4,ASK
902,1712379960.291221,2319102.2534992,137.4,-0.0,140.4,ASK
903,1712379990.303705,2319102.2534992,137.4,-0.0,140.4,ASK
904,1712380020.3518302,2319102.2534992,137.4,-0.0,140.4,ASK
905,1712380044.0940304,2321928.37903084,137.6,1.6089481382282388e-06,140.4,BID
906,1712380050.2921324,2321928.37903084,137.6,0.0,140.4,BID
907,1712380080.374508,2321928.37903084,137.6,0.0,140.4,BID
908,1712380099.2944927,2322888.37903084,137.7,5.464188735854527e-07,140.4,BID
909,1712380110.360113,2322888.37903084,137.7,0.0,140.4,BID
910,1712380126.1544106,2323311.76558194,137.7,-2.4096770491129506e-07,140.4,ASK
911,1712380140.2789698,2323311.76558194,137.7,-0.0,140.4,ASK
912,1712380170.302715,2323311.76558194,137.7,-0.0,140.4,ASK
913,1712380200.3151517,2323311.76558194,137.7,-0.0,140.4,ASK
914,1712380230.2865767,2323311.76558194,137.7,-0.0,140.4,ASK
915,1712380260.364404,2323311.76558194,137.7,-0.0,140.4,ASK
916,1712380290.382666,2323311.76558194,137.7,-0.0,140.4,ASK
917,1712380320.3016634,2323311.76558194,137.7,-0.0,140.4,ASK
918,1712380346.4154117,2323313.64860237,137.7,-1.0843817452586155e-09,140.4,ASK
919,1712380346.4208949,2324598.4106283,137.7,-7.398605269886263e-07,140.4,ASK
920,1712380350.3279274,2324598.4106283,137.7,-0.0,140.4,ASK
921,1712380380.5715344,2324598.4106283,137.7,-0.0,140.4,ASK
922,1712380410.4321072,2324598.4106283,137.7,-0.0,140.4,ASK
923,1712380440.2987485,2324598.4106283,137.7,-0.0,140.4,ASK
924,1712380469.665658,2325164.44836415,137.8,3.2593293170192985e-07,140.4,BID
925,1712380470.3051913,2325164.44836415,137.8,0.0,140.4,BID
926,1712380500.3272614,2325164.44836415,137.8,0.0,140.4,BID
927,1712380530.4350653,2325164.44836415,137.8,0.0,140.4,BID
928,1712380539.3355303,2326370.98304815,137.9,7.069169634076387e-07,140.4,BID
929,1712380539.775705,2332720.25904385,137.9,3.7200844420292687e-06,140.4,BID
930,1712380539.7792227,2342431.98759515,137.9,5.690168503207073e-06,140.4,BID
931,1712380539.995293,2342431.98759591,137.9,4.455381645752152e-16,140.4,BID
932,1712380560.3686934,2342431.98759591,137.9,0.0,140.4,BID
933,1712380590.3771734,2342431.98759591,137.9,0.0,140.4,BID
934,1712380620.2846713,2342431.98759591,137.9,0.0,140.4,BID
935,1712380650.314929,2342431.98759591,137.9,0.0,140.4,BID
936,1712380663.4758575,2343956.76690625,138.3,8.921340094937619e-07,140.4,BID
937,1712380663.5558405,2345612.73374566,138.3,-9.68890596831911e-07,140.4,ASK
938,1712380663.6560848,2346569.70574566,138.3,-5.59915301541417e-07,140.4,ASK
939,1712380663.6647248,2347973.95814566,138.3,-8.216148497413192e-07,140.4,ASK
940,1712380663.715589,2348939.57978679,138.3,-5.64976125078426e-07,140.4,ASK
941,1712380680.3923416,2348939.57978679,138.3,-0.0,140.4,ASK
942,1712380691.1658852,2349137.86788679,138.3,-1.1595543924103177e-07,140.4,ASK
943,1712380691.1727898,2349272.99758679,138.3,-7.902150314618264e-08,140.4,ASK
944,1712380710.4020689,2349272.99758679,138.3,-0.0,140.4,ASK
945,1712380715.8858232,2371354.61955479,138.3,-1.2912601069167276e-05,140.4,ASK
946,1712380716.0658174,2371354.6195554,138.3,-3.567173173712566e-16,140.4,ASK
947,1712380740.2887244,2371354.6195554,138.3,-0.0,140.4,ASK
948,1712380770.3062046,2371354.6195554,138.3,-0.0,140.4,ASK
949,1712380800.3165228,2371354.6195554,138.3,-0.0,140.4,ASK
950,1712380830.2808695,2371354.6195554,138.3,-0.0,140.4,ASK
951,1712380860.3761697,2371354.6195554,138.3,-0.0,140.4,ASK
952,1712380890.39762,2371354.6195554,138.3,-0.0,140.4,ASK
953,1712380909.72672,2371454.6195554,138.2,5.973337788615811e-08,140.4,BID
954,1712380920.3113077,2371454.6195554,138.2,0.0,140.4,BID
955,1712380923.1663868,2374921.03388134,138.2,2.070589275382732e-06,140.4,BID
956,1712380923.2666028,2378767.14274334,138.2,-2.2973917751313063e-06,140.4,ASK
957,1712380923.2868102,2378767.14274387,138.2,-3.165380232128812e-16,140.4,ASK
958,1712380950.3098748,2378767.14274387,138.2,-0.0,140.4,ASK
959,1712380980.3695338,2378767.14274387,138.2,-0.0,140.4,ASK
960,1712381010.3643663,2378767.14274387,138.2,-0.0,140.4,ASK
961,1712381027.1171615,2378839.44932376,138.3,4.316474943937204e-08,140.4,BID
962,1712381040.3127503,2378839.44932376,138.3,0.0,140.4,BID
963,1712381070.270427,2378839.44932376,138.3,0.0,140.4,BID
964,1712381100.389232,2378839.44932376,138.3,0.0,140.4,BID
965,1712381107.3560834,2386067.41885309,138.3,4.34163097815037e-06,140.4,BID
966,1712381130.368508,2386067.41885309,138.3,0.0,140.4,BID
967,1712381160.2923927,2386067.41885309,138.3,0.0,140.4,BID
968,1712381190.3290672,2386067.41885309,138.3,0.0,140.4,BID
969,1712381220.3261237,2386067.41885309,138.3,0.0,140.4,BID
970,1712381250.3057914,2386067.41885309,138.3,0.0,140.4,BID
971,1712381280.3682835,2386067.41885309,138.3,0.0,140.4,BID
972,1712381309.3321352,2394067.41885309,138.3,4.802483577915224e-06,140.4,BID
973,1712381310.3559375,2394067.41885309,138.3,0.0,140.4,BID
974,1712381328.201949,2394422.18001191,138.3,2.128254747500665e-07,140.4,BID
975,1712381340.3351085,2394422.18001191,138.3,0.0,140.4,BID
976,1712381345.49169,2394783.7129114,138.3,2.1688153956943385e-07,140.4,BID
977,1712381370.336764,2394783.7129114,138.3,0.0,140.4,BID
978,1712381388.1610613,2395506.256264,138.3,4.334366657032696e-07,140.4,BID
979,1712381400.3393836,2395506.256264,138.3,0.0,140.4,BID
980,1712381421.450502,2395867.78916349,138.3,2.1887127656436762e-07,140.4,BID
981,1712381430.2570388,2395867.78916349,138.3,0.0,140.4,BID
982,1712381460.382149,2395867.78916349,138.3,0.0,140.4,BID
983,1712381486.589924,2400471.56798763,138.3,2.7870339036879e-06,140.4,BID
984,1712381486.5978255,2401235.55513608,138.3,4.625022543538276e-07,140.4,BID
985,1712381490.3617876,2401235.55513608,138.3,0.0,140.4,BID
986,1712381520.3194647,2401235.55513608,138.3,0.0,140.4,BID
987,1712381540.009175,2401958.09848868,138.4,4.372165348590527e-07,140.4,BID
988,1712381550.2935605,2401958.09848868,138.4,0.0,140.4,BID
989,1712381566.1090972,2409126.19424617,138.4,4.337207376515335e-06,140.4,BID
990,1712381566.11901,2420021.6823037,138.4,6.592544627277841e-06,140.4,BID
991,1712381570.4687974,2430941.00616868,138.4,6.606966984817889e-06,140.4,BID
992,1712381580.4198067,2430941.00616868,138.4,0.0,140.4,BID
993,1712381583.1689334,2431302.016999,138.5,2.179083283580419e-07,140.4,BID
994,1712381594.3926532,2432023.5177205,138.5,4.355022146886772e-07,140.4,BID
995,1712381596.998622,2432745.018442,138.5,4.355022146886772e-07,140.4,BID
996,1712381608.3083963,2433106.02927232,138.5,2.179083283580419e-07,140.4,BID
997,1712381609.500209,2450447.06973474,138.4,-1.04671572755898e-05,140.4,ASK
998,1712381610.380967,2450447.06973474,138.4,-0.0,140.4,ASK
999,1712381613.7884517,2467931.19617982,138.4,1.0536354280947033e-05,140.4,BID
1000,1712381640.27323,2467931.19617982,138.4,0.0,140.4,BID
1201,1712381652.878021,2471931.19617982,138.4,2.406986072375614e-06,140.4,BID
1202,1712381670.2982886,2471931.19617982,138.4,0.0,140.4,BID
1203,1712381700.3861291,2471931.19617982,138.4,0.0,140.4,BID
1204,1712381730.384839,2471931.19617982,138.4,0.0,140.4,BID
1205,1712381760.306446,2471931.19617982,138.4,0.0,140.4,BID
1206,1712381790.3259883,2471931.19617982,138.4,0.0,140.4,BID
1207,1712381820.3598723,2471931.19617982,138.4,0.0,140.4,BID
1208,1712381850.3753934,2471931.19617982,138.4,0.0,140.4,BID
1209,1712381856.8265772,2473266.94973,138.3,-8.05686900288091e-07,140.4,ASK
1210,1712381880.2914474,2473266.94973,138.3,-0.0,140.4,ASK
1211,1712381910.328154,2473266.94973,138.3,-0.0,140.4,ASK
1212,1712381940.350044,2473266.94973,138.3,-0.0,140.4,ASK
1213,1712381970.358102,2473266.94973,138.3,-0.0,140.4,ASK
1214,1712382000.331637,2473266.94973,138.3,-0.0,140.4,ASK
1215,1712382026.5851922,2473339.25630989,138.3,4.362309437603644e-08,140.4,BID
1216,1712382030.2687793,2473339.25630989,138.3,0.0,140.4,BID
1217,1712382060.3612945,2473339.25630989,138.3,0.0,140.4,BID
1218,1712382090.3521512,2473339.25630989,138.3,0.0,140.4,BID
1219,1712382117.7950652,2473411.56288978,138.3,4.3622831195988894e-08,140.4,BID
1220,1712382117.8749886,2474054.42208475,138.3,3.878393665935049e-07,140.4,BID
1221,1712382120.3155773,2474054.42208475,138.3,0.0,140.4,BID
1222,1712382150.308103,2474054.42208475,138.3,0.0,140.4,BID
1223,1712382180.3641534,2474054.42208475,138.3,0.0,140.4,BID
1224,1712382210.3548138,2474054.42208475,138.3,0.0,140.4,BID
1225,1712382240.2915328,2474054.42208475,138.3,0.0,140.4,BID
1226,1712382270.3006608,2474054.42208475,138.3,0.0,140.4,BID
1227,1712382300.3062184,2474054.42208475,138.3,0.0,140.4,BID
1228,1712382330.27409,2474054.42208475,138.3,0.0,140.4,BID
1229,1712382360.3552325,2474054.42208475,138.3,0.0,140.4,BID
1230,1712382390.351743,2474054.42208475,138.3,0.0,140.4,BID
1231,1712382420.302945,2474054.42208475,138.3,0.0,140.4,BID
1232,1712382441.033609,2474147.83310451,138.2,-5.642354393758843e-08,140.4,ASK
1233,1712382450.3195248,2474147.83310451,138.2,-0.0,140.4,ASK
1234,1712382456.013237,2474509.366004,138.3,2.183768941529376e-07,140.4,BID
1235,1712382480.3458078,2474509.366004,138.3,0.0,140.4,BID
1236,1712382497.4833286,2474613.890704,138.3,6.313419892888201e-08,140.4,BID
1237,1712382497.484665,2474786.7844005,138.3,1.0442991013975797e-07,140.4,BID
1238,1712382497.5631456,2476069.05439027,138.4,7.745067779645081e-07,140.4,BID
1239,1712382497.6632044,2480877.5668519,138.4,2.9044004173626866e-06,140.4,BID
1240,1712382497.683174,2485044.94431865,138.4,2.517147028383245e-06,140.4,BID
1241,1712382497.743427,2493729.92827404,138.5,5.2458366752931776e-06,140.4,BID
1242,1712382497.7461505,2493933.80607404,138.4,1.231446881204402e-07,140.4,BID
1243,1712382498.2431424,2494232.97457404,138.4,1.807014379593847e-07,140.4,BID
1244,1712382498.2452972,2494396.18337404,138.5,9.858011404125837e-08,140.4,BID
1245,1712382498.2475286,2494436.85237404,138.5,2.4564574079181843e-08,140.4,BID
1246,1712382510.3429482,2494436.85237404,138.5,0.0,140.4,BID
1247,1712382540.268849,2494436.85237404,138.5,0.0,140.4,BID
1248,1712382570.325482,2494436.85237404,138.5,0.0,140.4,BID
1249,1712382600.3042855,2494436.85237404,138.5,0.0,140.4,BID
1250,1712382630.2878532,2494436.85237404,138.5,0.0,140.4,BID
1251,1712382660.3703864,2494436.85237404,138.5,0.0,140.4,BID
1252,1712382690.3822005,2494436.85237404,138.5,0.0,140.4,BID
1253,1712382720.293054,2494436.85237404,138.5,0.0,140.4,BID
1254,1712382750.2934556,2494436.85237404,138.5,0.0,140.4,BID
1255,1712382780.6002066,2494436.85237404,138.5,0.0,140.4,BID
1256,1712382810.3378522,2494436.85237404,138.5,0.0,140.4,BID
1257,1712382815.661923,2494478.7553278,138.5,2.537208411193058e-08,140.4,BID
1258,1712382840.3076584,2494478.7553278,138.5,0.0,140.4,BID
1259,1712382870.279987,2494478.7553278,138.5,0.0,140.4,BID
1260,1712382900.366516,2494478.7553278,138.5,0.0,140.4,BID
1261,1712382930.3691282,2494478.7553278,138.5,0.0,140.4,BID
1262,1712382949.34146,2495272.1853276,138.5,4.807274825764062e-07,140.4,BID
1263,1712382960.2811005,2495272.1853276,138.5,0.0,140.4,BID
1264,1712382990.2869115,2495272.1853276,138.5,0.0,140.4,BID
1265,1712383020.3755891,2495272.1853276,138.5,0.0,140.4,BID
1266,1712383046.7826638,2495314.17871939,138.4,2.544148005965493e-08,140.4,BID
1267,1712383050.335658,2495314.17871939,138.4,0.0,140.4,BID
1268,1712383062.8423078,2496036.72207199,138.4,4.377476261665878e-07,140.4,BID
1269,1712383080.3109696,2496036.72207199,138.4,0.0,140.4,BID
1270,1712383084.4119196,2496556.94735353,138.4,3.151556033075029e-07,140.4,BID
1271,1712383105.9917598,2497185.30675815,138.4,-3.806639052038239e-07,140.4,ASK
1272,1712383106.1316628,2497218.77228875,138.4,-2.0273619642244363e-08,140.4,ASK
1273,1712383110.3207676,2497218.77228875,138.4,-0.0,140.4,ASK
1274,1712383140.3043118,2497218.77228875,138.4,-0.0,140.4,ASK
1275,1712383157.532756,2505247.32453519,138.5,4.863263236122291e-06,140.4,BID
1276,1712383157.5347383,2505488.66540459,138.4,1.461912610764731e-07,140.4,BID
1277,1712383157.673064,2505982.34650459,138.5,-2.990453409658933e-07,140.4,ASK
1278,1712383164.2830057,2519994.84273728,138.5,-8.488013241111824e-06,140.4,ASK
1279,1712383170.2968972,2519994.84273728,138.5,-0.0,140.4,ASK
1280,1712383200.373051,2519994.84273728,138.5,-0.0,140.4,ASK
1281,1712383202.8340833,2520070.87459825,138.3,-4.605712551635208e-08,140.4,ASK
1282,1712383230.2852845,2520070.87459825,138.3,-0.0,140.4,ASK
1283,1712383260.3599682,2520070.87459825,138.3,-0.0,140.4,ASK
1284,1712383276.815718,2520112.77755201,138.5,2.53830076394982e-08,140.4,BID
1285,1712383290.3572776,2520112.77755201,138.5,0.0,140.4,BID
1286,1712383320.2694037,2520112.77755201,138.5,0.0,140.4,BID
1287,1712383343.2471223,2520430.77177583,138.5,1.9262655044713769e-07,140.4,BID
1288,1712383350.2853594,2520430.77177583,138.5,0.0,140.4,BID
1289,1712383380.385249,2520430.77177583,138.5,0.0,140.4,BID
1290,1712383410.3444088,2520430.77177583,138.5,0.0,140.4,BID
1291,1712383440.3224442,2520430.77177583,138.5,0.0,140.4,BID
1292,1712383470.2792692,2520430.77177583,138.5,0.0,140.4,BID
1293,1712383499.1695518,2520717.15761398,138.4,-1.7347498872093229e-07,140.4,ASK
1294,1712383499.1734369,2522553.99768077,138.3,-1.1126451361101943e-06,140.4,ASK
1295,1712383500.3872075,2522553.99768077,138.3,-0.0,140.4,ASK
1296,1712383507.319393,2522595.90063453,138.5,2.5463381619926765e-08,140.4,BID
1297,1712383530.3629954,2522595.90063453,138.5,0.0,140.4,BID
1298,1712383560.2882347,2522595.90063453,138.5,0.0,140.4,BID
1299,1712383566.2408192,2523365.62383599,138.3,-4.6773997391333227e-07,140.4,ASK
1300,1712383566.3396466,2524426.76023599,138.2,-6.448238939826477e-07,140.4,ASK
1301,1712383566.359727,2525489.28883599,138.2,-6.456698962734741e-07,140.4,ASK
1302,1712383570.8999724,2525860.16603453,138.3,2.253720439258235e-07,140.4,BID
1303,1712383570.9032917,2527414.5643673,138.3,9.445658312514148e-07,140.4,BID
1304,1712383590.2890325,2527414.5643673,138.3,0.0,140.4,BID
1305,1712383620.356952,2527414.5643673,138.3,0.0,140.4,BID
1306,1712383620.880459,2527541.2002673,138.3,7.692207090993477e-08,140.4,BID
1307,1712383620.883001,2527746.93103453,138.3,1.2496643262463848e-07,140.4,BID
1308,1712383620.9804034,2529583.76176426,138.3,-1.1157406678652128e-06,140.4,ASK
1309,1712383650.3566198,2529583.76176426,138.3,-0.0,140.4,ASK
1310,1712383680.3007605,2529583.76176426,138.3,-0.0,140.4,ASK
1311,1712383710.2860172,2529583.76176426,138.3,-0.0,140.4,ASK
1312,1712383727.0819547,2543918.8231361,138.5,8.705917549287923e-06,140.4,BID
1313,1712383740.3480432,2543918.8231361,138.5,0.0,140.4,BID
1314,1712383755.291807,2543960.72608986,138.5,2.5417702208467723e-08,140.4,BID
1315,1712383770.3541396,2543960.72608986,138.5,0.0,140.4,BID
1316,1712383800.332164,2543960.72608986,138.5,0.0,140.4,BID
1317,1712383830.309662,2543960.72608986,138.5,0.0,140.4,BID
1318,1712383836.3421671,2544960.72608986,138.4,6.088555426646539e-07,140.4,BID
1319,1712383843.8324218,2546172.69813851,138.4,-7.379158993752064e-07,140.4,ASK
1320,1712383860.3831422,2546172.69813851,138.4,-0.0,140.4,ASK
1321,1712383890.3696845,2546172.69813851,138.4,-0.0,140.4,ASK
1322,1712383920.279181,2546172.69813851,138.4,-0.0,140.4,ASK
1323,1712383950.302139,2546172.69813851,138.4,-0.0,140.4,ASK
1324,1712383980.3882828,2546172.69813851,138.4,-0.0,140.4,ASK
1325,1712384010.3537712,2546172.69813851,138.4,-0.0,140.4,ASK
1326,1712384040.3381076,2546172.69813851,138.4,-0.0,140.4,ASK
1327,1712384070.3167524,2546172.69813851,138.4,-0.0,140.4,ASK
1328,1712384088.4739935,2546208.83253157,138.4,-2.1996525493411322e-08,140.4,ASK
1329,1712384100.3102503,2546208.83253157,138.4,-0.0,140.4,ASK
1330,1712384130.3048797,2546208.83253157,138.4,-0.0,140.4,ASK
1331,1712384160.3607514,2546208.83253157,138.4,-0.0,140.4,ASK
1332,1712384190.3620098,2546208.83253157,138.4,-0.0,140.4,ASK
1333,1712384220.296056,2546208.83253157,138.4,-0.0,140.4,ASK
1334,1712384250.2938488,2546208.83253157,138.4,-0.0,140.4,ASK
1335,1712384280.3755012,2546208.83253157,138.4,-0.0,140.4,ASK
1336,1712384310.3897026,2546208.83253157,138.4,-0.0,140.4,ASK
1337,1712384340.298475,2546208.83253157,138.4,-0.0,140.4,ASK
1338,1712384370.3022373,2546208.83253157,138.4,-0.0,140.4,ASK
1339,1712384400.338031,2546208.83253157,138.4,-0.0,140.4,ASK
1340,1712384425.4358466,2549771.23817197,138.2,-2.175369645869663e-06,140.4,ASK
1341,1712384430.3062105,2549771.23817197,138.2,-0.0,140.4,ASK
1342,1712384448.6655257,2556503.75188116,138.3,-4.109948651815048e-06,140.4,ASK
1343,1712384456.876605,2562563.01421943,138.3,-3.6989537866330033e-06,140.4,ASK
1344,1712384457.003357,2565482.8547297,138.3,-1.7824537887415023e-06,140.4,ASK
1345,1712384460.330871,2565482.8547297,138.3,-0.0,140.4,ASK
1346,1712384490.311398,2565482.8547297,138.3,-0.0,140.4,ASK
1347,1712384504.6557777,2565542.8547297,138.5,3.657924158298624e-08,140.4,BID
1348,1712384520.4015162,2565542.8547297,138.5,0.0,140.4,BID
1349,1712384550.3556306,2565542.8547297,138.5,0.0,140.4,BID
1350,1712384580.2683809,2565542.8547297,138.5,0.0,140.4,BID
1351,1712384610.3224025,2565542.8547297,138.5,0.0,140.4,BID
1352,1712384640.3631396,2565542.8547297,138.5,0.0,140.4,BID
1353,1712384670.3941312,2565542.8547297,138.5,0.0,140.4,BID
1354,1712384700.284023,2565542.8547297,138.5,0.0,140.4,BID
1355,1712384727.7763107,2565578.95581273,138.5,2.2017047457910656e-08,140.4,BID
1356,1712384730.2956913,2565578.95581273,138.5,0.0,140.4,BID
1357,1712384760.362088,2565578.95581273,138.5,0.0,140.4,BID
1358,1712384790.3477542,2565578.95581273,138.5,0.0,140.4,BID
1359,1712384817.7366278,2566300.97747337,138.4,4.4033960642818186e-07,140.4,BID
1360,1712384820.2804787,2566300.97747337,138.4,0.0,140.4,BID
1361,1712384850.3153815,2566300.97747337,138.4,0.0,140.4,BID
1362,1712384880.3593156,2566300.97747337,138.4,0.0,140.4,BID
1363,1712384910.3271124,2567752.15380308,138.2,-8.849754901766526e-07,140.4,ASK
1364,1712384910.3308833,2572123.39377613,138.2,-2.6657272163491552e-06,140.4,ASK
1365,1712384910.3620715,2572123.39377613,138.2,-0.0,140.4,ASK
1366,1712384910.4115472,2572643.87110913,138.2,-3.172486760438314e-07,140.4,ASK
1367,1712384940.3265653,2572643.87110913,138.2,-0.0,140.4,ASK
1368,1712384970.2959468,2572643.87110913,138.2,-0.0,140.4,ASK
1369,1712385000.3687787,2572643.87110913,138.2,-0.0,140.4,ASK
1370,1712385030.305637,2572643.87110913,138.2,-0.0,140.4,ASK
1371,1712385060.3751626,2572643.87110913,138.2,-0.0,140.4,ASK
1372,1712385090.353568,2572643.87110913,138.2,-0.0,140.4,ASK
1373,1712385120.3107626,2572643.87110913,138.2,-0.0,140.4,ASK
1374,1712385150.3295105,2572643.87110913,138.2,-0.0,140.4,ASK
1375,1712385180.3943484,2572643.87110913,138.2,-0.0,140.4,ASK
1376,1712385210.3703468,2572643.87110913,138.2,-0.0,140.4,ASK
1377,1712385240.294787,2572643.87110913,138.2,-0.0,140.4,ASK
1378,1712385270.3146038,2572643.87110913,138.2,-0.0,140.4,ASK
1379,1712385300.3796332,2572643.87110913,138.2,-0.0,140.4,ASK
1380,1712385330.377501,2572643.87110913,138.2,-0.0,140.4,ASK
1381,1712385360.3141603,2572643.87110913,138.2,-0.0,140.4,ASK
1382,1712385390.2998564,2572643.87110913,138.2,-0.0,140.4,ASK
1383,1712385420.3521838,2572643.87110913,138.2,-0.0,140.4,ASK
1384,1712385450.3900366,2572643.87110913,138.2,-0.0,140.4,ASK
1385,1712385480.3008757,2572643.87110913,138.2,-0.0,140.4,ASK
1386,1712385510.293814,2572643.87110913,138.2,-0.0,140.4,ASK
1387,1712385540.3699925,2572643.87110913,138.2,-0.0,140.4,ASK
1388,1712385570.3571458,2572643.87110913,138.2,-0.0,140.4,ASK
1389,1712385600.3463717,2572643.87110913,138.2,-0.0,140.4,ASK
1390,1712385630.2906055,2572643.87110913,138.2,-0.0,140.4,ASK
1391,1712385660.376698,2572643.87110913,138.2,-0.0,140.4,ASK
1392,1712385690.3434002,2572643.87110913,138.2,-0.0,140.4,ASK
1393,1712385704.4776642,2575069.95047456,138.2,-1.4797088648502972e-06,140.4,ASK
1394,1712385704.4807508,2575169.95047456,138.2,-6.099177487493582e-08,140.4,ASK
1395,1712385704.483714,2583372.48307945,138.2,-5.002870220417968e-06,140.4,ASK
1396,1712385704.5375056,2588911.94723586,138.1,-3.378617507555183e-06,140.4,ASK
1397,1712385704.5977323,2589056.76982818,138.1,-8.832986947581211e-08,140.4,ASK
1398,1712385704.601099,2590758.43528799,138.1,-1.037875966372034e-06,140.4,ASK
1399,1712385704.8977427,2590903.46792033,138.0,-8.84579766118511e-08,140.4,ASK
1400,1712385704.9017851,2594367.65539181,138.0,-2.11286942385088e-06,140.4,ASK
1401,1712385720.3020313,2594367.65539181,138.0,-0.0,140.4,ASK
1402,1712385750.3269784,2594367.65539181,138.0,-0.0,140.4,ASK
1403,1712385780.3494058,2594367.65539181,138.0,-0.0,140.4,ASK
1404,1712385810.3596904,2594367.65539181,138.0,-0.0,140.4,ASK
1405,1712385840.2844627,2594367.65539181,138.0,-0.0,140.4,ASK
1406,1712385841.5261483,2595367.65539181,137.9,-6.088035039268376e-07,140.4,ASK
1407,1712385841.5298882,2599148.30083958,137.8,-2.3016701957075053e-06,140.4,ASK
1408,1712385841.5337195,2599237.82223189,137.9,-5.4500937314760324e-08,140.4,ASK
1409,1712385841.53659,2604512.58292804,137.9,-3.2112927941916225e-06,140.4,ASK
1410,1712385870.3312297,2604512.58292804,137.9,-0.0,140.4,ASK
1411,1712385878.3559768,2666204.66648306,138.2,3.75264037589569e-05,140.4,BID
1412,1712385878.3598824,2667204.66648306,138.0,6.08285562692806e-07,140.4,BID
1413,1712385900.3105872,2667204.66648306,138.0,0.0,140.4,BID
1414,1712385905.4956362,2670937.85220708,138.2,-2.2592230708613774e-06,140.4,ASK
1415,1712385930.2769055,2670937.85220708,138.2,-0.0,140.4,ASK
1416,1712385951.8851836,2685528.17298871,138.2,-8.826911698179504e-06,140.4,ASK
1417,1712385958.9456687,2696405.62041438,138.4,6.580682451400665e-06,140.4,BID
1418,1712385960.3702369,2696405.62041438,138.4,0.0,140.4,BID
1419,1712385972.1251378,2699359.62029305,138.4,1.7833232493987171e-06,140.4,BID
1420,1712385990.3604326,2699359.62029305,138.4,0.0,140.4,BID
1421,1712386020.270762,2699359.62029305,138.4,0.0,140.4,BID
1422,1712386035.4750366,2700397.33120637,138.4,6.263092223480683e-07,140.4,BID
1423,1712386050.2924602,2700397.33120637,138.4,0.0,140.4,BID
1424,1712386080.3723388,2700397.33120637,138.4,0.0,140.4,BID
1425,1712386110.3604178,2700397.33120637,138.4,0.0,140.4,BID
1426,1712386140.2645478,2700397.33120637,138.4,0.0,140.4,BID
1427,1712386168.383886,2700758.34203669,138.4,2.1786878425642217e-07,140.4,BID
1428,1712386168.386274,2714068.89626244,138.4,8.032873319543229e-06,140.4,BID
1429,1712386170.2837553,2714068.89626244,138.4,0.0,140.4,BID
1430,1712386200.309635,2714068.89626244,138.4,0.0,140.4,BID
1431,1712386221.5737014,2714318.89626244,138.5,1.5144781747951617e-07,140.4,BID
1432,1712386221.5766003,2720028.05830902,138.5,3.458560526365782e-06,140.4,BID
1433,1712386230.3604214,2720028.05830902,138.5,0.0,140.4,BID
1434,1712386260.0331347,2727264.04303897,138.6,4.381305786427282e-06,140.4,BID
1435,1712386260.038194,2729818.16780302,138.6,1.5464932591239177e-06,140.4,BID
1436,1712386260.2330315,2729818.16780314,138.6,7.246181054350481e-17,140.4,BID
1437,1712386260.2897646,2729818.16780314,138.6,0.0,140.4,BID
1438,1712386290.260559,2729818.16780314,138.6,0.0,140.4,BID
1439,1712386320.3594265,2729818.16780314,138.6,0.0,140.4,BID
1440,1712386350.3427467,2729818.16780314,138.6,0.0,140.4,BID
1441,1712386376.0524518,2734604.57615367,138.5,-2.8957362589600967e-06,140.4,ASK
1442,1712386380.4488924,2734604.57615367,138.5,-0.0,140.4,ASK
1443,1712386394.372259,2749627.69679124,138.4,-9.085216236191329e-06,140.4,ASK
1444,1712386394.442636,2749627.69679175,138.4,3.083609445157636e-16,140.4,BID
1445,1712386394.4475267,2752233.20757175,138.4,1.575679874581472e-06,140.4,BID
1446,1712386410.2722669,2752233.20757175,138.4,0.0,140.4,BID
1447,1712386440.3575811,2752233.20757175,138.4,0.0,140.4,BID
1448,1712386470.346382,2752233.20757175,138.4,0.0,140.4,BID
1449,1712386500.2889397,2752233.20757175,138.4,0.0,140.4,BID
1450,1712386516.2518065,2752594.47924806,138.4,-2.1826169902608961e-07,140.4,ASK
1451,1712386530.2810686,2752594.47924806,138.4,-0.0,140.4,ASK
1452,1712386539.9915824,2752644.47924806,138.7,3.0206506683825344e-08,140.4,BID
1453,1712386560.3803911,2752644.47924806,138.7,0.0,140.4,BID
1454,1712386590.3497102,2752644.47924806,138.7,0.0,140.4,BID
1455,1712386620.3008225,2752644.47924806,138.7,0.0,140.4,BID
1456,1712386636.731183,2752746.50159845,138.7,6.16345179524932e-08,140.4,BID
1457,1712386650.2753055,2752746.50159845,138.7,0.0,140.4,BID
1458,1712386680.363434,2752746.50159845,138.7,0.0,140.4,BID
1459,1712386710.3654656,2752746.50159845,138.7,0.0,140.4,BID
1460,1712386740.256139,2752746.50159845,138.7,0.0,140.4,BID
1461,1712386752.630868,2752938.44668427,138.4,-1.1595833323315125e-07,140.4,ASK
1462,1712386770.303175,2752938.44668427,138.4,-0.0,140.4,ASK
1463,1712386800.320429,2752938.44668427,138.4,-0.0,140.4,ASK
1464,1712386830.3002317,2752938.44668427,138.4,-0.0,140.4,ASK
1465,1712386860.3491657,2752938.44668427,138.4,-0.0,140.4,ASK
1466,1712386890.3862836,2752938.44668427,138.4,-0.0,140.4,ASK
1467,1712386920.2668345,2752938.44668427,138.4,-0.0,140.4,ASK
1468,1712386950.3481257,2752938.44668427,138.4,-0.0,140.4,ASK
1469,1712386980.341992,2752938.44668427,138.4,-0.0,140.4,ASK
1470,1712387010.3371463,2752938.44668427,138.4,-0.0,140.4,ASK
1471,1712387040.2889483,2752938.44668427,138.4,-0.0,140.4,ASK
1472,1712387070.281697,2752938.44668427,138.4,-0.0,140.4,ASK
1473,1712387100.3345976,2752938.44668427,138.4,-0.0,140.4,ASK
1474,1712387103.359434,2754110.55926005,138.7,7.132786818343826e-07,140.4,BID
1475,1712387103.364201,2754420.44668427,138.7,1.8857923550380854e-07,140.4,BID
1476,1712387130.404195,2754420.44668427,138.7,0.0,140.4,BID
1477,1712387160.273242,2754420.44668427,138.7,0.0,140.4,BID
1478,1712387190.2917864,2754420.44668427,138.7,0.0,140.4,BID
1479,1712387220.3801377,2754420.44668427,138.7,0.0,140.4,BID
1480,1712387250.3159225,2754420.44668427,138.7,0.0,140.4,BID
1481,1712387280.2834592,2754420.44668427,138.7,0.0,140.4,BID
1482,1712387310.267499,2754420.44668427,138.7,0.0,140.4,BID
1483,1712387340.3475173,2754420.44668427,138.7,0.0,140.4,BID
1484,1712387370.3304808,2754420.44668427,138.7,0.0,140.4,BID
1485,1712387400.287472,2754420.44668427,138.7,0.0,140.4,BID
1486,1712387402.3207967,2757828.71356205,138.4,-2.075586824620391e-06,140.4,ASK
1487,1712387402.3236833,2758275.49679992,138.4,-2.720847384430669e-07,140.4,ASK
1488,1712387430.2721505,2758275.49679992,138.4,-0.0,140.4,ASK
1489,1712387460.358606,2758275.49679992,138.4,-0.0,140.4,ASK
1490,1712387488.770961,2758375.49679992,138.4,-6.087881973710266e-08,140.4,ASK
1491,1712387490.3409982,2758375.49679992,138.4,-0.0,140.4,ASK
1492,1712387520.255231,2758375.49679992,138.4,-0.0,140.4,ASK
1493,1712387524.9314113,2758447.59485327,138.7,4.389207411437488e-08,140.4,BID
1494,1712387550.287645,2758447.59485327,138.7,0.0,140.4,BID
1495,1712387552.8115864,2758519.69290662,138.7,4.389180690876968e-08,140.4,BID
1496,1712387580.3313088,2758519.69290662,138.7,0.0,140.4,BID
1497,1712387608.1518764,2758995.03320943,138.7,2.8937560454510456e-07,140.4,BID
1498,1712387610.3560417,2758995.03320943,138.7,0.0,140.4,BID
1499,1712387613.761593,2763270.71800582,138.7,2.6028283475300164e-06,140.4,BID
1500,1712387640.280704,2763270.71800582,138.7,0.0,140.4,BID
1501,1712387670.292054,2763270.71800582,138.7,0.0,140.4,BID
1502,1712387699.8319144,2767596.60120697,138.7,2.632436345924979e-06,140.4,BID
1503,1712387700.343964,2767596.60120697,138.7,0.0,140.4,BID
1504,1712387730.275954,2767596.60120697,138.7,0.0,140.4,BID
1505,1712387760.3679936,2767596.60120697,138.7,0.0,140.4,BID
1506,1712387790.348502,2767596.60120697,138.7,0.0,140.4,BID
1507,1712387820.2964242,2767596.60120697,138.7,0.0,140.4,BID
1508,1712387850.2900465,2767596.60120697,138.7,0.0,140.4,BID
1509,1712387850.292149,2772643.46494164,138.7,3.084841902012545e-06,140.4,BID
1510,1712387880.3453195,2772643.46494164,138.7,0.0,140.4,BID
1511,1712387910.3424222,2772643.46494164,138.7,0.0,140.4,BID
1512,1712387915.8923223,2772715.56299499,138.6,4.4050322322885926e-08,140.4,BID
1513,1712387940.2576373,2772715.56299499,138.6,0.0,140.4,BID
1514,1712387956.5524542,2772768.98403668,138.6,3.2638880368478245e-08,140.4,BID
1515,1712387970.2658782,2772768.98403668,138.6,0.0,140.4,BID
1516,1712388000.2994435,2772768.98403668,138.6,0.0,140.4,BID
1517,1712388030.276388,2772768.98403668,138.6,0.0,140.4,BID
1518,1712388060.339965,2772768.98403668,138.6,0.0,140.4,BID
1519,1712388090.3334558,2772768.98403668,138.6,0.0,140.4,BID
1520,1712388120.2815783,2772768.98403668,138.6,0.0,140.4,BID
1521,1712388150.278955,2772768.98403668,138.6,0.0,140.4,BID
1522,1712388180.37124,2772768.98403668,138.6,0.0,140.4,BID
1523,1712388210.3440132,2772768.98403668,138.6,0.0,140.4,BID
1524,1712388240.283853,2772768.98403668,138.6,0.0,140.4,BID
1525,1712388270.27138,2772768.98403668,138.6,0.0,140.4,BID
1526,1712388300.342226,2772768.98403668,138.6,0.0,140.4,BID
1527,1712388330.3423204,2772768.98403668,138.6,0.0,140.4,BID
1528,1712388360.2773829,2772768.98403668,138.6,0.0,140.4,BID
1529,1712388390.283594,2772768.98403668,138.6,0.0,140.4,BID
1530,1712388420.3382442,2772768.98403668,138.6,0.0,140.4,BID
1531,1712388450.3512654,2772768.98403668,138.6,0.0,140.4,BID
1532,1712388480.2682855,2772768.98403668,138.6,0.0,140.4,BID
1533,1712388510.2782712,2772768.98403668,138.6,0.0,140.4,BID
1534,1712388540.3502002,2772768.98403668,138.6,0.0,140.4,BID
1535,1712388554.083106,2773643.46494164,138.6,5.349663103778872e-07,140.4,BID
1536,1712388554.0940454,2776507.822806,138.6,1.752279494734583e-06,140.4,BID
1537,1712388554.096528,2781601.8025889,138.6,3.1162573752506915e-06,140.4,BID
1538,1712388570.3330784,2781601.8025889,138.6,0.0,140.4,BID
1539,1712388572.0522785,2790237.38386098,138.7,5.278889189090162e-06,140.4,BID
1540,1712388572.1521733,2792083.87191299,138.7,1.1287492420521486e-06,140.4,BID
1541,1712388600.442135,2792083.87191299,138.7,0.0,140.4,BID
1542,1712388630.3621628,2792083.87191299,138.7,0.0,140.4,BID
1543,1712388660.269198,2792083.87191299,138.7,0.0,140.4,BID
1544,1712388690.2885668,2792083.87191299,138.7,0.0,140.4,BID
1545,1712388720.3479638,2792083.87191299,138.7,0.0,140.4,BID
1546,1712388750.3505611,2792083.87191299,138.7,0.0,140.4,BID
1547,1712388780.2814326,2792083.87191299,138.7,0.0,140.4,BID
1548,1712388810.276322,2792083.87191299,138.7,0.0,140.4,BID
1549,1712388823.2524903,2792233.87191299,138.5,-9.17906528562958e-08,140.4,ASK
1550,1712388823.258387,2796242.68016489,138.5,-2.453140844117176e-06,140.4,ASK
1551,1712388840.3637753,2796242.68016489,138.5,-0.0,140.4,ASK
1552,1712388870.3743122,2796242.68016489,138.5,-0.0,140.4,ASK
1553,1712388900.2727294,2796242.68016489,138.5,-0.0,140.4,ASK
1554,1712388930.2541502,2796242.68016489,138.5,-0.0,140.4,ASK
1555,1712388960.3289578,2796242.68016489,138.5,-0.0,140.4,ASK
1556,1712388990.2651758,2796242.68016489,138.5,-0.0,140.4,ASK
1557,1712389020.3766043,2796242.68016489,138.5,-0.0,140.4,ASK
1558,1712389050.3455648,2796242.68016489,138.5,-0.0,140.4,ASK
1559,1712389080.287703,2796242.68016489,138.5,-0.0,140.4,ASK
1560,1712389110.2898097,2796242.68016489,138.5,-0.0,140.4,ASK
1561,1712389140.3595643,2796242.68016489,138.5,-0.0,140.4,ASK
1562,1712389170.3700595,2796242.68016489,138.5,-0.0,140.4,ASK
1563,1712389180.4523132,2796603.69099521,138.5,-2.2086023634727005e-07,140.4,ASK
1564,1712389180.4573064,2803155.97764711,138.5,-4.00857663264881e-06,140.4,ASK
1565,1712389200.328176,2803155.97764711,138.5,-0.0,140.4,ASK
1566,1712389205.2915046,2803991.65171814,138.4,-5.119233823341699e-07,140.4,ASK
1567,1712389224.9915335,2804714.19507075,138.4,-4.426209329376046e-07,140.4,ASK
1568,1712389230.2715812,2804714.19507075,138.4,-0.0,140.4,ASK
1569,1712389260.3332253,2804714.19507075,138.4,-0.0,140.4,ASK
1570,1712389269.085954,2805021.6919832,138.4,-1.883438433389657e-07,140.4,ASK
1571,1712389269.088626,2806155.36073952,138.4,-6.94379429495012e-07,140.4,ASK
1572,1712389290.376139,2806155.36073952,138.4,-0.0,140.4,ASK
1573,1712389320.2646115,2806155.36073952,138.4,-0.0,140.4,ASK
1574,1712389350.289205,2806155.36073952,138.4,-0.0,140.4,ASK
1575,1712389380.38055,2806155.36073952,138.4,-0.0,140.4,ASK
1576,1712389410.3382883,2806155.36073952,138.4,-0.0,140.4,ASK
1577,1712389440.3140135,2806155.36073952,138.4,-0.0,140.4,ASK
1578,1712389470.2954748,2806155.36073952,138.4,-0.0,140.4,ASK
1579,1712389500.3315516,2806155.36073952,138.4,-0.0,140.4,ASK
1580,1712389500.806567,2806516.63241583,138.4,-2.2156403579909642e-07,140.4,ASK
1581,1712389530.315733,2806516.63241583,138.4,-0.0,140.4,ASK
1582,1712389560.3492198,2806516.63241583,138.4,-0.0,140.4,ASK
1583,1712389590.373744,2806516.63241583,138.4,-0.0,140.4,ASK
1584,1712389620.2860184,2806516.63241583,138.4,-0.0,140.4,ASK
1585,1712389650.2900903,2806516.63241583,138.4,-0.0,140.4,ASK
1586,1712389680.3410342,2806516.63241583,138.4,-0.0,140.4,ASK
1587,1712389710.3632612,2806516.63241583,138.4,-0.0,140.4,ASK
1588,1712389740.284057,2806516.63241583,138.4,-0.0,140.4,ASK
1589,1712389770.2859018,2806516.63241583,138.4,-0.0,140.4,ASK
1590,1712389800.3026135,2806516.63241583,138.4,-0.0,140.4,ASK
1591,1712389830.2744176,2806516.63241583,138.4,-0.0,140.4,ASK
1592,1712389860.366437,2806516.63241583,138.4,-0.0,140.4,ASK
1593,1712389890.5021305,2806516.63241583,138.4,-0.0,140.4,ASK
1594,1712389920.291335,2806516.63241583,138.4,-0.0,140.4,ASK
1595,1712389950.3428552,2806516.63241583,138.4,-0.0,140.4,ASK
1596,1712389980.3743784,2806516.63241583,138.4,-0.0,140.4,ASK
1597,1712390010.355682,2806516.63241583,138.4,-0.0,140.4,ASK
1598,1712390040.327037,2806516.63241583,138.4,-0.0,140.4,ASK
1599,1712390070.327044,2806516.63241583,138.4,-0.0,140.4,ASK
1600,1712390089.743291,2806573.90869098,138.4,-3.546808129842104e-08,140.4,ASK
1601,1712390089.746453,2811157.90133515,138.4,-2.8386172695230683e-06,140.4,ASK
1602,1712390089.883316,2811690.52978516,138.4,3.298278234282425e-07,140.4,BID
1603,1712390100.3654802,2811690.52978516,138.4,0.0,140.4,BID
1604,1712390126.2037227,2811762.78412042,138.3,-4.4731654082186127e-08,140.4,ASK
1605,1712390130.3923397,2811762.78412042,138.3,-0.0,140.4,ASK
1606,1712390159.9839494,2818865.79912717,138.3,-4.39735060176954e-06,140.4,ASK
1607,1712390159.9884677,2819161.45422477,138.3,-1.830348267760165e-07,140.4,ASK
1608,1712390159.992685,2865433.37121294,138.2,-2.864612306458629e-05,140.4,ASK
1609,1712390159.996877,2876996.64236116,138.3,-7.158616065674703e-06,140.4,ASK
1610,1712390160.2887487,2876996.64236116,138.3,-0.0,140.4,ASK
1611,1712390190.3283055,2876996.64236116,138.3,-0.0,140.4,ASK
1612,1712390220.370124,2876996.64236116,138.3,-0.0,140.4,ASK
1613,1712390250.354535,2876996.64236116,138.3,-0.0,140.4,ASK
1614,1712390280.299069,2876996.64236116,138.3,-0.0,140.4,ASK
1615,1712390310.3312078,2876996.64236116,138.3,-0.0,140.4,ASK
1616,1712390340.3836358,2876996.64236116,138.3,-0.0,140.4,ASK
1617,1712390370.3541627,2876996.64236116,138.3,-0.0,140.4,ASK
1618,1712390400.339591,2876996.64236116,138.3,-0.0,140.4,ASK
1619,1712390430.2856212,2876996.64236116,138.3,-0.0,140.4,ASK
1620,1712390460.3554714,2876996.64236116,138.3,-0.0,140.4,ASK
1621,1712390481.605662,2877228.75660555,138.3,-1.4330088058524866e-07,140.4,ASK
1622,1712390490.3754306,2877228.75660555,138.3,-0.0,140.4,ASK
1623,1712390520.2890291,2877228.75660555,138.3,-0.0,140.4,ASK
1624,1712390550.30116,2877228.75660555,138.3,-0.0,140.4,ASK
1625,1712390580.3800447,2877228.75660555,138.3,-0.0,140.4,ASK
1626,1712390588.265991,2877875.85969057,138.2,-3.994955346811639e-07,140.4,ASK
1627,1712390610.3765974,2877875.85969057,138.2,-0.0,140.4,ASK
1628,1712390640.3081086,2877875.85969057,138.2,-0.0,140.4,ASK
1629,1712390670.2808642,2877875.85969057,138.2,-0.0,140.4,ASK
1630,1712390700.3705938,2877875.85969057,138.2,-0.0,140.4,ASK
1631,1712390730.3741024,2877875.85969057,138.2,-0.0,140.4,ASK
1632,1712390760.3260863,2877875.85969057,138.2,-0.0,140.4,ASK
1633,1712390770.73771,2877901.10251341,138.7,1.5598648463336237e-08,140.4,BID
1634,1712390770.743626,2877902.78424545,138.7,1.03921606017778e-09,140.4,BID
1635,1712390770.7492528,2877948.08839756,138.3,2.7995424567410672e-08,140.4,BID
1636,1712390790.2940598,2877948.08839756,138.3,0.0,140.4,BID
1637,1712390820.395412,2877948.08839756,138.3,0.0,140.4,BID
1638,1712390850.3565936,2877948.08839756,138.3,0.0,140.4,BID
1639,1712390880.3374104,2877948.08839756,138.3,0.0,140.4,BID
1640,1712390910.2888558,2877948.08839756,138.3,0.0,140.4,BID
1641,1712390940.3921714,2877948.08839756,138.3,0.0,140.4,BID
1642,1712390970.370552,2877948.08839756,138.3,0.0,140.4,BID
1643,1712391000.3029876,2877948.08839756,138.3,0.0,140.4,BID
1644,1712391030.3114824,2877948.08839756,138.3,0.0,140.4,BID
1645,1712391060.38541,2877948.08839756,138.3,0.0,140.4,BID
1646,1712391090.3536878,2895046.11060598,138.2,-1.0620302858104018e-05,140.4,ASK
1647,1712391090.356382,2895304.21697356,138.2,-1.6032075288545529e-07,140.4,ASK
1648,1712391090.3994122,2895304.21697356,138.2,-0.0,140.4,ASK
1649,1712391120.2888372,2895304.21697356,138.2,-0.0,140.4,ASK
1650,1712391150.3116057,2895304.21697356,138.2,-0.0,140.4,ASK
1651,1712391180.3387656,2895304.21697356,138.2,-0.0,140.4,ASK
1652,1712391210.2851417,2895304.21697356,138.2,-0.0,140.4,ASK
1653,1712391240.3813083,2895304.21697356,138.2,-0.0,140.4,ASK
1654,1712391270.38422,2895304.21697356,138.2,-0.0,140.4,ASK
1655,1712391300.3414216,2895304.21697356,138.2,-0.0,140.4,ASK
