,time,acc_trade_volume,trade_price,dev,high,ask_bid
0,1712365207.1624908,4279824.31038627,530.5,0.0,550.5,BID
1,1712365216.1754942,4279862.04623533,530.0,-6.847960140327197e-09,550.5,ASK
2,1712365229.1557996,4279932.04623533,530.0,-1.2702966059123896e-08,550.5,ASK
3,1712365229.156948,4280886.76321645,530.0,-1.732533915318563e-07,550.5,ASK
4,1712365229.1581502,4283371.9740352,530.0,-4.509935525763841e-07,550.5,ASK
5,1712365230.5055518,4283371.9740352,530.0,-0.0,550.5,ASK
6,1712365238.065622,4283383.35491532,529.9,-2.0645945893234678e-09,550.5,ASK
7,1712365249.215457,4283430.52773193,530.0,8.55757559234174e-09,550.5,BID
8,1712365249.295855,4283500.52773193,529.9,-1.2698633122055205e-08,550.5,ASK
9,1712365249.2970457,4283522.26397908,529.9,-3.943151828729372e-09,550.5,ASK
10,1712365249.298269,4284236.21984093,529.9,-1.295180507852886e-07,550.5,ASK
11,1712365249.375475,4284236.21984173,529.9,-1.451283407510048e-16,550.5,ASK
12,1712365249.475592,4284613.41466889,529.7,-6.842655322343101e-08,550.5,ASK
13,1712365249.4768045,4284802.20077423,529.7,-3.4247507003696136e-08,550.5,ASK
14,1712365249.4781237,4284811.805294,529.8,-1.7423467552433375e-09,550.5,ASK
15,1712365249.4795592,4284895.03818445,529.7,-1.5099199135968375e-08,550.5,ASK
16,1712365249.6557672,4284965.03818445,529.7,-1.2698633122055205e-08,550.5,ASK
17,1712365249.6570096,4285535.90572745,529.7,-1.0356053556919272e-07,550.5,ASK
18,1712365249.6955297,4285535.9057282,529.7,-1.3617397281176934e-16,550.5,ASK
19,1712365249.7174003,4285545.3504874,529.5,-1.713364742846897e-09,550.5,ASK
20,1712365249.7186432,4285615.3504874,529.6,-1.2698633122055205e-08,550.5,ASK
21,1712365249.719956,4285685.3504874,529.6,-1.2698633122055205e-08,550.5,ASK
22,1712365249.7212336,4285702.03022929,529.5,-3.025856040483433e-09,550.5,ASK
23,1712365260.365501,4285702.03022929,529.5,-0.0,550.5,ASK
24,1712365277.2276795,4285704.23622866,529.5,-4.0009864415471277e-10,550.5,ASK
25,1712365277.228979,4291407.73009029,529.5,-1.034433732072766e-06,550.5,ASK
26,1712365277.3056848,4291407.73009079,529.5,-9.07060200059033e-17,550.5,ASK
27,1712365277.307021,4291417.73009079,529.4,-1.81368430854598e-09,550.5,ASK
28,1712365277.3083456,4292362.37396005,529.3,-1.7132857628399242e-07,550.5,ASK
29,1712365277.3097034,4292412.37396005,529.4,-9.068421542729898e-09,550.5,ASK
30,1712365290.3056097,4292412.37396005,529.4,-0.0,550.5,ASK
31,1712365301.7856507,4301858.81265266,529.3,-1.7121824500806004e-06,550.5,ASK
32,1712365301.8659031,4301912.59454644,529.1,-9.748056136227752e-09,550.5,ASK
33,1712365301.8672118,4303217.61439145,529.1,-2.365369795265504e-07,550.5,ASK
34,1712365301.868531,4305108.33097201,528.9,-3.426954699705582e-07,550.5,ASK
35,1712365301.8698618,4305308.33097201,529.0,-3.62503268331184e-08,550.5,ASK
36,1712365301.8711832,4305969.83163351,529.1,-1.1989807589845853e-07,550.5,ASK
37,1712365301.8724782,4306555.84297566,529.0,-1.0621551340428821e-07,550.5,ASK
38,1712365301.885366,4306555.84297668,528.9,-1.8484009374987632e-16,550.5,ASK
39,1712365301.9457438,4306565.50062752,528.7,-1.7504649968668515e-09,550.5,ASK
40,1712365301.9475152,4306593.44723203,528.6,-5.0653677369564304e-09,550.5,ASK
41,1712365301.9492364,4306612.34367949,528.7,-3.425011981910734e-09,550.5,ASK
42,1712365301.9509592,4306912.34367813,528.6,-5.4375490003224144e-08,550.5,ASK
43,1712365301.952675,4307101.20328653,528.7,-3.4231112650484874e-08,550.5,ASK
44,1712365301.954385,4311764.47218168,528.7,-8.452251077993725e-07,550.5,ASK
45,1712365302.0056317,4311953.68694043,528.5,-3.429548423169504e-08,550.5,ASK
46,1712365302.007004,4312253.68694032,528.5,-5.4375490229758745e-08,550.5,ASK
47,1712365302.0083966,4312253.68694168,528.6,-2.464534583331684e-16,550.5,ASK
48,1712365302.0458,4312253.68694179,528.5,-2.008764489153907e-17,550.5,ASK
49,1712365312.8561387,4312948.39460479,528.5,-1.259168991860423e-07,550.5,ASK
50,1712365312.8753958,4312948.39460498,528.5,-3.443596267120984e-17,550.5,ASK
51,1712365320.495525,4312948.39460498,528.5,-0.0,550.5,ASK
52,1712365321.7662528,4318624.83736751,528.5,-1.0268425132173036e-06,550.5,ASK
53,1712365321.8855608,4320536.62990962,528.3,-3.4583452010612254e-07,550.5,ASK
54,1712365321.886732,4321483.06186116,528.3,-1.7120520797355988e-07,550.5,ASK
55,1712365338.0156565,4322051.13608952,528.1,-1.0276202768976796e-07,550.5,ASK
56,1712365338.0172057,4332108.01783539,528.1,-1.819243874918449e-06,550.5,ASK
57,1712365346.4255772,4332126.95722932,528.0,-3.426049671531485e-09,550.5,ASK
58,1712365346.427029,4340405.94340289,528.0,-1.4976307037702729e-06,550.5,ASK
59,1712365346.5057237,4347431.68907301,527.9,-1.2709252330971957e-06,550.5,ASK
60,1712365346.508357,4350572.31013901,527.9,-5.681239754166791e-07,550.5,ASK
61,1712365347.7947605,4350768.13779052,528.0,3.5424325805118886e-08,550.5,BID
62,1712365350.4855127,4350768.13779052,528.0,0.0,550.5,BID
63,1712365354.6556368,4350965.25845731,527.9,3.5529858897690734e-08,550.5,BID
64,1712365356.105649,4351534.19454682,527.3,-1.025474361024302e-07,550.5,ASK
65,1712365356.1072624,4362262.87108201,527.2,-1.933781828471121e-06,550.5,ASK
66,1712365364.695727,4362831.91508807,527.2,-1.0256688743571165e-07,550.5,ASK
67,1712365364.6973512,4364394.79868185,527.2,-2.817007189800449e-07,550.5,ASK
68,1712365367.4455576,4364591.03540415,527.2,3.537053302140783e-08,550.5,BID
69,1712365367.9555328,4364780.7167395,527.2,3.418896247789908e-08,550.5,BID
70,1712365367.9655097,4365545.01681295,527.1,-1.3776066308736013e-07,550.5,ASK
71,1712365372.765575,4365845.01681295,527.1,5.4073263057050334e-08,550.5,BID
72,1712365372.775821,4366041.29076476,527.1,3.5377243424870047e-08,550.5,BID
73,1712365372.9655962,4367014.94066683,527.1,1.7549475760033065e-07,550.5,BID
74,1712365373.0656295,4367627.76698094,527.2,1.1045839497039637e-07,550.5,BID
75,1712365373.225801,4369757.76698094,527.1,-3.839201677050572e-07,550.5,ASK
76,1712365373.2357476,4370327.02694298,527.0,-1.0260581225078458e-07,550.5,ASK
77,1712365373.2373092,4372795.94066625,527.0,-4.4500740407854107e-07,550.5,ASK
78,1712365373.2387135,4374692.75402025,527.2,-3.418896248699739e-07,550.5,ASK
79,1712365373.2402642,4375111.73295363,526.9,-7.551852693339435e-08,550.5,ASK
80,1712365373.2420738,4377009.98656031,526.8,-3.4214922207664665e-07,550.5,ASK
81,1712365373.2435098,4378907.15977231,527.1,-3.41954487190914e-07,550.5,ASK
82,1712365373.2449028,4380705.92733903,526.6,-3.242174393791404e-07,550.5,ASK
83,1712365373.2464993,4380724.90267109,527.0,-3.420193740232389e-09,550.5,ASK
84,1712365373.2483678,4381484.06000644,526.9,-1.368337143201174e-07,550.5,ASK
85,1712365379.5755863,4381979.10939196,527.3,-8.922978549829373e-08,550.5,ASK
86,1712365380.35858,4381979.10939196,527.3,-0.0,550.5,ASK
87,1712365386.88564,4382166.85261213,527.3,3.37395824588029e-08,550.5,BID
88,1712365393.885522,4387507.03857831,527.3,9.596918844157849e-07,550.5,BID
89,1712365408.86578,4387807.03857831,526.8,-5.3913396864472973e-08,550.5,ASK
90,1712365408.8757386,4388376.51466031,526.8,-1.0234130004562825e-07,550.5,ASK
91,1712365408.967152,4388942.75605049,526.8,1.0175998929952246e-07,550.5,BID
92,1712365410.3371766,4388942.75605049,526.8,0.0,550.5,BID
93,1712365418.445631,4389158.48791324,526.8,3.874389682533302e-08,550.5,BID
94,1712365418.4476457,4389648.65293668,526.8,8.80301261644481e-08,550.5,BID
95,1712365418.5056336,4389991.37014368,526.8,6.1549554799211e-08,550.5,BID
96,1712365440.4855928,4389991.37014368,526.8,0.0,550.5,BID
97,1712365453.1956658,4390991.37014368,526.8,-1.795750195402187e-07,550.5,ASK
98,1712365469.455722,4391177.20920705,526.8,-3.3372053435944257e-08,550.5,ASK
99,1712365470.4833534,4391177.20920705,526.8,-0.0,550.5,ASK
100,1712365481.4857852,4393644.47054696,526.9,-4.43008806367827e-07,550.5,ASK
101,1712365481.6259818,4394417.19618537,526.9,1.3874665694486453e-07,550.5,BID
102,1712365489.195516,4394640.32870885,526.9,4.006453280391109e-08,550.5,BID
103,1712365491.9056923,4395895.46955829,527.3,2.253666608152191e-07,550.5,BID
104,1712365497.8856392,4396084.75594859,528.3,3.398729452449692e-08,550.5,BID
105,1712365500.319261,4396084.75594859,528.3,0.0,550.5,BID
106,1712365519.375631,4396096.96797859,527.4,-2.2080628719956267e-09,550.5,ASK
107,1712365519.3767154,4404331.29382112,527.3,-1.4888523176510496e-06,550.5,ASK
108,1712365521.965726,4404917.62039537,527.3,1.0601398288903904e-07,550.5,BID
109,1712365530.4957304,4404917.62039537,527.3,0.0,550.5,BID
110,1712365560.4193268,4404917.62039537,527.3,0.0,550.5,BID
111,1712365578.086101,4404987.62039537,527.3,-1.2646083090187062e-08,550.5,ASK
112,1712365578.0881329,4407250.65300943,527.3,-4.088356924743254e-07,550.5,ASK
113,1712365579.795881,4409148.54634782,527.0,-3.428702407657195e-07,550.5,ASK
114,1712365579.79748,4409953.95020594,526.9,-1.455029158705424e-07,550.5,ASK
115,1712365579.799066,4410692.77723458,526.9,-1.3347525704949084e-07,550.5,ASK
116,1712365590.335995,4410692.77723458,526.9,-0.0,550.5,ASK
117,1712365598.48591,4412187.16662776,526.9,-2.6982550583202e-07,550.5,ASK
118,1712365602.1858585,4412934.36132435,526.9,-1.349127529160941e-07,550.5,ASK
119,1712365607.5658915,4413190.94394916,526.9,-4.6328310976369455e-08,550.5,ASK
120,1712365613.8058767,4413317.4739656,526.9,-2.2846137589483635e-08,550.5,ASK
121,1712365613.8078818,4414325.72014777,526.9,-1.820479570778445e-07,550.5,ASK
122,1712365613.809857,4415260.13330633,526.9,-1.6871673762895837e-07,550.5,ASK
123,1712365614.0457995,4415829.06939584,527.3,1.0272655095036265e-07,550.5,BID
124,1712365614.855765,4419448.96747002,527.3,6.536053008564851e-07,550.5,BID
125,1712365620.4789956,4419448.96747002,527.3,0.0,550.5,BID
126,1712365633.545695,4419463.26747002,527.3,-2.579844313775964e-09,550.5,ASK
127,1712365650.496056,4419463.26747002,527.3,-0.0,550.5,ASK
128,1712365662.1457622,4419841.84025065,528.3,6.829772775348973e-08,550.5,BID
129,1712365670.2359166,4420977.77360923,528.3,-2.049319740874538e-07,550.5,ASK
130,1712365670.295781,4426169.48444323,528.3,-9.36628493270797e-07,550.5,ASK
131,1712365670.3157244,4426795.32153823,528.3,-1.1290629891881037e-07,550.5,ASK
132,1712365670.3176954,4429645.92363389,528.3,-5.142726995285464e-07,550.5,ASK
133,1712365670.6558626,4430783.79581291,527.3,-2.0528175367376082e-07,550.5,ASK
134,1712365670.658346,4430941.54360289,527.3,-2.8459033942741083e-08,550.5,ASK
135,1712365680.3057585,4430941.54360289,527.3,-0.0,550.5,ASK
136,1712365684.875823,4431717.72168689,527.4,-1.398760927602947e-07,550.5,ASK
137,1712365696.3799975,4431717.72168752,527.4,-1.1345638519418455e-16,550.5,ASK
138,1712365697.9266665,4431965.06243164,526.9,-4.457360698674205e-08,550.5,ASK
139,1712365697.9288156,4433841.38524381,526.9,-3.381346486501852e-07,550.5,ASK
140,1712365697.9306743,4433879.3143167,527.3,-6.835249058557247e-09,550.5,ASK
141,1712365697.9323518,4434123.35474182,526.9,-4.397885207660062e-08,550.5,ASK
142,1712365697.9340365,4434140.84864909,526.8,-3.1526004746631193e-09,550.5,ASK
143,1712365703.86613,4436214.10449184,526.8,-3.73624214022914e-07,550.5,ASK
144,1712365710.3462603,4436214.10449184,526.8,-0.0,550.5,ASK
145,1712365740.4761736,4436214.10449184,526.8,-0.0,550.5,ASK
146,1712365769.486072,4436726.65454872,527.4,9.232110912673845e-08,550.5,BID
147,1712365770.4759746,4436726.65454872,527.4,0.0,550.5,BID
148,1712365776.2414885,4436901.63556582,527.4,3.1516248674623674e-08,550.5,BID
149,1712365785.8560438,4438908.36131593,527.4,3.614361649653014e-07,550.5,BID
150,1712365785.8573463,4439060.42367766,527.4,2.738831494836808e-08,550.5,BID
151,1712365789.5259886,4439212.11120137,527.4,-2.732080197805453e-08,550.5,ASK
152,1712365795.756039,4439363.51165557,528.4,2.7269097203244724e-08,550.5,BID
153,1712365796.056156,4440497.1244489,528.4,2.041777061735281e-07,550.5,BID
154,1712365800.375881,4440497.1244489,528.4,0.0,550.5,BID
155,1712365821.656047,4442393.21849517,527.4,-3.432030532650176e-07,550.5,ASK
156,1712365830.364433,4442393.21849517,527.4,-0.0,550.5,ASK
157,1712365839.3261468,4442549.53502846,527.4,-2.8288999027178927e-08,550.5,ASK
158,1712365839.3280206,4442580.96171534,527.6,-5.687367137938688e-09,550.5,ASK
159,1712365843.0064118,4443411.00381534,528.0,1.502148215873202e-07,550.5,BID
160,1712365843.0090582,4444474.90110927,528.0,1.925361884594545e-07,550.5,BID
161,1712365860.5056036,4444474.90110927,528.0,0.0,550.5,BID
162,1712365862.3060806,4444512.77989714,527.9,6.853657056387215e-09,550.5,BID
163,1712365880.0060158,4444848.49845757,527.9,6.074375686232441e-08,550.5,BID
164,1712365886.1161275,4445643.37525757,528.0,1.438222629484696e-07,550.5,BID
165,1712365886.1258695,4446742.4378515,528.0,1.988605899440247e-07,550.5,BID
166,1712365887.8858917,4446761.23131137,527.9,-3.400423722419687e-09,550.5,ASK
167,1712365890.486035,4446761.23131137,527.9,-0.0,550.5,ASK
168,1712365915.7755027,4448301.0174536,527.9,-2.785427483811684e-07,550.5,ASK
169,1712365920.3361104,4448301.0174536,527.9,-0.0,550.5,ASK
170,1712365935.0863907,4450195.31561613,527.9,3.426225417411571e-07,550.5,BID
171,1712365945.5060525,4451057.85418093,527.9,1.5600772954713545e-07,550.5,BID
172,1712365945.5084603,4451195.31561613,527.9,2.4862710238079282e-08,550.5,BID
173,1712365950.3259609,4451195.31561613,527.9,0.0,550.5,BID
174,1712365958.4926202,4451279.9261326,527.9,1.5299313329374665e-08,550.5,BID
175,1712365980.506106,4451279.9261326,527.9,0.0,550.5,BID
176,1712366010.512661,4451279.9261326,527.9,0.0,550.5,BID
177,1712366017.2560902,4451384.74543238,527.9,-1.895332194282444e-08,550.5,ASK
178,1712366017.257969,4451466.72480675,527.8,-1.4823429257586833e-08,550.5,ASK
179,1712366038.7262392,4458657.54991907,527.8,-1.3002378729357044e-06,550.5,ASK
180,1712366038.72868,4458765.0362514,527.8,-1.943557212633078e-08,550.5,ASK
181,1712366040.296815,4458765.0362514,527.8,-0.0,550.5,ASK
182,1712366049.581003,4461047.49647443,527.8,-4.124175846180233e-07,550.5,ASK
183,1712366061.6163971,4461056.99050512,527.7,-1.7154757685927215e-09,550.5,ASK
184,1712366061.618847,4461140.8958115,527.7,-1.5160844182437833e-08,550.5,ASK
185,1712366070.346009,4461140.8958115,527.7,-0.0,550.5,ASK
186,1712366100.356397,4461140.8958115,527.7,-0.0,550.5,ASK
187,1712366112.1561587,4461265.44227695,527.7,-2.2550179850075305e-08,550.5,ASK
188,1712366112.1586215,4461293.77186807,527.7,-5.129309551414849e-09,550.5,ASK
189,1712366130.3161829,4461293.77186807,527.7,-0.0,550.5,ASK
190,1712366131.2289188,4461298.64360174,527.7,8.820552668869981e-10,550.5,BID
191,1712366136.1261687,4462450.39642164,527.7,-2.085314407015745e-07,550.5,ASK
192,1712366138.9459972,4463702.92848723,527.7,-2.267780999962911e-07,550.5,ASK
193,1712366139.046105,4464569.80108823,527.7,-1.5695224640892366e-07,550.5,ASK
194,1712366139.1461673,4464569.80108863,527.7,-7.250715170941083e-17,550.5,ASK
195,1712366139.2860975,4464600.29390515,527.6,-5.520898972488121e-09,550.5,ASK
196,1712366139.2886355,4467752.29990063,527.5,-5.70688727633558e-07,550.5,ASK
197,1712366139.3464212,4467783.42396206,527.4,-5.635189476862939e-09,550.5,ASK
198,1712366139.3489647,4467835.05198217,527.4,-9.347548560773294e-09,550.5,ASK
199,1712366139.351529,4467835.05198368,527.5,-2.7333509981617427e-16,550.5,ASK
200,1712366139.3540964,4468082.55492363,527.4,-4.481182399037036e-08,550.5,ASK
201,1712366139.3871715,4468092.05976142,527.1,-1.720905287703814e-09,550.5,ASK
202,1712366139.3896942,4468092.05976223,527.4,-1.4670051624927304e-16,550.5,ASK
203,1712366139.39225,4468836.27629445,527.1,-1.347446630703404e-07,550.5,ASK
204,1712366139.394679,4468845.77752714,527.3,-1.7202525638226963e-09,550.5,ASK
205,1712366139.3966544,4468855.28056204,527.2,-1.720578864216487e-09,550.5,ASK
206,1712366143.84613,4468893.18088419,527.6,6.862070267450346e-09,550.5,BID
207,1712366160.476073,4468893.18088419,527.6,0.0,550.5,BID
208,1712366190.48597,4468893.18088419,527.6,0.0,550.5,BID
209,1712366204.8561666,4468893.18088507,527.8,1.5923153356907914e-16,550.5,BID
210,1712366204.8588085,4480255.73428007,527.8,2.0557631469548744e-06,550.5,BID
211,1712366220.3294697,4480255.73428007,527.8,0.0,550.5,BID
212,1712366240.656155,4480293.62742141,528.7,6.848363140900902e-09,550.5,BID
213,1712366250.3260078,4480293.62742141,528.7,0.0,550.5,BID
214,1712366280.4960146,4480293.62742141,528.7,0.0,550.5,BID
215,1712366304.725983,4481230.06735819,528.7,1.6924058813979888e-07,550.5,BID
216,1712366304.7359502,4483121.49917208,528.7,3.418340248384412e-07,550.5,BID
217,1712366310.496077,4483121.49917208,528.7,0.0,550.5,BID
218,1712366311.7576594,4483189.68099026,528.8,1.2319011039302308e-08,550.5,BID
219,1712366312.016175,4483756.68155726,529.1,1.0244499825085185e-07,550.5,BID
220,1712366323.0862784,4483756.68155727,529.1,1.68270271813328e-18,550.5,BID
221,1712366323.089047,4484366.33302326,529.6,1.1015111271836649e-07,550.5,BID
222,1712366326.921316,4484366.33302348,529.6,3.971178414794539e-17,550.5,BID
223,1712366326.9226289,4484528.53238138,529.7,2.9305989982065723e-08,550.5,BID
224,1712366328.0563035,4484547.50771254,529.9,3.4284406059842203e-09,550.5,BID
225,1712366328.066261,4486279.97306838,529.7,3.130198110516788e-07,550.5,BID
226,1712366328.0760756,4486279.97306928,529.9,1.627173528434881e-16,550.5,BID
227,1712366328.13636,4486379.97306928,530.0,1.806788285818185e-08,550.5,BID
228,1712366328.14615,4493388.91018865,530.0,1.2663665483312878e-06,550.5,BID
229,1712366334.2861066,4493577.41160242,530.5,3.4058214625983886e-08,550.5,BID
230,1712366340.3370008,4493577.41160242,530.5,0.0,550.5,BID
231,1712366349.9867094,4494466.70118532,530.6,-1.6051512145249897e-07,550.5,ASK
232,1712366350.4261563,4496351.71532292,530.5,-3.402415580423273e-07,550.5,ASK
233,1712366357.522599,4501764.71264576,530.5,9.770359840092613e-07,550.5,BID
234,1712366357.5248387,4511152.06067333,530.4,1.6943989199209252e-06,550.5,BID
235,1712366370.422911,4511152.06067333,530.4,0.0,550.5,BID
236,1712366371.4564328,4516588.3625375,529.6,-9.79594053248048e-07,550.5,ASK
237,1712366398.67617,4517422.68003408,529.5,1.503397858673612e-07,550.5,BID
238,1712366400.3761988,4517422.68003408,529.5,0.0,550.5,BID
239,1712366411.2774029,4517472.68003408,529.5,-9.032439261960813e-09,550.5,ASK
240,1712366411.3561308,4517500.93383633,529.1,-5.1040150548767215e-09,550.5,ASK
241,1712366416.09601,4517782.62235264,528.6,-5.088668828731385e-08,550.5,ASK
242,1712366428.1761827,4527782.62235264,528.1,-1.8064878523921629e-06,550.5,ASK
243,1712366428.1860604,4528638.75002676,528.1,-1.5465842433937178e-07,550.5,ASK
244,1712366429.325954,4528688.75002676,528.1,9.032439261960813e-09,550.5,BID
245,1712366430.3339448,4528688.75002676,528.1,0.0,550.5,BID
246,1712366438.706197,4528699.75002676,527.5,-1.985003090220722e-09,550.5,ASK
247,1712366438.7091377,4529325.37327958,527.8,-1.1289673546928037e-07,550.5,ASK
248,1712366438.7116544,4529704.52019901,527.5,-6.841889151969824e-08,550.5,ASK
249,1712366438.7661974,4530549.46944001,527.5,1.5247516858773686e-07,550.5,BID
250,1712366438.7859588,4530549.46944058,527.5,1.0285373194778862e-16,550.5,BID
251,1712366448.1456523,4530711.6687987,527.6,-2.9269657009025616e-08,550.5,ASK
252,1712366459.755586,4530758.36846724,527.8,-8.427180578505827e-09,550.5,ASK
253,1712366460.5128844,4530758.36846724,527.8,-0.0,550.5,ASK
254,1712366469.2211487,4531658.99733223,527.8,-1.624908072816889e-07,550.5,ASK
255,1712366469.2238402,4532619.08788107,527.8,-1.7321884119944848e-07,550.5,ASK
256,1712366486.6557522,4534169.68755579,527.8,-2.797580698445336e-07,550.5,ASK
257,1712366486.658115,4534186.89539967,527.8,-3.104626725121999e-09,550.5,ASK
258,1712366490.47556,4534186.89539967,527.8,-0.0,550.5,ASK
259,1712366520.3745096,4534186.89539967,527.8,-0.0,550.5,ASK
260,1712366536.4656334,4535231.11876964,527.6,-1.883365352505894e-07,550.5,ASK
261,1712366536.4686716,4536472.60019496,527.6,-2.2391407523221266e-07,550.5,ASK
262,1712366539.6155963,4536742.00589496,527.6,4.8590117377107394e-08,550.5,BID
263,1712366550.3156817,4536742.00589496,527.6,0.0,550.5,BID
264,1712366555.3457017,4539686.39452734,527.4,-5.309219967102992e-07,550.5,ASK
265,1712366567.5157793,4540219.11754367,527.2,-9.6058775805971e-08,550.5,ASK
266,1712366567.5188167,4545909.55760436,527.2,-1.026080513270882e-06,550.5,ASK
267,1712366567.5955396,4552227.96250136,527.2,1.139312965363269e-06,550.5,BID
268,1712366567.6154218,4552227.96250198,527.2,1.1184329310857807e-16,550.5,BID
269,1712366580.4755335,4552227.96250198,527.2,0.0,550.5,BID
270,1712366610.0000684,4552607.32517269,528.1,6.830480608080198e-08,550.5,BID
271,1712366610.095889,4555098.89451713,528.1,4.486107201603218e-07,550.5,BID
272,1712366610.4956098,4555098.89451713,528.1,0.0,550.5,BID
273,1712366624.86578,4556110.44958054,528.1,-1.820822695896845e-07,550.5,ASK
274,1712366640.331351,4556110.44958054,528.1,-0.0,550.5,ASK
275,1712366645.8054526,4556129.23186258,527.4,-3.380529489497676e-09,550.5,ASK
276,1712366670.3357725,4556129.23186258,527.4,-0.0,550.5,ASK
277,1712366679.555506,4559987.95038179,528.1,6.94510308218105e-07,550.5,BID
278,1712366693.4101276,4560556.02461015,528.1,1.022446715054574e-07,550.5,BID
279,1712366693.9055114,4560916.60499882,527.4,-6.489895430994801e-08,550.5,ASK
280,1712366693.915474,4561395.44943791,527.4,-8.618467434844927e-08,550.5,ASK
281,1712366700.495507,4561395.44943791,527.4,-0.0,550.5,ASK
282,1712366719.1154816,4562676.88433562,527.4,-2.3176023802869173e-07,550.5,ASK
283,1712366719.1169152,4563054.75915298,527.3,-6.83424165930677e-08,550.5,ASK
284,1712366719.1183162,4565926.22720378,527.4,-5.193335378443579e-07,550.5,ASK
285,1712366730.4957986,4565926.22720378,527.4,-0.0,550.5,ASK
286,1712366754.4356785,4566126.22720378,528.1,3.6156362421593146e-08,550.5,BID
287,1712366760.326061,4566126.22720378,528.1,0.0,550.5,BID
288,1712366772.6364305,4570237.32446711,528.1,7.431974222753668e-07,550.5,BID
289,1712366772.718433,4570487.8793928,528.1,4.5294908629808006e-08,550.5,BID
290,1712366790.3173623,4570487.8793928,528.1,0.0,550.5,BID
291,1712366820.5060604,4570487.8793928,528.1,0.0,550.5,BID
292,1712366850.496407,4570487.8793928,528.1,0.0,550.5,BID
293,1712366880.336021,4570487.8793928,528.1,0.0,550.5,BID
294,1712366901.536407,4570511.54917819,528.3,-4.277203951562788e-09,550.5,ASK
295,1712366901.54208,4570517.98084125,528.1,-1.162221549746249e-09,550.5,ASK
296,1712366910.3690302,4570517.98084125,528.1,-0.0,550.5,ASK
297,1712366929.8064518,4570707.33891737,528.1,-3.421749588628611e-08,550.5,ASK
298,1712366929.809635,4570719.84306192,528.1,-2.2595313782168677e-09,550.5,ASK
299,1712366929.812819,4576705.95299368,527.6,-1.0817056032785998e-06,550.5,ASK
300,1712366929.8148878,4579654.03735617,527.5,-5.327264968731055e-07,550.5,ASK
301,1712366929.8163254,4581842.47988598,528.1,-3.9545724584654985e-07,550.5,ASK
302,1712366929.8177676,4584334.8350793,527.6,-4.503750530326506e-07,550.5,ASK
303,1712366940.3556373,4584334.8350793,527.6,-0.0,550.5,ASK
304,1712366970.4959483,4584334.8350793,527.6,-0.0,550.5,ASK
305,1712367000.4059317,4584334.8350793,527.6,-0.0,550.5,ASK
306,1712367030.3661702,4584334.8350793,527.6,-0.0,550.5,ASK
307,1712367060.4864235,4584334.8350793,527.6,-0.0,550.5,ASK
308,1712367090.496174,4584334.8350793,527.6,-0.0,550.5,ASK
309,1712367120.3288598,4584334.8350793,527.6,-0.0,550.5,ASK
310,1712367121.4562309,4585965.30177374,527.8,-2.9527589970237574e-07,550.5,ASK
311,1712367150.3533225,4585965.30177374,527.8,-0.0,550.5,ASK
312,1712367180.4860718,4585965.30177374,527.8,-0.0,550.5,ASK
313,1712367180.6760218,4588398.57983569,528.4,4.4059557602886657e-07,550.5,BID
314,1712367210.5158684,4588398.57983569,528.4,0.0,550.5,BID
315,1712367240.3799658,4588398.57983569,528.4,0.0,550.5,BID
316,1712367270.3359773,4588398.57983569,528.4,0.0,550.5,BID
317,1712367300.4957645,4588398.57983569,528.4,0.0,550.5,BID
318,1712367322.4060023,4588457.65696706,528.4,1.0759957787579196e-08,550.5,BID
319,1712367327.8558471,4589025.30124331,528.5,1.0338735664991497e-07,550.5,BID
320,1712367329.0021284,4607946.77711842,528.5,3.446245221683e-06,550.5,BID
321,1712367329.102178,4608521.16503654,528.5,1.0461560352250285e-07,550.5,BID
322,1712367330.5143108,4608521.16503654,528.5,0.0,550.5,BID
323,1712367336.6057217,4608642.08790517,528.4,-2.1981595628958625e-08,550.5,ASK
324,1712367360.325792,4608642.08790517,528.4,-0.0,550.5,ASK
325,1712367360.9558632,4608717.80246129,528.3,1.3763380273981417e-08,550.5,BID
326,1712367390.3561227,4608717.80246129,528.3,0.0,550.5,BID
327,1712367407.035957,4610527.06139794,528.0,-3.288844176474105e-07,550.5,ASK
328,1712367420.4758408,4610527.06139794,528.0,-0.0,550.5,ASK
329,1712367426.5472877,4610905.84927673,528.0,-6.884354647557975e-08,550.5,ASK
330,1712367427.3359122,4611029.39283441,528.0,-2.2453666368856488e-08,550.5,ASK
331,1712367433.4658892,4611394.04062512,528.0,-6.62736284147286e-08,550.5,ASK
332,1712367433.698707,4611409.15607329,528.0,-2.7471867947263502e-09,550.5,ASK
333,1712367446.0762377,4612839.62713116,528.0,-2.599837699903983e-07,550.5,ASK
334,1712367450.487417,4612839.62713116,528.0,-0.0,550.5,ASK
335,1712367470.0956404,4612854.77452738,528.0,-2.752382448774332e-09,550.5,ASK
336,1712367476.9161882,4613422.95634556,528.0,-1.0324240822437838e-07,550.5,ASK
337,1712367476.9184651,4617211.55267062,527.9,-6.884131027675608e-07,550.5,ASK
338,1712367476.9200451,4618555.531417,528.0,-2.442098601872515e-07,550.5,ASK
339,1712367480.3463378,4618555.531417,528.0,-0.0,550.5,ASK
340,1712367495.389208,4618755.531417,527.9,3.632141189014145e-08,550.5,BID
341,1712367510.340794,4618755.531417,527.9,0.0,550.5,BID
342,1712367540.496833,4618755.531417,527.9,0.0,550.5,BID
343,1712367554.6857464,4620644.54392647,527.8,-3.430514294171592e-07,550.5,ASK
344,1712367560.2256126,4622811.19057547,527.8,-3.9347078235602454e-07,550.5,ASK
345,1712367560.2355633,4624743.78703685,527.8,-3.5096643099995934e-07,550.5,ASK
346,1712367570.4857616,4624743.78703685,527.8,-0.0,550.5,ASK
347,1712367600.396006,4624743.78703685,527.8,-0.0,550.5,ASK
348,1712367630.3509436,4624743.78703685,527.8,-0.0,550.5,ASK
349,1712367634.1426575,4624753.56958685,527.8,-1.776418994663626e-09,550.5,ASK
350,1712367634.1462915,4625479.94957182,527.8,-1.3190376769759936e-07,550.5,ASK
351,1712367660.4908106,4625479.94957182,527.8,-0.0,550.5,ASK
352,1712367690.4961874,4625479.94957182,527.8,-0.0,550.5,ASK
353,1712367691.8759284,4625670.92957182,527.9,3.4677723528329186e-08,550.5,BID
354,1712367720.3257406,4625670.92957182,527.9,0.0,550.5,BID
355,1712367738.715817,4625681.38039149,527.9,-1.8976018474889687e-09,550.5,ASK
356,1712367750.3259103,4625681.38039149,527.9,-0.0,550.5,ASK
357,1712367780.385682,4625681.38039149,527.9,-0.0,550.5,ASK
358,1712367780.9357803,4625758.28787161,527.9,-1.3964419517959954e-08,550.5,ASK
359,1712367795.2957337,4625833.52871029,528.5,1.3661800315847814e-08,550.5,BID
360,1712367810.3557546,4625833.52871029,528.5,0.0,550.5,BID
361,1712367819.6958106,4626401.17298654,528.5,1.0306809078852533e-07,550.5,BID
362,1712367819.9157147,4626421.02298654,527.9,-3.6041966557454156e-09,550.5,ASK
363,1712367840.365739,4626421.02298654,527.9,-0.0,550.5,ASK
364,1712367870.341924,4626421.02298654,527.9,-0.0,550.5,ASK
365,1712367900.3556306,4626421.02298654,527.9,-0.0,550.5,ASK
366,1712367930.336936,4626421.02298654,527.9,-0.0,550.5,ASK
367,1712367934.6557374,4626428.30494239,528.5,1.325232159542369e-09,550.5,BID
368,1712367935.435699,4626505.83954239,528.5,-1.4110404884250225e-08,550.5,ASK
369,1712367940.6858797,4630370.76417155,528.5,-7.03371802584052e-07,550.5,ASK
370,1712367940.6900263,4630370.76424239,528.5,-1.2892086625877488e-14,550.5,ASK
371,1712367943.5360243,4630389.68571826,529.4,3.44349084831842e-09,550.5,BID
372,1712367945.6055603,4630401.01930345,529.4,2.062582070837191e-09,550.5,BID
373,1712367960.478661,4630401.01930345,529.4,0.0,550.5,BID
374,1712367985.6681132,4631724.77119445,528.8,-2.4081542434809484e-07,550.5,ASK
375,1712367985.685639,4631724.77119452,528.8,-1.2876310155045853e-17,550.5,ASK
376,1712367985.7657151,4631724.77119523,528.7,-1.2910195181769656e-16,550.5,ASK
377,1712367985.767466,4633048.77346423,528.7,-2.408609728265218e-07,550.5,ASK
378,1712367985.8708718,4634373.02620723,528.6,-2.4090653876912216e-07,550.5,ASK
379,1712367985.8858185,4634373.02620732,528.6,-1.6434237961045366e-17,550.5,ASK
380,1712367985.889661,4635697.52956992,528.5,-2.409521311989702e-07,550.5,ASK
381,1712367990.485636,4635697.52956992,528.5,-0.0,550.5,ASK
382,1712368020.3356752,4635697.52956992,528.5,-0.0,550.5,ASK
383,1712368025.2559986,4635886.85179562,528.2,-3.4423747437828855e-08,550.5,ASK
384,1712368025.2600253,4635886.85179634,528.2,-1.3089895192308542e-16,550.5,ASK
385,1712368025.263784,4636076.13818664,528.2,-3.441723162193838e-08,550.5,ASK
386,1712368050.3156416,4636076.13818664,528.2,-0.0,550.5,ASK
387,1712368080.500883,4636076.13818664,528.2,-0.0,550.5,ASK
388,1712368089.0456288,4636087.4932207,528.4,-2.064568009091549e-09,550.5,ASK
389,1712368110.4833815,4636087.4932207,528.4,-0.0,550.5,ASK
390,1712368136.785727,4636276.92303696,527.9,-3.4442020156870884e-08,550.5,ASK
391,1712368140.3471427,4636276.92303696,527.9,-0.0,550.5,ASK
392,1712368140.885688,4636466.35285322,527.9,-3.4441393945428576e-08,550.5,ASK
393,1712368145.3457625,4636655.78266948,527.9,-3.4441393945428576e-08,550.5,ASK
394,1712368146.025812,4636925.23237586,527.9,-4.89902997803938e-08,550.5,ASK
395,1712368146.0297313,4642985.4712273,527.9,-1.1018491059472805e-06,550.5,ASK
396,1712368146.4356654,4643013.79436352,527.8,-5.149602694940601e-09,550.5,ASK
397,1712368146.4387443,4644463.4392573,527.8,-2.635688079807852e-07,550.5,ASK
398,1712368146.4564795,4644463.43925802,527.8,-1.308916692640379e-16,550.5,ASK
399,1712368157.4958136,4644842.29889052,527.9,6.888278788713191e-08,550.5,BID
400,1712368157.6563,4646018.99269052,527.7,-2.139418995335678e-07,550.5,ASK
401,1712368162.4163384,4646208.49430129,527.7,-3.445444734455539e-08,550.5,ASK
402,1712368165.0457065,4646404.73637651,527.7,-3.5679972428601044e-08,550.5,ASK
403,1712368165.5457823,4646594.23798728,527.7,-3.445444734455539e-08,550.5,ASK
404,1712368170.3486423,4646594.23798728,527.7,-0.0,550.5,ASK
405,1712368177.815815,4647352.24443034,527.7,-1.376814609325083e-07,550.5,ASK
406,1712368190.7666523,4647522.79588003,527.7,-3.097832871008925e-08,550.5,ASK
407,1712368200.4056432,4647522.79588003,527.7,-0.0,550.5,ASK
408,1712368224.0161705,4647536.43923799,527.7,-2.486286547851053e-09,550.5,ASK
409,1712368224.0203676,4653425.79751213,527.7,-1.0732425473885184e-06,550.5,ASK
410,1712368224.6356945,4654400.13059025,528.4,1.7755681792327298e-07,550.5,BID
411,1712368230.34574,4654400.13059025,528.4,0.0,550.5,BID
412,1712368232.725762,4654530.08072253,528.4,-2.3665705118223764e-08,550.5,ASK
413,1712368260.486104,4654530.08072253,528.4,-0.0,550.5,ASK
414,1712368279.94585,4655125.55415815,528.4,1.0844254072230425e-07,550.5,BID
415,1712368280.0456378,4655712.42355815,528.4,-1.0687564717635049e-07,550.5,ASK
416,1712368280.0861683,4656422.58640004,528.4,-1.2932879670939558e-07,550.5,ASK
417,1712368285.955888,4657831.78775631,527.7,-2.566317258201463e-07,550.5,ASK
418,1712368290.4955735,4657831.78775631,527.7,-0.0,550.5,ASK
419,1712368320.3371964,4657831.78775631,527.7,-0.0,550.5,ASK
420,1712368350.3649125,4657831.78775631,527.7,-0.0,550.5,ASK
421,1712368380.5057156,4657831.78775631,527.7,-0.0,550.5,ASK
422,1712368410.4857483,4657831.78775631,527.7,-0.0,550.5,ASK
423,1712368440.3011026,4657831.78775631,527.7,-0.0,550.5,ASK
424,1712368467.8560364,4661315.58474722,527.7,-6.342379861755909e-07,550.5,ASK
425,1712368470.3615146,4661315.58474722,527.7,-0.0,550.5,ASK
426,1712368500.3556645,4661315.58474722,527.7,-0.0,550.5,ASK
427,1712368530.357746,4661315.58474722,527.7,-0.0,550.5,ASK
428,1712368560.485606,4661315.58474722,527.7,-0.0,550.5,ASK
429,1712368590.4851942,4661315.58474722,527.7,-0.0,550.5,ASK
430,1712368612.135094,4662194.35005817,527.7,-1.608015372243652e-07,550.5,ASK
431,1712368615.405372,4665908.6544128,527.7,-6.796648007171367e-07,550.5,ASK
432,1712368615.418094,4673035.81283613,527.7,-1.3041684921250487e-06,550.5,ASK
433,1712368615.4203825,4674058.7442443,527.6,-1.8718187991628e-07,550.5,ASK
434,1712368615.4222465,4674814.0976648,527.7,-1.3821891880640694e-07,550.5,ASK
435,1712368615.424119,4675323.09274087,527.7,-9.313885021625006e-08,550.5,ASK
436,1712368615.425999,4676012.6302693,527.6,-1.26175547855467e-07,550.5,ASK
437,1712368620.321208,4676012.6302693,527.6,-0.0,550.5,ASK
438,1712368624.9054909,4676071.25753088,528.5,1.0712751066780241e-08,550.5,BID
439,1712368635.20554,4677303.2887151,527.6,-2.251246779632361e-07,550.5,ASK
440,1712368650.359835,4677303.2887151,527.6,-0.0,550.5,ASK
441,1712368654.5654604,4677771.28427784,527.6,-8.55045253143547e-08,550.5,ASK
442,1712368654.567625,4677929.55474789,527.6,-2.8916601973097938e-08,550.5,ASK
443,1712368655.2452416,4679008.6754695,527.6,-1.9715935877258722e-07,550.5,ASK
444,1712368655.255165,4680023.88873963,527.5,-1.85483230326171e-07,550.5,ASK
445,1712368655.2584217,4680033.88873963,527.5,-1.8270370944076207e-09,550.5,ASK
446,1712368655.365555,4680045.2653039,527.4,-2.078540492969459e-09,550.5,ASK
447,1712368655.3752124,4680614.09351777,527.4,-1.0392702470853805e-07,550.5,ASK
448,1712368680.4752126,4680614.09351777,527.4,-0.0,550.5,ASK
449,1712368710.475185,4680614.09351777,527.4,-0.0,550.5,ASK
450,1712368740.3454292,4680614.09351777,527.4,-0.0,550.5,ASK
451,1712368770.324036,4680614.09351777,527.4,-0.0,550.5,ASK
452,1712368784.8153925,4680652.01539869,527.4,-6.926258120683702e-09,550.5,ASK
453,1712368799.040359,4680952.01539869,527.2,-5.479362800112024e-08,550.5,ASK
454,1712368799.0424345,4682493.43950537,527.2,-2.815340636447539e-07,550.5,ASK
455,1712368800.4652514,4682493.43950537,527.2,-0.0,550.5,ASK
456,1712368802.065565,4682503.43950537,528.5,1.831616947677921e-09,550.5,BID
457,1712368822.4257002,4682518.98950537,527.2,-2.848164353605051e-09,550.5,ASK
458,1712368830.3161323,4682518.98950537,527.2,-0.0,550.5,ASK
459,1712368833.6160886,4684398.33549296,527.2,-3.442233460612124e-07,550.5,ASK
460,1712368860.4966905,4684398.33549296,527.2,-0.0,550.5,ASK
461,1712368890.5137258,4684398.33549296,527.2,-0.0,550.5,ASK
462,1712368920.3435612,4684398.33549296,527.2,-0.0,550.5,ASK
463,1712368950.3386877,4684398.33549296,527.2,-0.0,550.5,ASK
464,1712368957.9985251,4684922.5743543,527.3,-9.600281911006105e-08,550.5,ASK
465,1712368974.2286808,4685850.30574407,527.4,-1.698936026357882e-07,550.5,ASK
466,1712368980.4888866,4685850.30574407,527.4,-0.0,550.5,ASK
467,1712368983.749508,4685869.09920394,527.5,-3.441126366000904e-09,550.5,ASK
468,1712369010.4953015,4685869.09920394,527.5,-0.0,550.5,ASK
469,1712369040.3195484,4685869.09920394,527.5,-0.0,550.5,ASK
470,1712369070.3697152,4685869.09920394,527.5,-0.0,550.5,ASK
471,1712369073.8901744,4686091.92642221,527.8,-4.080010968261399e-08,550.5,ASK
472,1712369100.4849625,4686091.92642221,527.8,-0.0,550.5,ASK
473,1712369106.6728568,4686108.59860756,528.5,3.056825604709408e-09,550.5,BID
474,1712369121.390681,4686349.33198111,527.8,-4.4138181333841145e-08,550.5,ASK
475,1712369130.4908338,4686349.33198111,527.8,-0.0,550.5,ASK
476,1712369156.4715056,4686444.06483446,527.8,-1.7368724727657827e-08,550.5,ASK
477,1712369156.4774506,4688239.69114935,527.8,-3.2921777476793373e-07,550.5,ASK
478,1712369160.3532703,4688239.69114935,527.8,-0.0,550.5,ASK
479,1712369162.3112006,4688431.35019828,527.8,-3.5133159308731123e-08,550.5,ASK
480,1712369170.361685,4689378.67873182,527.8,-1.736554807737796e-07,550.5,ASK
481,1712369187.3715017,4689524.62072652,528.4,2.675273293006509e-08,550.5,BID
482,1712369190.4160528,4689524.62072652,528.4,0.0,550.5,BID
483,1712369208.1118646,4689545.37943222,527.9,-3.804820330827041e-09,550.5,ASK
484,1712369208.1165466,4689562.51386787,527.8,-3.140535352297851e-09,550.5,ASK
485,1712369220.5019386,4689562.51386787,527.8,-0.0,550.5,ASK
486,1712369250.502113,4689562.51386787,527.8,-0.0,550.5,ASK
487,1712369264.4395158,4690044.86791956,528.4,8.840935464532377e-08,550.5,BID
488,1712369264.443115,4690395.12881956,528.4,6.41983622155331e-08,550.5,BID
489,1712369264.5525608,4690975.84731956,528.4,-1.06438305298355e-07,550.5,ASK
490,1712369264.592938,4691371.59621956,528.4,-7.25357333022075e-08,550.5,ASK
491,1712369280.3674164,4691371.59621956,528.4,-0.0,550.5,ASK
492,1712369309.2929428,4692261.43446798,528.4,-1.630674476943377e-07,550.5,ASK
493,1712369310.3371117,4692261.43446798,528.4,-0.0,550.5,ASK
494,1712369311.0838535,4705492.27041198,528.4,-2.424410015923e-06,550.5,ASK
495,1712369311.182872,4705492.27041276,528.4,-1.4283820146704847e-16,550.5,ASK
496,1712369314.3930793,4705586.37351198,528.4,1.7243392423958023e-08,550.5,BID
497,1712369316.7151458,4707262.09635306,528.4,-3.0705839427068626e-07,550.5,ASK
498,1712369316.7172997,4711359.03801306,528.4,-7.507210003355895e-07,550.5,ASK
499,1712369340.505064,4711359.03801306,528.4,-0.0,550.5,ASK
500,1712369370.5235603,4711359.03801306,528.4,-0.0,550.5,ASK
501,1712369400.3935604,4711359.03801306,528.4,-0.0,550.5,ASK
502,1712369408.6935537,4711377.96306983,528.4,-3.485807003936922e-09,550.5,ASK
503,1712369412.594164,4712092.47092802,527.8,-1.3160523250506437e-07,550.5,ASK
504,1712369412.5998385,4715220.57765374,527.8,-5.761661096100561e-07,550.5,ASK
505,1712369412.6046746,4715242.88775034,527.9,-4.109297632785338e-09,550.5,ASK
506,1712369430.3450909,4715242.88775034,527.9,-0.0,550.5,ASK
507,1712369444.380422,4715265.11499431,527.9,4.0924917893385435e-09,550.5,BID
508,1712369460.484193,4715265.11499431,527.9,0.0,550.5,BID
509,1712369490.4905255,4715265.11499431,527.9,0.0,550.5,BID
510,1712369520.3873863,4715265.11499431,527.9,0.0,550.5,BID
511,1712369525.294389,4715774.55461073,527.9,-9.379808607622862e-08,550.5,ASK
512,1712369550.6847043,4715774.55461073,527.9,-0.0,550.5,ASK
513,1712369550.8579383,4715874.55461073,527.9,-1.841110089912548e-08,550.5,ASK
514,1712369580.481933,4715874.55461073,527.9,-0.0,550.5,ASK
515,1712369610.5069196,4715874.55461073,527.9,-0.0,550.5,ASK
516,1712369640.4775465,4715874.55461073,527.9,-0.0,550.5,ASK
517,1712369646.2053504,4716063.40688346,527.9,-3.4769444550612915e-08,550.5,ASK
518,1712369646.2102842,4716074.55461073,528.0,-2.0523993680301256e-09,550.5,ASK
519,1712369654.9890585,4716189.55461073,527.9,-2.1172560253219744e-08,550.5,ASK
520,1712369670.3457096,4716189.55461073,527.9,-0.0,550.5,ASK
521,1712369684.2556472,4716284.26951885,527.9,-1.7437353965397797e-08,550.5,ASK
522,1712369684.2672994,4734291.73201103,527.9,-3.315238368770861e-06,550.5,ASK
523,1712369684.4152975,4736126.80827561,527.8,-3.378441157157772e-07,550.5,ASK
524,1712369684.425276,4736196.80827503,527.8,-1.2887250715706905e-08,550.5,ASK
525,1712369700.3834672,4736196.80827503,527.8,-0.0,550.5,ASK
526,1712369720.046057,4736196.80827561,527.8,-1.0686211869157875e-16,550.5,ASK
527,1712369720.0497873,4736272.56941427,527.3,-1.3953465952582132e-08,550.5,ASK
528,1712369720.0536425,4736666.43847632,527.3,-7.254165716495947e-08,550.5,ASK
529,1712369720.057256,4736761.22520617,527.5,-1.7457543948146132e-08,550.5,ASK
530,1712369720.059488,4736926.04788603,527.3,-3.035656132305886e-08,550.5,ASK
531,1712369730.3387258,4736926.04788603,527.3,-0.0,550.5,ASK
532,1712369756.4662614,4736926.04788775,527.3,-3.167902973129729e-16,550.5,ASK
533,1712369756.4711776,4737433.1947333,527.2,-9.33982146358154e-08,550.5,ASK
534,1712369760.5059474,4737433.1947333,527.2,-0.0,550.5,ASK
535,1712369765.846502,4742940.83494096,527.2,-1.0142593590161343e-06,550.5,ASK
536,1712369765.851587,4743253.66472321,527.2,-5.760916153984231e-08,550.5,ASK
537,1712369765.856473,4751077.94218969,527.1,-1.4408796414986811e-06,550.5,ASK
538,1712369770.966955,4752006.36244171,527.1,-1.7097321070507105e-07,550.5,ASK
539,1712369770.9726417,4752315.86908307,527.0,-5.6997188603653294e-08,550.5,ASK
540,1712369770.976967,4752410.72774366,527.1,-1.7468694515165324e-08,550.5,ASK
541,1712369770.9813788,4752441.56379679,527.0,-5.678612673163761e-09,550.5,ASK
542,1712369770.9853568,4754453.15238988,527.1,-3.704440522810813e-07,550.5,ASK
543,1712369770.9878829,4763936.07696174,527.0,-1.7463277620198947e-06,550.5,ASK
544,1712369770.990435,4764366.30480383,526.9,-7.92285986186909e-08,550.5,ASK
545,1712369770.993023,4765172.75641672,527.0,-1.4851207869942665e-07,550.5,ASK
546,1712369770.995602,4777136.49801516,526.9,-2.203182565954951e-06,550.5,ASK
547,1712369771.8858812,4777147.83160035,526.8,-2.087136126788556e-09,550.5,ASK
548,1712369780.4960766,4779667.18378415,526.8,-4.639512449492476e-07,550.5,ASK
549,1712369780.5061646,4781281.10272871,526.8,-2.972112070677634e-07,550.5,ASK
550,1712369780.510106,4796090.06442735,526.8,-2.7271440097464613e-06,550.5,ASK
551,1712369780.5862234,4796160.06442735,526.7,-1.2890848431310486e-08,550.5,ASK
552,1712369780.5906887,4796160.0644275,526.8,-2.761273774505977e-17,550.5,ASK
553,1712369780.594547,4796860.0644275,526.6,-1.289084843131049e-07,550.5,ASK
554,1712369780.598015,4797260.0644275,526.7,-7.366199103605992e-08,550.5,ASK
555,1712369780.6010263,4797279.05056761,526.7,-3.496392206578089e-09,550.5,ASK
556,1712369780.603263,4797298.04031235,526.6,-3.497056016964988e-09,550.5,ASK
557,1712369780.6056802,4797374.04219744,526.5,-1.3996125445562376e-08,550.5,ASK
558,1712369780.6081123,4797943.84276724,526.5,-1.0493161116232365e-07,550.5,ASK
559,1712369780.6103392,4797943.84276803,526.6,-1.4561002699102944e-16,550.5,ASK
560,1712369780.612635,4798113.46567896,526.3,-3.1236903361061355e-08,550.5,ASK
561,1712369780.6148777,4798122.98315616,526.4,-1.752690800548265e-09,550.5,ASK
562,1712369782.0460331,4799072.1099595,526.8,1.747864251991886e-07,550.5,BID
563,1712369790.4960923,4799072.1099595,526.8,0.0,550.5,BID
564,1712369804.7364912,4799291.98455573,526.3,-4.0250251413987714e-08,550.5,ASK
565,1712369804.7422192,4799803.2945477,526.3,-9.360042533425705e-08,550.5,ASK
566,1712369804.7469196,4799813.2945477,526.2,-1.8306003560288006e-09,550.5,ASK
567,1712369804.7516084,4799822.81383327,526.3,-1.7426007553396541e-09,550.5,ASK
568,1712369804.7549293,4799832.51921248,526.1,-1.7766670636270767e-09,550.5,ASK
569,1712369804.7576437,4802598.35292319,526.1,-5.063136175543133e-07,550.5,ASK
570,1712369804.760389,4802828.73001226,526.3,-4.217283812727068e-08,550.5,ASK
571,1712369804.7631524,4805700.81667132,526.2,-5.257642860620547e-07,550.5,ASK
572,1712369820.3717873,4805700.81667132,526.2,-0.0,550.5,ASK
573,1712369835.5063531,4815083.89510742,526.9,1.7165706678947376e-06,550.5,BID
574,1712369835.5961964,4816032.84177642,526.9,1.736033678600717e-07,550.5,BID
575,1712369847.5564878,4816468.34214163,526.3,-7.96718430808787e-08,550.5,ASK
576,1712369850.364225,4816468.34214163,526.3,-0.0,550.5,ASK
577,1712369880.4776022,4816468.34214163,526.3,-0.0,550.5,ASK
578,1712369910.5166073,4816468.34214163,526.3,-0.0,550.5,ASK
579,1712369940.3399148,4816468.34214163,526.3,-0.0,550.5,ASK
580,1712369970.3500297,4816468.34214163,526.3,-0.0,550.5,ASK
581,1712369992.267085,4824675.36430725,526.4,-1.4998624829211702e-06,550.5,ASK
582,1712369993.2069714,4825649.69738537,526.5,-1.780628345154211e-07,550.5,ASK
583,1712369993.210111,4837338.90111895,526.4,-2.1362435462479365e-06,550.5,ASK
584,1712369993.8269255,4862171.18191895,526.4,4.538187613688604e-06,550.5,BID
585,1712369993.9270604,4862171.18196963,526.4,9.261910099052292e-15,550.5,BID
586,1712369994.0908165,4862996.12476263,527.2,-1.5076122871470304e-07,550.5,ASK
587,1712370000.3771658,4862996.12476263,527.2,-0.0,550.5,ASK
588,1712370013.7473218,4862996.12476276,527.2,-2.374887784851961e-17,550.5,ASK
589,1712370013.753422,4863023.32838567,527.2,-4.990624674815955e-09,550.5,ASK
590,1712370030.3401911,4863023.32838567,527.2,-0.0,550.5,ASK
591,1712370060.5172052,4863023.32838567,527.2,-0.0,550.5,ASK
592,1712370076.577587,4863033.32838567,527.1,1.8345393040868342e-09,550.5,BID
593,1712370090.517923,4863033.32838567,527.1,0.0,550.5,BID
594,1712370100.8973837,4863572.16108857,526.5,-9.885088159240565e-08,550.5,ASK
595,1712370120.3844872,4863572.16108857,526.5,-0.0,550.5,ASK
596,1712370150.3483024,4863572.16108857,526.5,-0.0,550.5,ASK
597,1712370179.5377955,4864084.91705626,526.5,9.406211119017505e-08,550.5,BID
598,1712370180.378281,4864084.91705626,526.5,0.0,550.5,BID
599,1712370194.9986758,4866933.91990526,526.5,5.226071831153558e-07,550.5,BID
600,1712370199.757855,4867123.85342852,526.5,3.484047887313841e-08,550.5,BID
601,1712370210.3480945,4867123.85342852,526.5,0.0,550.5,BID
602,1712370212.0778892,4868467.45773679,526.5,2.463919041451705e-07,550.5,BID
603,1712370240.5092025,4868467.45773679,526.5,0.0,550.5,BID
604,1712370270.50795,4868467.45773679,526.5,0.0,550.5,BID
605,1712370271.5779846,4869049.52991373,526.5,-1.0672730700910901e-07,550.5,ASK
606,1712370300.3565707,4869049.52991373,526.5,-0.0,550.5,ASK
607,1712370316.9082372,4870902.57035135,526.6,-3.411509466371033e-07,550.5,ASK
608,1712370316.9138434,4872531.90655198,526.5,-2.999662478758451e-07,550.5,ASK
609,1712370330.33787,4872531.90655198,526.5,-0.0,550.5,ASK
610,1712370360.488137,4872531.90655198,526.5,-0.0,550.5,ASK
611,1712370390.5140834,4872531.90655198,526.5,-0.0,550.5,ASK
612,1712370392.5588038,4873453.10960573,527.2,1.695393319537725e-07,550.5,BID
613,1712370392.564733,4875371.72861763,528.0,3.53104979654105e-07,550.5,BID
614,1712370392.5696814,4876318.8776989,527.9,1.743144704586539e-07,550.5,BID
615,1712370392.5745947,4876321.3647256,527.1,4.57715422807601e-10,550.5,BID
616,1712370411.888935,4876677.81886574,528.4,6.560225408013441e-08,550.5,BID
617,1712370411.8954134,4879929.35877647,528.5,5.984173652514748e-07,550.5,BID
618,1712370411.9003928,4880903.69185459,528.3,1.7931744634651434e-07,550.5,BID
619,1712370411.9052107,4885566.96074974,528.4,8.5823368690204e-07,550.5,BID
620,1712370411.908949,4885594.1957973,529.0,5.012371322794473e-09,550.5,BID
621,1712370411.911815,4887664.1957973,528.5,3.809653210722724e-07,550.5,BID
622,1712370420.343904,4887664.1957973,528.5,0.0,550.5,BID
623,1712370450.3439856,4887664.1957973,528.5,0.0,550.5,BID
624,1712370466.808612,4887691.49977457,528.0,5.017675096177559e-09,550.5,BID
625,1712370480.499532,4887691.49977457,528.0,0.0,550.5,BID
626,1712370490.3786888,4887711.99361343,527.5,-3.766160198077062e-09,550.5,ASK
627,1712370490.3820045,4893010.74806772,526.5,-9.737540272868478e-07,550.5,ASK
628,1712370490.3851342,4893985.08114584,526.8,-1.7905354303972054e-07,550.5,ASK
629,1712370510.5090003,4893985.08114584,526.8,-0.0,550.5,ASK
630,1712370520.7995336,4894959.41422396,527.9,1.7894456695239845e-07,550.5,BID
631,1712370520.805363,4895833.98812396,528.0,1.6062294436866622e-07,550.5,BID
632,1712370520.8101315,4897936.7530764,529.0,3.86190690090394e-07,550.5,BID
633,1712370520.814518,4900006.7530764,528.6,3.801731275573922e-07,550.5,BID
634,1712370520.8189893,4901804.03719913,528.0,3.300865343225788e-07,550.5,BID
635,1712370520.8215983,4903864.03719913,528.9,3.7833654240011014e-07,550.5,BID
636,1712370520.8241496,4905874.60752261,529.3,3.6925836137740426e-07,550.5,BID
637,1712370540.379689,4905874.60752261,529.3,0.0,550.5,BID
638,1712370544.559311,4905895.17358122,529.2,3.772776639452786e-09,550.5,BID
639,1712370563.1688786,4906848.94059072,529.2,1.7496545940366594e-07,550.5,BID
640,1712370563.1788125,4907415.83401476,529.2,1.0399475698183205e-07,550.5,BID
641,1712370563.2788732,4907771.11202876,529.2,-6.517459748170415e-08,550.5,ASK
642,1712370563.2894711,4907771.11202922,529.2,-8.439896176511762e-17,550.5,ASK
643,1712370570.3573086,4907771.11202922,529.2,-0.0,550.5,ASK
644,1712370587.4693277,4913742.38942974,529.2,1.0952097982936014e-06,550.5,BID
645,1712370587.4750814,4921978.37560331,529.2,1.510586789205206e-06,550.5,BID
646,1712370587.4798183,4922895.44907578,528.9,1.6820318090010618e-07,550.5,BID
647,1712370587.4823475,4937165.40852581,529.0,2.617295825105156e-06,550.5,BID
648,1712370587.5690148,4938726.68110781,529.2,-2.863576610031321e-07,550.5,ASK
649,1712370587.588826,4938726.68110787,529.2,-1.1103082329609737e-17,550.5,ASK
650,1712370600.465075,4938726.68110787,529.2,-0.0,550.5,ASK
651,1712370630.419749,4938726.68110787,529.2,-0.0,550.5,ASK
652,1712370660.5492797,4938726.68110787,529.2,-0.0,550.5,ASK
653,1712370684.4993112,4943291.65890787,529.2,8.363705050251088e-07,550.5,BID
654,1712370690.5290847,4943291.65890787,529.2,0.0,550.5,BID
655,1712370720.3469963,4943291.65890787,529.2,0.0,550.5,BID
656,1712370731.5893457,4943386.1411452,529.1,1.7302865359819073e-08,550.5,BID
657,1712370750.3658438,4943386.1411452,529.1,0.0,550.5,BID
658,1712370754.7394814,4948830.93150753,529.1,9.971145342289784e-07,550.5,BID
659,1712370780.4914093,4948830.93150753,529.1,0.0,550.5,BID
660,1712370797.233114,4949759.35175955,529.1,1.699336662593262e-07,550.5,BID
661,1712370797.2376115,4952219.80202602,529.1,4.503492179539384e-07,550.5,BID
662,1712370797.36963,4952607.65777202,529.1,-7.099128735516348e-08,550.5,ASK
663,1712370810.5196807,4952607.65777202,529.1,-0.0,550.5,ASK
664,1712370836.9795277,4952681.64247103,529.1,-1.3536859385986454e-08,550.5,ASK
665,1712370836.9896204,4952681.64247202,529.1,-1.8113793023755782e-16,550.5,ASK
666,1712370840.3909922,4952681.64247202,529.1,-0.0,550.5,ASK
667,1712370856.9794471,4952683.25784861,529.1,-2.9556069600194956e-10,550.5,ASK
668,1712370870.398005,4952683.25784861,529.1,-0.0,550.5,ASK
669,1712370900.5142314,4952683.25784861,529.1,-0.0,550.5,ASK
670,1712370907.0890248,4953504.18886354,529.1,-1.5107880277284678e-07,550.5,ASK
671,1712370921.049318,4953532.47420097,528.5,-5.205449467929782e-09,550.5,ASK
672,1712370921.0562844,4953882.08443315,528.5,-6.433999246501777e-08,550.5,ASK
673,1712370930.5094426,4953882.08443315,528.5,-0.0,550.5,ASK
674,1712370954.9688585,4954066.30811993,528.5,3.3899372965658235e-08,550.5,BID
675,1712370955.0888386,4957037.09602993,528.6,-5.466606880079415e-07,550.5,ASK
676,1712370956.1289146,4957037.09603064,528.6,-1.3075878118128314e-16,550.5,ASK
677,1712370956.1325922,4959247.09603064,528.1,-4.0666656695050243e-07,550.5,ASK
678,1712370956.135913,4959455.42936396,528.0,-3.83358377568293e-08,550.5,ASK
679,1712370960.3767672,4959455.42936396,528.0,-0.0,550.5,ASK
680,1712370968.618754,4960429.76244196,527.8,-1.7919189807750066e-07,550.5,ASK
681,1712370982.918954,4961377.27049577,527.7,-1.742584445089188e-07,550.5,ASK
682,1712370982.924992,4962484.20085584,527.7,-2.0357817746251218e-07,550.5,ASK
683,1712370990.3580933,4962484.20085584,527.7,-0.0,550.5,ASK
684,1712371020.118295,4963424.28217299,527.5,-1.7284176693655528e-07,550.5,ASK
685,1712371020.128265,4963519.06890284,527.5,-1.7427328434797116e-08,550.5,ASK
686,1712371020.552493,4963519.06890284,527.5,-0.0,550.5,ASK
687,1712371050.5184107,4963519.06890284,527.5,-0.0,550.5,ASK
688,1712371080.3399892,4963519.06890284,527.5,-0.0,550.5,ASK
689,1712371083.81819,4963526.85488426,527.5,-1.4313737619850782e-09,550.5,ASK
690,1712371093.8485007,4963621.65958657,527.4,-1.7428883537167886e-08,550.5,ASK
691,1712371093.855613,4964143.62259348,527.4,-9.595760797187873e-08,550.5,ASK
692,1712371096.2180622,4964528.92898454,527.4,-7.083467435982287e-08,550.5,ASK
693,1712371096.3383598,4964971.66642074,527.4,-8.139278986246625e-08,550.5,ASK
694,1712371097.8784742,4965167.27589941,527.5,3.59608198690884e-08,550.5,BID
695,1712371110.3432956,4965167.27589941,527.5,0.0,550.5,BID
696,1712371128.577981,4966421.32565178,527.5,2.3050749815389762e-07,550.5,BID
697,1712371140.5589666,4966421.32565178,527.5,0.0,550.5,BID
698,1712371170.4978435,4966421.32565178,527.5,0.0,550.5,BID
699,1712371200.441082,4966421.32565178,527.5,0.0,550.5,BID
700,1712371230.3369868,4966421.32565178,527.5,0.0,550.5,BID
701,1712371240.597587,4967959.65110428,527.5,2.862944381864089e-07,550.5,BID
702,1712371260.5093296,4967959.65110428,527.5,0.0,550.5,BID
703,1712371290.5274365,4967959.65110428,527.5,0.0,550.5,BID
704,1712371320.358425,4967959.65110428,527.5,0.0,550.5,BID
705,1712371321.5279171,4969855.38570143,527.5,3.527578110541321e-07,550.5,BID
706,1712371350.388544,4969855.38570143,527.5,0.0,550.5,BID
707,1712371351.547387,4976391.17110191,527.5,1.2159510190077503e-06,550.5,BID
708,1712371351.5529697,4976577.04285005,527.5,3.458053282151592e-08,550.5,BID
709,1712371351.5583856,4980765.00939811,527.5,7.791507645446853e-07,550.5,BID
710,1712371354.6371434,4980783.96674408,527.5,3.526921821542752e-09,550.5,BID
711,1712371354.6573937,4982264.24664151,527.5,2.753988601835784e-07,550.5,BID
712,1712371380.489063,4982264.24664151,527.5,0.0,550.5,BID
713,1712371410.5171006,4982264.24664151,527.5,0.0,550.5,BID
714,1712371426.187819,4982374.5001694,527.5,-2.0487182397808883e-08,550.5,ASK
715,1712371426.307217,4983768.49602179,527.7,2.590306889609292e-07,550.5,BID
716,1712371440.3871963,4983768.49602179,527.7,0.0,550.5,BID
717,1712371454.9642258,4984709.93831137,528.9,1.7491191288436245e-07,550.5,BID
718,1712371470.335814,4984709.93831137,528.9,0.0,550.5,BID
719,1712371488.667235,4984803.8603589,528.9,-1.7448297724498574e-08,550.5,ASK
720,1712371500.3711138,4984803.8603589,528.9,-0.0,550.5,ASK
721,1712371530.3542771,4984803.8603589,528.9,-0.0,550.5,ASK
722,1712371560.3978343,4984803.8603589,528.9,-0.0,550.5,ASK
723,1712371576.876881,4993657.62749903,527.6,-1.6507776492373135e-06,550.5,ASK
724,1712371590.3465822,4993657.62749903,527.6,-0.0,550.5,ASK
725,1712371620.4873295,4993657.62749903,527.6,-0.0,550.5,ASK
726,1712371650.496879,4993657.62749903,527.6,-0.0,550.5,ASK
727,1712371680.3861184,4993657.62749903,527.6,-0.0,550.5,ASK
728,1712371710.0767095,4994496.24099138,527.8,-1.5622273821414844e-07,550.5,ASK
729,1712371710.3782384,4994496.24099138,527.8,-0.0,550.5,ASK
730,1712371713.2268174,4995470.5740695,528.8,1.8149055935244708e-07,550.5,BID
731,1712371713.2868314,4995963.73341763,528.8,-9.186156967466558e-08,550.5,ASK
732,1712371740.481866,4995963.73341763,528.8,-0.0,550.5,ASK
733,1712371770.3668458,4995963.73341763,528.8,-0.0,550.5,ASK
734,1712371800.4230351,4995963.73341763,528.8,-0.0,550.5,ASK
735,1712371801.28681,4996639.8709112,527.8,-1.262003407854235e-07,550.5,ASK
736,1712371830.354694,4996639.8709112,527.8,-0.0,550.5,ASK
737,1712371847.3169029,4996813.47998927,527.8,-3.2401790700857607e-08,550.5,ASK
738,1712371847.3967907,5003527.20306327,527.8,1.2530257765632437e-06,550.5,BID
739,1712371847.4167318,5003527.20306359,527.8,5.979366228283061e-17,550.5,BID
740,1712371860.5010514,5003527.20306359,527.8,0.0,550.5,BID
741,1712371877.6066768,5003859.81006755,527.9,-6.203451986015334e-08,550.5,ASK
742,1712371890.557761,5003859.81006755,527.9,-0.0,550.5,ASK
743,1712371920.374695,5003859.81006755,527.9,-0.0,550.5,ASK
744,1712371950.386091,5003859.81006755,527.9,-0.0,550.5,ASK
745,1712371980.5079153,5003859.81006755,527.9,-0.0,550.5,ASK
746,1712372010.4971707,5003859.81006755,527.9,-0.0,550.5,ASK
747,1712372025.446886,5003959.81006755,527.9,-1.86503854940728e-08,550.5,ASK
748,1712372039.636592,5004045.83199986,528.9,1.604342198517088e-08,550.5,BID
749,1712372040.3551197,5004045.83199986,528.9,0.0,550.5,BID
750,1712372070.340135,5004045.83199986,528.9,0.0,550.5,BID
751,1712372100.4968,5004045.83199986,528.9,0.0,550.5,BID
752,1712372130.4893634,5004045.83199986,528.9,0.0,550.5,BID
753,1712372160.3522832,5004045.83199986,528.9,0.0,550.5,BID
754,1712372190.394099,5004045.83199986,528.9,0.0,550.5,BID
755,1712372190.9368074,5004400.00712314,528.9,6.616348276213982e-08,550.5,BID
756,1712372216.6368918,5013882.931695,528.9,-1.7715058884841554e-06,550.5,ASK
757,1712372220.5166636,5013882.931695,528.9,-0.0,550.5,ASK
758,1712372240.3471143,5014896.47611845,529.0,1.8915646445744561e-07,550.5,BID
759,1712372240.3538296,5015072.58442713,529.3,3.2866862330683974e-08,550.5,BID
760,1712372240.3589292,5023339.26368667,529.4,1.542799491921504e-06,550.5,BID
761,1712372240.3639977,5023964.85682348,530.0,1.167536254059823e-07,550.5,BID
762,1712372240.3674996,5026083.10197505,529.1,3.953253103217051e-07,550.5,BID
763,1712372249.9850104,5026938.56525805,529.1,1.596539888550366e-07,550.5,BID
764,1712372249.9966176,5026938.56525823,529.1,3.354562119993028e-17,550.5,BID
765,1712372250.2710984,5027431.72455823,529.6,-9.2037672393973e-08,550.5,ASK
766,1712372250.4254775,5027431.72460682,529.6,-9.068441660544884e-15,550.5,ASK
767,1712372250.520095,5027431.72460682,529.6,-0.0,550.5,ASK
768,1712372251.1666715,5027924.88390682,529.6,9.191464644346604e-08,550.5,BID
769,1712372251.646657,5027943.73296814,530.0,3.5130733762297603e-09,550.5,BID
770,1712372251.6667335,5032038.94216814,529.6,-7.632619028585286e-07,550.5,ASK
771,1712372252.206842,5032038.94224903,529.6,-1.5076219373740675e-14,550.5,ASK
772,1712372252.2136722,5035723.94216814,528.9,-6.868074164059255e-07,550.5,ASK
773,1712372259.85727,5036290.94273514,529.1,-1.0567712430676705e-07,550.5,ASK
774,1712372280.378825,5036290.94273514,529.1,-0.0,550.5,ASK
775,1712372280.8968594,5040330.94273514,529.0,-7.523145851198272e-07,550.5,ASK
776,1712372285.1766367,5048030.11228314,529.1,1.433712263433412e-06,550.5,BID
777,1712372310.3513508,5048030.11228314,529.1,0.0,550.5,BID
778,1712372340.3981686,5048030.11228314,529.1,0.0,550.5,BID
779,1712372370.3642745,5048030.11228314,529.1,0.0,550.5,BID
780,1712372398.5768485,5048030.11228377,529.1,1.1710163227982892e-16,550.5,BID
781,1712372400.4714537,5048030.11228377,529.1,0.0,550.5,BID
782,1712372404.319353,5048975.11322878,529.1,-1.7633143949894865e-07,550.5,ASK
783,1712372410.466886,5053149.37625942,529.0,-7.78892140718448e-07,550.5,ASK
784,1712372410.4729986,5054094.37720378,529.1,-1.763314393776508e-07,550.5,ASK
785,1712372425.9869845,5054196.45659886,529.1,-1.904739542608709e-08,550.5,ASK
786,1712372430.4448886,5054196.45659886,529.1,-0.0,550.5,ASK
787,1712372441.030447,5054427.10344256,529.1,-4.301111972090356e-08,550.5,ASK
788,1712372460.509636,5054427.10344256,529.1,-0.0,550.5,ASK
789,1712372490.5069218,5054427.10344256,529.1,-0.0,550.5,ASK
790,1712372520.4063363,5054427.10344256,529.1,-0.0,550.5,ASK
791,1712372550.3602948,5054427.10344256,529.1,-0.0,550.5,ASK
792,1712372556.4371264,5054440.34178941,529.9,2.4686362692125555e-09,550.5,BID
793,1712372557.4471145,5054496.95624496,529.9,1.0557247057409106e-08,550.5,BID
794,1712372580.497124,5054496.95624496,529.9,0.0,550.5,BID
795,1712372610.519478,5054496.95624496,529.9,0.0,550.5,BID
796,1712372640.3782313,5054496.95624496,529.9,0.0,550.5,BID
797,1712372662.796964,5054512.93628095,529.2,-2.979875401499042e-09,550.5,ASK
798,1712372670.3967524,5054512.93628095,529.2,-0.0,550.5,ASK
799,1712372700.5207193,5054512.93628095,529.2,-0.0,550.5,ASK
800,1712372717.7375298,5054730.55715198,529.2,-4.1056800964606657e-08,550.5,ASK
801,1712372717.7441578,5059113.64755474,528.9,-8.269228471720421e-07,550.5,ASK
802,1712372717.751343,5063855.59149007,529.1,-8.946248924420204e-07,550.5,ASK
803,1712372717.754331,5068200.38919371,529.0,-8.196984678247564e-07,550.5,ASK
804,1712372717.816989,5068210.06919371,528.7,-1.8262487023624903e-09,550.5,ASK
805,1712372717.823825,5068238.34998104,528.6,-5.335511483988922e-09,550.5,ASK
806,1712372718.9968345,5068267.04822104,528.3,-5.414268962952286e-09,550.5,ASK
807,1712372728.8169365,5068400.2149252,528.3,-2.5123504202259465e-08,550.5,ASK
808,1712372730.4883685,5068400.2149252,528.3,-0.0,550.5,ASK
809,1712372738.516965,5068459.80072682,528.3,1.122602089049908e-08,550.5,BID
810,1712372753.597391,5070533.81477741,528.3,-3.90746191644444e-07,550.5,ASK
811,1712372760.3948114,5070533.81477741,528.3,-0.0,550.5,ASK
812,1712372767.527016,5070543.96477741,528.3,-1.911863509302213e-09,550.5,ASK
813,1712372778.3970978,5070562.89341644,529.2,3.565416181383552e-09,550.5,BID
814,1712372790.355131,5070562.89341644,529.2,0.0,550.5,BID
815,1712372820.5041108,5070562.89341644,529.2,0.0,550.5,BID
816,1712372829.2370229,5071518.29785553,529.2,1.799603539176773e-07,550.5,BID
817,1712372829.24322,5073518.29785553,529.2,3.767207824345451e-07,550.5,BID
818,1712372849.437004,5076155.27342399,529.2,-4.967017497055719e-07,550.5,ASK
819,1712372850.509792,5076155.27342399,529.2,-0.0,550.5,ASK
820,1712372880.3566492,5076155.27342399,529.2,-0.0,550.5,ASK
821,1712372900.0266306,5079727.07084197,528.6,-6.724103237143929e-07,550.5,ASK
822,1712372910.414642,5079727.07084197,528.6,-0.0,550.5,ASK
823,1712372921.776223,5080181.79028956,528.6,-8.557299766800685e-08,550.5,ASK
824,1712372921.7887356,5080808.33897449,528.6,-1.179092942658987e-07,550.5,ASK
825,1712372940.4855542,5080808.33897449,528.6,-0.0,550.5,ASK
826,1712372944.8658123,5081754.23379098,528.6,-1.7798743817985801e-07,550.5,ASK
827,1712372944.8728943,5082237.12678233,528.6,-9.08651627507034e-08,550.5,ASK
828,1712372947.5354009,5083523.03580939,528.6,-2.41967340838364e-07,550.5,ASK
829,1712372950.575332,5084115.01651894,528.6,-1.113920153782977e-07,550.5,ASK
830,1712372961.9551125,5084620.38416321,528.5,-9.509418042524996e-08,550.5,ASK
831,1712372961.9606526,5094076.3940958,528.5,-1.779321499562234e-06,550.5,ASK
832,1712372967.534829,5095096.21705297,528.4,-1.918983721861534e-07,550.5,ASK
833,1712372970.490118,5095096.21705297,528.4,-0.0,550.5,ASK
834,1712373000.4040594,5095096.21705297,528.4,-0.0,550.5,ASK
835,1712373030.3815825,5095096.21705297,528.4,-0.0,550.5,ASK
836,1712373060.4830475,5095096.21705297,528.4,-0.0,550.5,ASK
837,1712373090.5025036,5095096.21705297,528.4,-0.0,550.5,ASK
838,1712373097.7323756,5095134.01709077,529.1,7.106073693440698e-09,550.5,BID
839,1712373120.35543,5095134.01709077,529.1,0.0,550.5,BID
840,1712373125.5071044,5099513.54445517,529.1,8.233094196439652e-07,550.5,BID
841,1712373125.51259,5100204.43993908,529.0,1.2988176863936276e-07,550.5,BID
842,1712373125.5178912,5100599.24689524,529.1,7.421994633249156e-08,550.5,BID
843,1712373150.3759596,5100599.24689524,529.1,0.0,550.5,BID
844,1712373156.161478,5101241.13911784,528.5,-1.2060406318748548e-07,550.5,ASK
845,1712373180.4842591,5101241.13911784,528.5,-0.0,550.5,ASK
846,1712373210.483671,5101241.13911784,528.5,-0.0,550.5,ASK
847,1712373240.341143,5101241.13911784,528.5,-0.0,550.5,ASK
848,1712373270.3690977,5101241.13911784,528.5,-0.0,550.5,ASK
849,1712373285.6298015,5101254.65911784,528.5,-2.540088433014004e-09,550.5,ASK
850,1712373286.069675,5101260.06059371,528.5,-1.014809643360062e-09,550.5,ASK
851,1712373300.389387,5101260.06059371,528.5,-0.0,550.5,ASK
852,1712373304.7131884,5101449.31116146,528.4,-3.556069278903962e-08,550.5,ASK
853,1712373304.7164335,5102423.64423958,528.4,-1.8307981675900522e-07,550.5,ASK
854,1712373304.7195723,5105047.16685267,528.3,-4.929669843441663e-07,550.5,ASK
855,1712373304.7227328,5109997.94795473,528.1,-9.302651396462296e-07,550.5,ASK
856,1712373304.725965,5118250.58294709,528.3,-1.550692402946741e-06,550.5,ASK
857,1712373304.729128,5121589.25993713,528.4,-6.273464231897343e-07,550.5,ASK
858,1712373304.732314,5126915.96437225,528.3,-1.000902149183936e-06,550.5,ASK
859,1712373304.7355042,5129305.98887403,528.0,-4.490920586210213e-07,550.5,ASK
860,1712373316.169269,5129419.53921468,528.4,2.133641567335377e-08,550.5,BID
861,1712373317.0892985,5129949.02152275,528.0,-9.949115565867457e-08,550.5,ASK
862,1712373320.209169,5131293.50349179,528.5,2.5263179302357377e-07,550.5,BID
863,1712373323.6990469,5131431.63026567,528.5,2.5954393850853018e-08,550.5,BID
864,1712373326.6291437,5131658.68797617,528.5,4.266475701754124e-08,550.5,BID
865,1712373330.3378372,5131658.68797617,528.5,0.0,550.5,BID
866,1712373331.72902,5131724.91314173,528.5,1.2406451719434169e-08,550.5,BID
867,1712373332.5801191,5132008.73527985,528.5,5.31705073700504e-08,550.5,BID
868,1712373332.8391044,5132027.65675572,528.5,3.5447004905690187e-09,550.5,BID
869,1712373337.1289723,5132065.49970747,528.5,7.089400982708281e-09,550.5,BID
870,1712373351.0288508,5132160.10708684,528.5,1.7723502456160052e-08,550.5,BID
871,1712373351.8087645,5135263.53187397,528.5,5.813875958014042e-07,550.5,BID
872,1712373360.472523,5135263.53187397,528.5,0.0,550.5,BID
873,1712373371.808542,5135585.19696384,528.5,6.023840879732692e-08,550.5,BID
874,1712373375.3387802,5135925.78352959,528.5,6.378184460989878e-08,550.5,BID
875,1712373382.8116074,5136477.44294302,528.5,1.0330957977605808e-07,550.5,BID
876,1712373390.501623,5136477.44294302,528.5,0.0,550.5,BID
877,1712373391.5682428,5138862.47685702,528.5,4.46593035317217e-07,550.5,BID
878,1712373393.51866,5144247.47944735,528.5,1.0083314278636705e-06,550.5,BID
879,1712373393.5259752,5153175.97749535,528.5,1.6718441698772947e-06,550.5,BID
880,1712373420.355909,5153175.97749535,528.5,0.0,550.5,BID
881,1712373450.465297,5153175.97749535,528.5,0.0,550.5,BID
882,1712373480.38553,5153175.97749535,528.5,0.0,550.5,BID
883,1712373502.347671,5153621.96868152,528.6,-8.337322194223869e-08,550.5,ASK
884,1712373502.3543258,5153811.14764481,528.6,-3.5364958282415475e-08,550.5,ASK
885,1712373502.359922,5154468.08932153,528.6,-1.228081314490837e-07,550.5,ASK
886,1712373502.3650212,5154961.47861884,528.2,-9.223378547401357e-08,550.5,ASK
887,1712373502.3682103,5154999.31441149,528.6,-7.072991655055468e-09,550.5,ASK
888,1712373502.3714352,5157081.46470487,528.3,-3.892354465967763e-07,550.5,ASK
889,1712373510.3631864,5157081.46470487,528.3,-0.0,550.5,ASK
890,1712373515.0971582,5158470.76297608,528.4,-2.5961411336183445e-07,550.5,ASK
891,1712373540.5067315,5158470.76297608,528.4,-0.0,550.5,ASK
892,1712373570.4767537,5158470.76297608,528.4,-0.0,550.5,ASK
893,1712373600.3763635,5158470.76297608,528.4,-0.0,550.5,ASK
894,1712373629.0898888,5176150.39657314,529.3,3.308946957989715e-06,550.5,BID
895,1712373630.3495922,5176150.39657314,529.3,0.0,550.5,BID
896,1712373660.4857817,5176150.39657314,529.3,0.0,550.5,BID
897,1712373664.9663088,5176648.22388309,529.9,9.301120989499397e-08,550.5,BID
898,1712373664.9746354,5177593.83294479,529.9,1.766721936676541e-07,550.5,BID
899,1712373665.0858598,5180558.80981579,530.0,5.539593360404948e-07,550.5,BID
900,1712373665.145964,5180689.45747012,530.1,2.44094611853386e-08,550.5,BID
901,1712373665.1549191,5180689.45747042,530.0,5.602896215431898e-17,550.5,BID
902,1712373665.161795,5180879.82487879,530.2,3.5567158778264395e-08,550.5,BID
903,1712373680.8256114,5180879.82487952,530.2,1.3624433964854583e-16,550.5,BID
904,1712373690.43175,5185641.24790452,530.4,8.895970701611474e-07,550.5,BID
905,1712373690.4718208,5185641.24790546,530.4,1.7574301793746015e-16,550.5,BID
906,1712373690.4752417,5185641.24790546,530.4,0.0,550.5,BID
907,1712373690.48867,5185829.74931858,530.5,3.518544753147761e-08,550.5,BID
908,1712373690.4933796,5189090.68270746,530.5,6.086819125597131e-07,550.5,BID
909,1712373690.5257976,5189090.68270811,530.5,1.2134000868781766e-16,550.5,BID
910,1712373707.8802476,5189123.68270811,531.0,6.1597403930328e-09,550.5,BID
911,1712373707.9556484,5189502.68592895,531.4,7.074428631817819e-08,550.5,BID
912,1712373707.9614146,5189568.00975611,531.1,1.2193267175225029e-08,550.5,BID
913,1712373707.9956305,5189568.00975679,531.4,1.2690287441562592e-16,550.5,BID
914,1712373720.3925197,5189568.00975679,531.4,0.0,550.5,BID
915,1712373728.7155414,5189756.76022866,531.4,3.5218239749378345e-08,550.5,BID
916,1712373749.4773746,5189796.12153552,531.7,7.344278020136403e-09,550.5,BID
917,1712373749.480945,5190793.83705466,531.7,1.861599815170553e-07,550.5,BID
918,1712373749.4911566,5190793.83705542,531.7,1.4179792916913571e-16,550.5,BID
919,1712373749.5552402,5191628.62903694,531.8,1.557606921704485e-07,550.5,BID
920,1712373750.361878,5191628.62903694,531.8,0.0,550.5,BID
921,1712373770.425167,5191817.09492461,531.7,3.51579527488348e-08,550.5,BID
1122,1712373771.9553063,5191849.7568382,531.8,-6.0930178339594735e-09,550.5,ASK
922,1712373771.9553063,5191849.7568382,531.8,-6.093017833959473e-09,550.5,ASK
923,1712373772.0952368,5191866.08779499,531.8,-3.0465089161979233e-09,550.5,ASK
924,1712373780.468698,5191866.08779499,531.8,-0.0,550.5,ASK
925,1712373796.7394454,5192056.26483669,532.2,3.5476329671898134e-08,550.5,BID
926,1712373796.743265,5192125.07753597,532.2,1.2836575768757022e-08,550.5,BID
927,1712373803.685333,5200618.8947812,532.2,-1.584468125441778e-06,550.5,ASK
928,1712373810.494991,5200618.8947812,532.2,-0.0,550.5,ASK
929,1712373840.3421912,5200618.8947812,532.2,-0.0,550.5,ASK
930,1712373840.8304274,5203163.80271054,532.2,4.7432437831655546e-07,550.5,BID
931,1712373844.1446006,5203658.34701366,531.8,-9.217402972544005e-08,550.5,ASK
932,1712373862.354695,5203899.90192716,531.8,-4.5021426061998855e-08,550.5,ASK
933,1712373868.5949533,5204094.6609633,531.2,3.629952882516189e-08,550.5,BID
934,1712373870.3512585,5204094.6609633,531.2,0.0,550.5,BID
935,1712373884.1546838,5204113.4862645,531.2,3.5074835165367887e-09,550.5,BID
936,1712373888.7344017,5204132.3115657,531.2,3.5074835165367887e-09,550.5,BID
937,1712373893.9387462,5204151.1368669,531.2,3.5074835165367887e-09,550.5,BID
938,1712373900.474435,5204151.1368669,531.2,0.0,550.5,BID
939,1712373930.4846308,5204151.1368669,531.2,0.0,550.5,BID
940,1712373956.5744193,5204166.75217671,531.2,2.9143031599128356e-09,550.5,BID
941,1712373960.3908572,5204166.75217671,531.2,0.0,550.5,BID
942,1712373964.7446473,5204417.98711645,529.5,-4.6888192049943456e-08,550.5,ASK
943,1712373964.7517989,5204551.66010605,529.4,-2.4947504573657008e-08,550.5,ASK
944,1712373964.7578034,5206711.66010605,529.5,-4.031226505862356e-07,550.5,ASK
945,1712373985.344443,5206726.1077613,529.5,-2.696378277437257e-09,550.5,ASK
946,1712373986.894514,5206915.67192505,529.5,-3.5378522290314046e-08,550.5,ASK
947,1712373990.330623,5206915.67192505,529.5,-0.0,550.5,ASK
948,1712374020.474279,5206915.67192505,529.5,-0.0,550.5,ASK
949,1712374050.4882474,5206915.67192505,529.5,-0.0,550.5,ASK
950,1712374063.184441,5206978.5103556,529.5,-1.1724405212165489e-08,550.5,ASK
951,1712374063.191363,5207014.90010015,529.5,-6.789604815673e-09,550.5,ASK
952,1712374080.3478715,5207014.90010015,529.5,-0.0,550.5,ASK
953,1712374110.380625,5207014.90010015,529.5,-0.0,550.5,ASK
954,1712374140.4978292,5207014.90010015,529.5,-0.0,550.5,ASK
955,1712374143.9937725,5207024.34485935,531.3,1.762187525702475e-09,550.5,BID
956,1712374170.4970934,5207024.34485935,531.3,0.0,550.5,BID
957,1712374190.0536003,5207082.76496068,529.6,-1.0899915525368416e-08,550.5,ASK
958,1712374200.4034233,5207082.76496068,529.6,-0.0,550.5,ASK
959,1712374230.3625278,5207082.76496068,529.6,-0.0,550.5,ASK
960,1712374260.4869914,5207082.76496068,529.6,-0.0,550.5,ASK
961,1712374290.4928205,5207082.76496068,529.6,-0.0,550.5,ASK
962,1712374311.7802956,5207084.08659148,531.3,2.4664256588444177e-10,550.5,BID
963,1712374311.788124,5209164.08659148,531.9,3.881693260963468e-07,550.5,BID
964,1712374311.791783,5215004.05329887,531.8,1.0898538179002889e-06,550.5,BID
965,1712374311.7952096,5215414.49876889,531.2,7.659727956587963e-08,550.5,BID
966,1712374311.7986655,5215965.09010205,531.9,1.0275128209003606e-07,550.5,BID
967,1712374311.8021138,5216003.01198297,531.3,7.076976423472549e-09,550.5,BID
968,1712374311.8056068,5216484.80112071,531.8,8.991142544084364e-08,550.5,BID
969,1712374320.3679514,5216484.80112071,531.8,0.0,550.5,BID
970,1712374350.3615596,5216484.80112071,531.8,0.0,550.5,BID
971,1712374380.483071,5216484.80112071,531.8,0.0,550.5,BID
972,1712374407.8223825,5216541.21330574,531.7,1.0517820370439456e-08,550.5,BID
973,1712374410.53696,5216541.21330574,531.7,0.0,550.5,BID
974,1712374440.407133,5216541.21330574,531.7,0.0,550.5,BID
975,1712374470.3551743,5216541.21330574,531.7,0.0,550.5,BID
976,1712374500.4818945,5216541.21330574,531.7,0.0,550.5,BID
977,1712374530.5020792,5216541.21330574,531.7,0.0,550.5,BID
978,1712374560.3490038,5216541.21330574,531.7,0.0,550.5,BID
979,1712374590.3634748,5216541.21330574,531.7,0.0,550.5,BID
980,1712374605.9418566,5216560.020904,531.5,3.507887460290062e-09,550.5,BID
981,1712374620.4866836,5216560.020904,531.5,0.0,550.5,BID
982,1712374650.5230992,5216560.020904,531.5,0.0,550.5,BID
983,1712374680.3627408,5216560.020904,531.5,0.0,550.5,BID
984,1712374710.3507657,5216560.020904,531.5,0.0,550.5,BID
985,1712374740.4173243,5216560.020904,531.5,0.0,550.5,BID
986,1712374770.414818,5216560.020904,531.5,0.0,550.5,BID
987,1712374800.3996418,5216560.020904,531.5,0.0,550.5,BID
988,1712374830.373507,5216560.020904,531.5,0.0,550.5,BID
989,1712374860.482643,5216560.020904,531.5,0.0,550.5,BID
990,1712374890.4916165,5216560.020904,531.5,0.0,550.5,BID
991,1712374893.3015497,5216570.020904,531.5,1.882869163365052e-09,550.5,BID
992,1712374920.331088,5216570.020904,531.5,0.0,550.5,BID
993,1712374950.344308,5216570.020904,531.5,0.0,550.5,BID
994,1712374957.2219868,5216588.83557944,531.5,3.542553675292192e-09,550.5,BID
995,1712374972.812468,5217515.54638386,531.5,1.744873450825559e-07,550.5,BID
996,1712374972.8724496,5217983.59445588,531.5,-8.812723998509954e-08,550.5,ASK
997,1712374980.467009,5217983.59445588,531.5,-0.0,550.5,ASK
998,1712375010.4934332,5217983.59445588,531.5,-0.0,550.5,ASK
999,1712375025.553786,5218003.93611947,531.4,3.829523543492893e-09,550.5,BID
1000,1712375040.352785,5218003.93611947,531.4,0.0,550.5,BID
1201,1712375043.2642384,5220053.93611947,530.4,-3.859324117563141e-07,550.5,ASK
1202,1712375043.2677934,5220799.45437954,530.4,-1.4035105371572364e-07,550.5,ASK
1203,1712375059.225037,5220876.24932184,530.4,-1.4457393801201197e-08,550.5,ASK
1204,1712375070.3255916,5220876.24932184,530.4,-0.0,550.5,ASK
1205,1712375098.505761,5221252.75534593,531.2,7.086059260530207e-08,550.5,BID
1206,1712375100.353211,5221252.75534593,531.2,0.0,550.5,BID
1207,1712375106.2957592,5221288.8416146,531.1,6.792171740220986e-09,550.5,BID
1208,1712375127.078484,5223388.8416146,529.7,-3.952628293307409e-07,550.5,ASK
1209,1712375127.086023,5225488.8416146,529.7,-3.952628293307409e-07,550.5,ASK
1210,1712375127.0880544,5225677.52085988,530.0,-3.5513282059715187e-08,550.5,ASK
1211,1712375127.090054,5229055.03353831,529.7,-6.357167701792792e-07,550.5,ASK
1212,1712375127.1759677,5229598.60145254,529.7,1.0231056748185105e-07,550.5,BID
1213,1712375130.366417,5229598.60145254,529.7,0.0,550.5,BID
1214,1712375160.4670298,5229598.60145254,529.7,0.0,550.5,BID
1215,1712375185.217584,5230414.19804461,529.7,-1.5338428099846134e-07,550.5,ASK
1216,1712375185.2203257,5230451.08021983,529.6,-6.936205941523611e-09,550.5,ASK
1217,1712375185.222834,5231395.36728309,529.5,-1.775863137026217e-07,550.5,ASK
1218,1712375185.2249076,5232036.43358657,529.6,-1.2056143317379305e-07,550.5,ASK
1219,1712375185.226962,5234216.43358657,529.5,-4.099793155434469e-07,550.5,ASK
1220,1712375185.228998,5235727.00760469,529.6,-2.840844504708643e-07,550.5,ASK
1221,1712375185.2310576,5237877.00760469,529.5,-4.043373983570692e-07,550.5,ASK
1222,1712375190.5324264,5237877.00760469,529.5,-0.0,550.5,ASK
1223,1712375220.4250896,5237877.00760469,529.5,-0.0,550.5,ASK
1224,1712375250.3362317,5237877.00760469,529.5,-0.0,550.5,ASK
1225,1712375257.6683028,5237934.02022967,529.5,1.0713184641552788e-08,550.5,BID
1226,1712375280.4787936,5237934.02022967,529.5,0.0,550.5,BID
1227,1712375310.4947896,5237934.02022967,529.5,0.0,550.5,BID
1228,1712375338.6997235,5241123.74925561,529.5,-5.993753520117006e-07,550.5,ASK
1229,1712375338.7019272,5241256.75633776,529.5,-2.499308437663145e-08,550.5,ASK
1230,1712375338.779532,5241536.27203859,529.5,5.2523214422115966e-08,550.5,BID
1231,1712375338.789843,5242419.9726231,529.5,1.6605434022950228e-07,550.5,BID
1232,1712375340.3630536,5242419.9726231,529.5,0.0,550.5,BID
1233,1712375370.3614686,5242419.9726231,529.5,0.0,550.5,BID
1234,1712375390.340516,5247864.76298543,529.5,-1.0226627858036436e-06,550.5,ASK
1235,1712375400.3760843,5247864.76298543,529.5,-0.0,550.5,ASK
1236,1712375430.361166,5247864.76298543,529.5,-0.0,550.5,ASK
1237,1712375460.485367,5247864.76298543,529.5,-0.0,550.5,ASK
1238,1712375478.1213057,5248164.76298543,531.3,5.6609057020915344e-08,550.5,BID
1239,1712375479.6109476,5251251.96979023,529.5,-5.825462201609079e-07,550.5,ASK
1240,1712375482.961136,5251820.36691035,529.5,1.0725474994465785e-07,550.5,BID
1241,1712375482.9640691,5252009.18932611,529.5,3.563019633541828e-08,550.5,BID
1242,1712375490.5112467,5252009.18932611,529.5,0.0,550.5,BID
1243,1712375499.491188,5252242.86005956,529.4,-4.4074677525885007e-08,550.5,ASK
1244,1712375499.4940517,5252431.75314607,529.4,-3.562877452331762e-08,550.5,ASK
1245,1712375520.371622,5252431.75314607,529.4,-0.0,550.5,ASK
1246,1712375524.1116326,5252878.1798472,529.4,-8.420088558833248e-08,550.5,ASK
1247,1712375524.1145124,5252944.50911376,529.4,-1.2510414297754324e-08,550.5,ASK
1248,1712375527.1215982,5253201.45734066,529.4,-4.846320392695631e-08,550.5,ASK
1249,1712375550.3528888,5253201.45734066,529.4,-0.0,550.5,ASK
1250,1712375580.5117438,5253201.45734066,529.4,-0.0,550.5,ASK
1251,1712375610.4867127,5253201.45734066,529.4,-0.0,550.5,ASK
1252,1712375640.382245,5253201.45734066,529.4,-0.0,550.5,ASK
1253,1712375670.358668,5253201.45734066,529.4,-0.0,550.5,ASK
1254,1712375700.3798363,5253201.45734066,529.4,-0.0,550.5,ASK
1255,1712375730.4086804,5253201.45734066,529.4,-0.0,550.5,ASK
1256,1712375736.5531745,5254636.63723797,529.4,-2.7118122578064295e-07,550.5,ASK
1257,1712375736.5562408,5256101.57631482,529.4,-2.768043053687856e-07,550.5,ASK
1258,1712375760.5075183,5256101.57631482,529.4,-0.0,550.5,ASK
1259,1712375790.48885,5256101.57631482,529.4,-0.0,550.5,ASK
1260,1712375793.9834912,5256177.17639043,529.5,-1.4280701276876505e-08,550.5,ASK
1261,1712375820.351675,5256177.17639043,529.5,-0.0,550.5,ASK
1262,1712375850.4071224,5256177.17639043,529.5,-0.0,550.5,ASK
1263,1712375880.5338292,5256177.17639043,529.5,-0.0,550.5,ASK
1264,1712375910.5190823,5256177.17639043,529.5,-0.0,550.5,ASK
1265,1712375940.3628073,5256177.17639043,529.5,-0.0,550.5,ASK
1266,1712375970.3530748,5256177.17639043,529.5,-0.0,550.5,ASK
1267,1712376000.4480689,5256177.17639043,529.5,-0.0,550.5,ASK
1268,1712376030.4494042,5256177.17639043,529.5,-0.0,550.5,ASK
1269,1712376060.495417,5256177.17639043,529.5,-0.0,550.5,ASK
1270,1712376077.545627,5256297.47083187,531.4,2.2775725976445443e-08,550.5,BID
1271,1712376077.548853,5256308.80441707,531.3,2.145823429190305e-09,550.5,BID
1272,1712376083.6655476,5256443.28766272,530.1,-2.5462137025495653e-08,550.5,ASK
1273,1712376090.5117242,5256443.28766272,530.1,-0.0,550.5,ASK
1274,1712376106.2358935,5259789.58996279,530.1,-6.33549026407072e-07,550.5,ASK
1275,1712376120.3365805,5259789.58996279,530.1,-0.0,550.5,ASK
1276,1712376150.3716946,5259789.58996279,530.1,-0.0,550.5,ASK
1277,1712376180.491393,5259789.58996279,530.1,-0.0,550.5,ASK
1278,1712376183.2857385,5260542.12763979,530.1,1.4242868792934802e-07,550.5,BID
1279,1712376210.5009685,5260542.12763979,530.1,0.0,550.5,BID
1280,1712376211.315775,5260542.12763994,530.1,2.837673618106676e-17,550.5,BID
1281,1712376216.6964054,5262480.24516647,531.8,3.667892049521656e-07,550.5,BID
1282,1712376216.7002242,5263420.97893882,531.5,1.7803409117788005e-07,550.5,BID
1283,1712376216.7042823,5263820.97893882,531.7,7.570009556826192e-08,550.5,BID
1284,1712376216.7079103,5263852.97371624,531.5,6.0550192710495486e-09,550.5,BID
1285,1712376216.709648,5271358.23386887,531.9,1.4203722770468171e-06,550.5,BID
1286,1712376216.7113156,5273548.23386887,531.8,4.1445802323623394e-07,550.5,BID
1287,1712376240.3877687,5273548.23386887,531.8,0.0,550.5,BID
1288,1712376266.0460513,5274522.56694699,531.8,1.841517028585534e-07,550.5,BID
1289,1712376266.1662977,5276944.25257891,531.8,-4.5770542222255e-07,550.5,ASK
1290,1712376266.626364,5277209.83237891,530.2,-5.01953320820339e-08,550.5,ASK
1291,1712376270.3554826,5277209.83237891,530.2,-0.0,550.5,ASK
1292,1712376284.766124,5277228.63644058,531.8,3.552713517863322e-09,550.5,BID
1293,1712376295.4753442,5277239.54655716,531.8,2.061284382963089e-09,550.5,BID
1294,1712376300.4971304,5277239.54655716,531.8,0.0,550.5,BID
1295,1712376314.5961046,5277275.17601084,530.2,-6.7400727844366434e-09,550.5,ASK
1296,1712376330.502416,5277275.17601084,530.2,-0.0,550.5,ASK
1297,1712376360.3421707,5277275.17601084,530.2,-0.0,550.5,ASK
1298,1712376390.5414083,5277275.17601084,530.2,-0.0,550.5,ASK
1299,1712376420.496927,5277275.17601084,530.2,-0.0,550.5,ASK
1300,1712376450.4989212,5277275.17601084,530.2,-0.0,550.5,ASK
1301,1712376471.7964954,5277294.11181845,530.2,-3.582099983352524e-09,550.5,ASK
1302,1712376480.3631234,5277294.11181845,530.2,-0.0,550.5,ASK
1303,1712376510.3649335,5277294.11181845,530.2,-0.0,550.5,ASK
1304,1712376540.5220826,5277294.11181845,530.2,-0.0,550.5,ASK
1305,1712376543.8867211,5277309.3378443,530.2,-2.88031250016965e-09,550.5,ASK
1306,1712376570.50701,5277309.3378443,530.2,-0.0,550.5,ASK
1307,1712376576.8384385,5277809.3378443,531.3,9.458502598805861e-08,550.5,BID
1308,1712376586.2871213,5278092.24995293,531.4,-5.3518498294199043e-08,550.5,ASK
1309,1712376588.5769722,5279926.10971805,531.4,-3.469113470846323e-07,550.5,ASK
1310,1712376594.8070955,5280900.44279617,531.5,1.843146390299925e-07,550.5,BID
1311,1712376600.4145474,5280900.44279617,531.5,0.0,550.5,BID
1312,1712376603.4170425,5282796.17739332,531.6,3.585326752966215e-07,550.5,BID
1313,1712376611.3670287,5293274.9409866,531.6,-1.981806498940891e-06,550.5,ASK
1314,1712376617.26698,5294249.27406472,531.6,-1.842717043057884e-07,550.5,ASK
1315,1712376630.365301,5294249.27406472,531.6,-0.0,550.5,ASK
1316,1712376660.49695,5294249.27406472,531.6,-0.0,550.5,ASK
1317,1712376690.4971275,5294249.27406472,531.6,-0.0,550.5,ASK
1318,1712376720.4416275,5294249.27406472,531.6,-0.0,550.5,ASK
1319,1712376743.3975542,5295223.60714284,531.5,1.840247278206789e-07,550.5,BID
1320,1712376743.4009778,5303655.02544415,531.6,1.592463083604756e-06,550.5,BID
1321,1712376750.363063,5303655.02544415,531.6,0.0,550.5,BID
1322,1712376769.5573711,5304218.86128394,531.6,1.0639261349340581e-07,550.5,BID
1323,1712376776.2774873,5305159.41809357,531.6,1.7747771612514173e-07,550.5,BID
1324,1712376780.4972482,5305159.41809357,531.6,0.0,550.5,BID
1325,1712376790.1627538,5308368.28927425,530.2,-6.054043673797136e-07,550.5,ASK
1326,1712376790.1656132,5309969.71518271,530.4,-3.0213435953862545e-07,550.5,ASK
1327,1712376790.1683552,5310063.96588959,530.5,-1.7781888508632913e-08,550.5,ASK
1328,1712376790.171089,5312133.96588959,530.1,-3.905382827521965e-07,550.5,ASK
1329,1712376790.173909,5312155.08253745,531.0,-3.983990044802431e-09,550.5,ASK
1330,1712376790.1755114,5313758.4127279,530.3,-3.0249363249424e-07,550.5,ASK
1331,1712376790.1771328,5314489.9748646,529.8,-1.380207828954072e-07,550.5,ASK
1332,1712376790.178735,5314565.41809357,530.2,-1.4233559945396566e-08,550.5,ASK
1333,1712376810.5074043,5314565.41809357,530.2,-0.0,550.5,ASK
1334,1712376840.3725293,5314565.41809357,530.2,-0.0,550.5,ASK
1335,1712376847.377514,5314577.47465955,530.4,-2.272523911120761e-09,550.5,ASK
1336,1712376847.4773383,5315042.91050362,530.1,8.772929924320983e-08,550.5,BID
1337,1712376870.3821857,5315042.91050362,530.1,0.0,550.5,BID
1338,1712376900.4305513,5315042.91050362,530.1,0.0,550.5,BID
1339,1712376912.9671583,5315054.15815124,530.3,-2.129370319130829e-09,550.5,ASK
1340,1712376930.3615255,5315054.15815124,530.3,-0.0,550.5,ASK
1341,1712376951.3961506,5315064.15815124,531.5,1.893167341843206e-09,550.5,BID
1342,1712376960.5076206,5315064.15815124,531.5,0.0,550.5,BID
1343,1712376963.067338,5315076.74815124,531.4,2.383495285035473e-09,550.5,BID
1344,1712376963.0710435,5315528.70104442,531.5,8.556215964773966e-08,550.5,BID
1345,1712376990.4970102,5315528.70104442,531.5,0.0,550.5,BID
1346,1712377020.3427997,5315528.70104442,531.5,0.0,550.5,BID
1347,1712377050.348843,5315528.70104442,531.5,0.0,550.5,BID
1348,1712377080.4963348,5315528.70104442,531.5,0.0,550.5,BID
1349,1712377100.3459086,5315547.51571986,531.5,3.561762837931884e-09,550.5,BID
1350,1712377110.5150974,5315547.51571986,531.5,0.0,550.5,BID
1351,1712377137.9333992,5316955.50222519,531.5,2.6654217519546615e-07,550.5,BID
1352,1712377140.346243,5316955.50222519,531.5,0.0,550.5,BID
1353,1712377167.04297,5317144.14587733,530.1,-3.570656889149844e-08,550.5,ASK
1354,1712377170.356409,5317144.14587733,530.1,-0.0,550.5,ASK
1355,1712377183.6827009,5317639.14919412,529.8,-9.369271262271813e-08,550.5,ASK
1356,1712377200.3880432,5317639.14919412,529.8,-0.0,550.5,ASK
1357,1712377203.122496,5318110.50996437,530.1,8.94538841976646e-08,550.5,BID
1358,1712377203.1323211,5323420.30022206,531.0,1.0076811495653115e-06,550.5,BID
1359,1712377203.1346889,5325580.30022206,531.1,4.099203880810495e-07,550.5,BID
1360,1712377203.136756,5327054.3491945,531.5,2.7974200316345253e-07,550.5,BID
1361,1712377225.3519657,5327066.1491945,530.0,-2.239379897991573e-09,550.5,ASK
1362,1712377230.3642194,5327066.1491945,530.0,-0.0,550.5,ASK
1363,1712377260.4915185,5327066.1491945,530.0,-0.0,550.5,ASK
1364,1712377280.6712906,5328028.68227262,530.0,-1.824941780797172e-07,550.5,ASK
1365,1712377280.6753223,5336480.1491945,530.0,-1.6023797462528591e-06,550.5,ASK
1366,1712377284.1211534,5336502.33255416,530.2,-4.2059167420792995e-09,550.5,ASK
1367,1712377290.4809525,5336502.33255416,530.2,-0.0,550.5,ASK
1368,1712377300.2109425,5337442.88936379,530.2,-1.7815859305115526e-07,550.5,ASK
1369,1712377320.3857355,5337442.88936379,530.2,-0.0,550.5,ASK
1370,1712377350.52941,5337442.88936379,530.2,-0.0,550.5,ASK
1371,1712377380.479813,5337442.88936379,530.2,-0.0,550.5,ASK
1372,1712377410.493204,5337442.88936379,530.2,-0.0,550.5,ASK
1373,1712377419.9093091,5337872.41576247,530.3,-8.135243969377524e-08,550.5,ASK
1374,1712377440.3753493,5337872.41576247,530.3,-0.0,550.5,ASK
1375,1712377466.068421,5337909.46596247,530.3,-7.017017214869106e-09,550.5,ASK
1376,1712377467.4192796,5340378.88234814,531.5,4.676880904603375e-07,550.5,BID
1377,1712377467.430314,5344916.80368589,531.5,8.594467006160379e-07,550.5,BID
1378,1712377467.4361064,5347316.80368589,531.5,4.545411715975878e-07,550.5,BID
1379,1712377470.3268912,5347316.80368589,531.5,0.0,550.5,BID
1380,1712377500.3081377,5347343.91368589,531.4,5.129544752224994e-09,550.5,BID
1381,1712377500.3099422,5347504.95044035,531.5,3.047013053285878e-08,550.5,BID
1382,1712377500.4498568,5351267.88552971,531.5,7.11993505730399e-07,550.5,BID
1383,1712377500.4781053,5351267.88552971,531.5,0.0,550.5,BID
1384,1712377510.687346,5353147.58477783,531.5,3.563247259841265e-07,550.5,BID
1385,1712377530.4683795,5353147.58477783,531.5,0.0,550.5,BID
1386,1712377531.4879618,5357992.49348872,530.3,-9.182500247727208e-07,550.5,ASK
1387,1712377531.4917147,5362348.52673855,530.2,-8.255940159567456e-07,550.5,ASK
1388,1712377531.4946673,5362537.09924467,530.3,-3.573993211210498e-08,550.5,ASK
1389,1712377531.4975953,5362553.58477783,530.2,-3.124484306315618e-09,550.5,ASK
1390,1712377560.4573636,5362553.58477783,530.2,-0.0,550.5,ASK
1391,1712377590.3232002,5362553.58477783,530.2,-0.0,550.5,ASK
1392,1712377620.5166786,5362553.58477783,530.2,-0.0,550.5,ASK
1393,1712377650.4965289,5362553.58477783,530.2,-0.0,550.5,ASK
1394,1712377680.3612063,5362553.58477783,530.2,-0.0,550.5,ASK
1395,1712377710.367229,5362553.58477783,530.2,-0.0,550.5,ASK
1396,1712377740.3998694,5362553.58477783,530.2,-0.0,550.5,ASK
1397,1712377750.530188,5366890.69194285,530.2,-8.212306776475376e-07,550.5,ASK
1398,1712377770.6305585,5366890.69194285,530.2,-0.0,550.5,ASK
1399,1712377800.419547,5366890.69194285,530.2,-0.0,550.5,ASK
1400,1712377830.3589177,5366890.69194285,530.2,-0.0,550.5,ASK
1401,1712377860.484716,5366890.69194285,530.2,-0.0,550.5,ASK
1402,1712377890.4744637,5366890.69194285,530.2,-0.0,550.5,ASK
1403,1712377895.765266,5366901.07910054,530.2,-1.973837403997722e-09,550.5,ASK
1404,1712377920.339556,5366901.07910054,530.2,-0.0,550.5,ASK
1405,1712377950.3693328,5366901.07910054,530.2,-0.0,550.5,ASK
1406,1712377965.134072,5366918.10563196,530.2,-3.2354923655740667e-09,550.5,ASK
1407,1712377980.485252,5366918.10563196,530.2,-0.0,550.5,ASK
1408,1712377999.3238764,5366974.68805368,530.2,-1.0752141756662098e-08,550.5,ASK
1409,1712377999.3279886,5367696.13046981,530.2,-1.3709295027856605e-07,550.5,ASK
1410,1712378010.4947886,5367696.13046981,530.2,-0.0,550.5,ASK
1411,1712378018.5334864,5369582.92292181,530.1,-3.585118693411342e-07,550.5,ASK
1412,1712378040.3353715,5369582.92292181,530.1,-0.0,550.5,ASK
1413,1712378060.723902,5369771.63777366,529.9,-3.5851139193047176e-08,550.5,ASK
1414,1712378060.7337942,5369771.63777449,530.1,-1.57643008282868e-16,550.5,ASK
1415,1712378060.737796,5371164.85198035,529.8,-2.646761287225068e-07,550.5,ASK
1416,1712378060.7425475,5371353.60245222,529.8,-3.5857906113126576e-08,550.5,ASK
1417,1712378060.7464504,5372222.28943987,529.5,-1.6502897256978077e-07,550.5,ASK
1418,1712378060.7485952,5376132.77790038,529.7,-7.428957749557417e-07,550.5,ASK
1419,1712378060.7503526,5377694.70539916,529.5,-2.967274680257338e-07,550.5,ASK
1420,1712378060.7523644,5379582.92292181,529.6,-3.58714476193888e-07,550.5,ASK
1421,1712378070.3777833,5379582.92292181,529.6,-0.0,550.5,ASK
1422,1712378100.463188,5379582.92292181,529.6,-0.0,550.5,ASK
1423,1712378130.4828606,5379582.92292181,529.6,-0.0,550.5,ASK
1424,1712378160.3193684,5379582.92292181,529.6,-0.0,550.5,ASK
1425,1712378182.412948,5379900.84777075,529.6,-6.041194088367398e-08,550.5,ASK
1426,1712378182.4170947,5382356.4081662,529.5,-4.666045134287791e-07,550.5,ASK
1427,1712378190.3429787,5382356.4081662,529.5,-0.0,550.5,ASK
1428,1712378212.8624911,5382545.01623862,530.2,3.582922496370384e-08,550.5,BID
1429,1712378220.3880353,5382545.01623862,530.2,0.0,550.5,BID
1430,1712378250.3698142,5382545.01623862,530.2,0.0,550.5,BID
1431,1712378270.4122148,5382563.87704586,530.2,3.582854433748986e-09,550.5,BID
1432,1712378280.4753237,5382563.87704586,530.2,0.0,550.5,BID
1433,1712378310.501964,5382563.87704586,530.2,0.0,550.5,BID
1434,1712378340.346049,5382563.87704586,530.2,0.0,550.5,BID
1435,1712378357.4817836,5382584.62393382,530.2,3.9411323897605615e-09,550.5,BID
1436,1712378370.3616128,5382584.62393382,530.2,0.0,550.5,BID
1437,1712378400.3362453,5382584.62393382,530.2,0.0,550.5,BID
1438,1712378430.3404925,5382584.62393382,530.2,0.0,550.5,BID
1439,1712378460.491284,5382584.62393382,530.2,0.0,550.5,BID
1440,1712378480.652775,5382693.24237968,530.2,2.080394192127246e-08,550.5,BID
1441,1712378485.7711604,5382774.69230423,530.2,1.5600292256171676e-08,550.5,BID
1442,1712378490.4914348,5382774.69230423,530.2,0.0,550.5,BID
1443,1712378520.3687098,5382774.69230423,530.2,0.0,550.5,BID
1444,1712378535.4912286,5384546.58875839,530.2,3.393688718663301e-07,550.5,BID
1445,1712378550.3733418,5384546.58875839,530.2,0.0,550.5,BID
1446,1712378580.4833908,5384546.58875839,530.2,0.0,550.5,BID
1447,1712378610.4530718,5384546.58875839,530.2,0.0,550.5,BID
1448,1712378640.364591,5384546.58875839,530.2,0.0,550.5,BID
1449,1712378647.3206985,5388923.1481211,530.2,8.380855488947472e-07,550.5,BID
1450,1712378649.2406373,5388942.01248631,530.1,-3.612415726868953e-09,550.5,ASK
1451,1712378649.2506716,5391700.21399434,529.5,-5.281794746155975e-07,550.5,ASK
1452,1712378649.2540853,5391719.08191886,530.0,-3.613097313937419e-09,550.5,ASK
1453,1712378670.3525558,5391719.08191886,530.0,-0.0,550.5,ASK
1454,1712378688.3104556,5395496.23017193,529.5,-7.227757481958372e-07,550.5,ASK
1455,1712378691.7003944,5396253.36006522,529.5,-1.448804993712428e-07,550.5,ASK
1456,1712378691.7046883,5397268.12662609,529.5,-1.9418053280829538e-07,550.5,ASK
1457,1712378700.4870872,5397268.12662609,529.5,-0.0,550.5,ASK
1458,1712378730.3335292,5397268.12662609,529.5,-0.0,550.5,ASK
1459,1712378730.7702136,5405750.96065114,529.5,-1.6417074164051309e-06,550.5,ASK
1460,1712378730.7724512,5406128.67547644,529.5,-7.310024316765697e-08,550.5,ASK
1461,1712378730.8902795,5406305.86569177,529.4,-3.429213512395595e-08,550.5,ASK
1462,1712378730.894509,5407090.45390484,529.4,-1.5184362730874305e-07,550.5,ASK
1463,1712378760.4599788,5407090.45390484,529.4,-0.0,550.5,ASK
1464,1712378762.5101554,5407279.41837951,529.2,-3.6534068935936e-08,550.5,ASK
1465,1712378762.5145175,5409289.41837884,529.1,-3.88609968435293e-07,550.5,ASK
1466,1712378762.590119,5409289.41837951,529.1,-1.294633676636481e-16,550.5,ASK
1467,1712378762.593407,5409308.32197119,529.0,-3.654788143610995e-09,550.5,ASK
1468,1712378762.595978,5409573.62890932,528.9,-5.1293990490799946e-08,550.5,ASK
1469,1712378762.5984323,5409762.66482614,529.0,-3.654788143935104e-08,550.5,ASK
1470,1712378785.4800065,5409834.49847453,528.8,1.3888194946658093e-08,550.5,BID
1471,1712378790.4900682,5409834.49847453,528.8,0.0,550.5,BID
1472,1712378820.3398626,5409834.49847453,528.8,0.0,550.5,BID
1473,1712378821.649864,5410009.49847453,528.7,-3.38247070523078e-08,550.5,ASK
1474,1712378850.3680048,5410009.49847453,528.7,-0.0,550.5,ASK
1475,1712378880.4659512,5410009.49847453,528.7,-0.0,550.5,ASK
1476,1712378910.5467598,5410009.49847453,528.7,-0.0,550.5,ASK
1477,1712378917.3895998,5410029.49847453,528.8,-3.865611676770423e-09,550.5,ASK
1478,1712378940.3471217,5410029.49847453,528.8,-0.0,550.5,ASK
1479,1712378970.3705878,5410029.49847453,528.8,-0.0,550.5,ASK
1480,1712378995.4059403,5410209.49847453,528.8,-3.4790433974574243e-08,550.5,ASK
1481,1712378995.4135056,5411155.03553958,528.8,-1.8275358240067765e-07,550.5,ASK
1482,1712379000.3894093,5411155.03553958,528.8,-0.0,550.5,ASK
1483,1712379015.7733214,5411169.17872096,528.7,-2.733729290205038e-09,550.5,ASK
1484,1712379015.780241,5413432.51839593,528.7,-4.374799273619699e-07,550.5,ASK
1485,1712379021.42924,5413451.43629225,528.6,-3.656631834581572e-09,550.5,ASK
1486,1712379021.4337723,5413640.61525554,528.6,-3.656631836309715e-08,550.5,ASK
1487,1712379030.3434253,5413640.61525554,528.6,-0.0,550.5,ASK
1488,1712379038.909764,5413850.16023693,528.2,-4.04925717903868e-08,550.5,ASK
1489,1712379038.9467516,5416249.99058293,528.2,4.637443565858087e-07,550.5,BID
1490,1712379038.959966,5417203.27413993,528.2,1.8421296760473522e-07,550.5,BID
1491,1712379038.9634428,5420370.44433382,528.2,6.120254734719846e-07,550.5,BID
1492,1712379038.9824677,5422770.27467982,528.2,4.637443565858087e-07,550.5,BID
1493,1712379039.019503,5429209.13699982,528.2,1.244248814800459e-06,550.5,BID
1494,1712379039.023939,5430165.79870682,528.2,1.8486576291625425e-07,550.5,BID
1495,1712379039.039358,5434580.90186181,528.2,8.531766319578141e-07,550.5,BID
1496,1712379039.119841,5435604.9863517,528.6,1.978945735246613e-07,550.5,BID
1497,1712379039.1241083,5436078.232799,528.6,9.145036838777985e-08,550.5,BID
1498,1712379041.0902295,5438734.843994,528.8,5.133648098821416e-07,550.5,BID
1499,1712379060.460241,5438734.843994,528.8,0.0,550.5,BID
1500,1712379090.4812524,5438734.843994,528.8,0.0,550.5,BID
1501,1712379120.3763657,5438734.843994,528.8,0.0,550.5,BID
1502,1712379121.1521633,5438914.94009689,528.1,-3.47129295510682e-08,550.5,ASK
1503,1712379150.3427095,5438914.94009689,528.1,-0.0,550.5,ASK
1504,1712379151.9927895,5438914.94009705,528.8,3.087504273162337e-17,550.5,BID
1505,1712379165.2129748,5439292.7511915,529.5,7.282050681649215e-08,550.5,BID
1506,1712379180.4663436,5439292.7511915,529.5,0.0,550.5,BID
1507,1712379210.477951,5439292.7511915,529.5,0.0,550.5,BID
1508,1712379240.0053864,5439598.64923398,529.5,5.895748413214685e-08,550.5,BID
1509,1712379240.3492856,5439598.64923398,529.5,0.0,550.5,BID
1510,1712379270.3814254,5439598.64923398,529.5,0.0,550.5,BID
1511,1712379300.4761975,5439598.64923398,529.5,0.0,550.5,BID
1512,1712379330.3569005,5444874.89070514,529.5,1.0175885485594174e-06,550.5,BID
1513,1712379330.359145,5445063.49877756,529.5,3.6375403913782425e-08,550.5,BID
1514,1712379330.481006,5445063.49877756,529.5,0.0,550.5,BID
1515,1712379360.3399944,5445063.49877756,529.5,0.0,550.5,BID
1516,1712379390.3388796,5445063.49877756,529.5,0.0,550.5,BID
1517,1712379416.617998,5446157.98659818,529.5,-2.1096780298727385e-07,550.5,ASK
1518,1712379420.4782946,5446157.98659818,529.5,-0.0,550.5,ASK
1519,1712379450.4986358,5446157.98659818,529.5,-0.0,550.5,ASK
1520,1712379452.288648,5449824.1408319,529.5,-7.065899684887755e-07,550.5,ASK
1521,1712379462.0790458,5450726.34220324,528.4,-1.7388423887961797e-07,550.5,ASK
1522,1712379468.3688557,5450736.34220324,529.4,1.9273329037545102e-09,550.5,BID
1523,1712379480.3838332,5450736.34220324,529.4,0.0,550.5,BID
1524,1712379510.397517,5450736.34220324,529.4,0.0,550.5,BID
1525,1712379540.4998424,5450736.34220324,529.4,0.0,550.5,BID
1526,1712379542.0754538,5454194.95390948,529.5,6.662784354941341e-07,550.5,BID
1527,1712379555.0602164,5454205.64930197,530.1,2.060395898914805e-09,550.5,BID
1528,1712379555.0652704,5454213.81827469,530.1,1.5736980110535443e-09,550.5,BID
1529,1712379569.0803137,5455148.86756268,530.1,1.8013099752934657e-07,550.5,BID
1530,1712379569.0837538,5457824.69814064,530.2,5.154808815092074e-07,550.5,BID
1531,1712379570.4902203,5457824.69814064,530.2,0.0,550.5,BID
1532,1712379600.4423044,5457824.69814064,530.2,0.0,550.5,BID
1533,1712379630.3514457,5457824.69814064,530.2,0.0,550.5,BID
1534,1712379660.4884706,5457824.69814064,530.2,0.0,550.5,BID
1535,1712379690.5218258,5457824.69814064,530.2,0.0,550.5,BID
1536,1712379720.3815355,5457824.69814064,530.2,0.0,550.5,BID
1537,1712379733.341827,5458074.69814064,530.2,4.8129517297551415e-08,550.5,BID
1538,1712379733.351802,5460613.16350421,530.2,4.887004505008039e-07,550.5,BID
1539,1712379744.951954,5460623.8588967,530.8,2.059056311297124e-09,550.5,BID
1540,1712379750.5804324,5460623.8588967,530.8,0.0,550.5,BID
1541,1712379771.6323807,5460651.03511943,530.8,-5.2304194914626235e-09,550.5,ASK
1542,1712379771.6371348,5465070.00873423,530.2,-8.504892661638806e-07,550.5,ASK
1543,1712379780.5024478,5465070.00873423,530.2,-0.0,550.5,ASK
1544,1712379810.4928267,5465070.00873423,530.2,-0.0,550.5,ASK
1545,1712379840.354399,5465070.00873423,530.2,-0.0,550.5,ASK
1546,1712379870.3374486,5465070.00873423,530.2,-0.0,550.5,ASK
1547,1712379900.4948287,5465070.00873423,530.2,-0.0,550.5,ASK
1548,1712379930.5797496,5465070.00873423,530.2,-0.0,550.5,ASK
1549,1712379956.250218,5465162.09912971,531.0,1.7756086459198972e-08,550.5,BID
1550,1712379960.344407,5465162.09912971,531.0,0.0,550.5,BID
1551,1712379990.3573394,5465162.09912971,531.0,0.0,550.5,BID
1552,1712380020.423499,5465162.09912971,531.0,0.0,550.5,BID
1553,1712380050.3438537,5465162.09912971,531.0,0.0,550.5,BID
1554,1712380063.8540964,5465181.91792925,530.2,-3.821256260356172e-09,550.5,ASK
1555,1712380080.7922602,5465181.91792925,530.2,-0.0,550.5,ASK
1556,1712380110.4987602,5465181.91792925,530.2,-0.0,550.5,ASK
1557,1712380126.1945353,5465200.75032096,531.0,3.63105993258445e-09,550.5,BID
1558,1712380140.328333,5465200.75032096,531.0,0.0,550.5,BID
1559,1712380142.0832365,5465210.75032096,531.0,1.9280891070491528e-09,550.5,BID
1560,1712380170.385539,5465210.75032096,531.0,0.0,550.5,BID
1561,1712380187.996632,5465953.25529615,530.2,-1.4316142888857497e-07,550.5,ASK
1562,1712380200.3850486,5465953.25529615,530.2,-0.0,550.5,ASK
1563,1712380201.3892326,5466324.50778374,530.2,-7.202387953096118e-08,550.5,ASK
1564,1712380213.0748954,5466510.13402754,530.3,-3.6011939766474306e-08,550.5,ASK
1565,1712380221.7951698,5466602.94714944,530.3,-1.8005969883237153e-08,550.5,ASK
1566,1712380230.3476708,5466602.94714944,530.3,-0.0,550.5,ASK
1567,1712380260.494999,5466602.94714944,530.3,-0.0,550.5,ASK
1568,1712380272.8150923,5466621.77954115,531.0,3.6532853312893884e-09,550.5,BID
