,time,acc_trade_volume,trade_price,dev,high,ask_bid
0,1712365207.1882188,750278.8752826,875.5,0.0,880.0,BID
1,1712365213.0755055,750290.29732714,875.5,1.0050623437112491e-09,880.0,BID
2,1712365216.6255162,753719.65260835,874.8,-3.017599733829662e-07,880.0,ASK
3,1712365219.1555817,753726.86996985,875.5,6.35078793403153e-10,880.0,BID
4,1712365223.0654635,754464.66796985,874.8,-6.492121305186958e-08,880.0,ASK
5,1712365230.74583,754464.66796985,874.8,-0.0,880.0,ASK
6,1712365240.3356133,754473.53151781,874.8,-7.796808014757162e-10,880.0,ASK
7,1712365250.3283904,756538.17037462,874.8,-1.816156787225404e-07,880.0,ASK
8,1712365250.3289757,757902.88679902,874.8,-1.2004709630629838e-07,880.0,ASK
9,1712365250.9757323,761822.4082004,874.8,-3.447801717143764e-07,880.0,ASK
10,1712365250.985403,763273.75385815,874.8,-1.276674251401703e-07,880.0,ASK
11,1712365260.5154605,763273.75385815,874.8,-0.0,880.0,ASK
12,1712365261.3657062,763308.32733501,874.8,3.0391910433970436e-09,880.0,BID
13,1712365280.558053,763339.48822515,874.8,2.7392066641442635e-09,880.0,BID
14,1712365290.465618,763339.48822515,874.8,0.0,880.0,BID
15,1712365293.9956453,763370.61714955,874.8,2.73638287467084e-09,880.0,BID
16,1712365296.0055766,763403.78683941,874.7,-2.9157760199080143e-09,880.0,ASK
17,1712365302.427702,763848.57783941,874.7,-3.9099278200867545e-08,880.0,ASK
18,1712365313.0956862,764005.85763941,874.7,-1.3825654421001781e-08,880.0,ASK
19,1712365320.7355642,764005.85763941,874.7,-0.0,880.0,ASK
20,1712365322.1263578,764028.45528108,874.8,1.986340122783341e-09,880.0,BID
21,1712365348.4556596,764147.45528108,874.8,-1.0460139073924773e-08,880.0,ASK
22,1712365350.7157395,764147.45528108,874.8,-0.0,880.0,ASK
23,1712365354.9011056,764267.45528108,874.8,-1.0547924554575892e-08,880.0,ASK
24,1712365380.506654,764267.45528108,874.8,-0.0,880.0,ASK
25,1712365386.6657076,764278.87732563,875.5,1.0039812707151991e-09,880.0,BID
26,1712365386.6670785,764290.69538958,875.5,1.0387908057823287e-09,880.0,BID
27,1712365400.9795682,764576.14868942,875.1,-2.5090934065868936e-08,880.0,ASK
28,1712365401.0855095,765567.72057335,875.1,8.715774095168711e-08,880.0,BID
29,1712365401.0864365,767718.8750262,875.1,1.8908337921550225e-07,880.0,BID
30,1712365405.1956773,768617.21543017,875.2,7.896282809605789e-08,880.0,BID
31,1712365405.2758334,770113.59969641,875.2,1.31530022537768e-07,880.0,BID
32,1712365410.4969163,770113.59969641,875.2,0.0,880.0,BID
33,1712365416.47601,771201.99427721,875.2,9.56253131854285e-08,880.0,BID
34,1712365423.2657304,771989.00181698,875.2,6.914573427449793e-08,880.0,BID
35,1712365424.535709,772839.25103405,875.2,7.470208792130347e-08,880.0,BID
36,1712365424.6557832,774323.7382941,875.2,1.3042563943834193e-07,880.0,BID
37,1712365425.4776568,774508.99003508,875.2,1.627604185270236e-08,880.0,BID
38,1712365432.073058,774939.88994813,875.2,3.785845672503687e-08,880.0,BID
39,1712365440.715659,774939.88994813,875.2,0.0,880.0,BID
40,1712365448.9361482,775054.15507204,875.7,1.0035500846387221e-08,880.0,BID
41,1712365462.7056386,778481.94300623,875.2,-3.010504652485471e-07,880.0,ASK
42,1712365467.1057782,778587.14455927,875.6,9.239479540624178e-09,880.0,BID
43,1712365470.6956718,778587.14455927,875.6,0.0,880.0,BID
44,1712365478.0288184,779383.22161214,875.2,-6.989702988069313e-08,880.0,ASK
45,1712365478.0294864,779482.18949565,875.2,-8.689562255302134e-09,880.0,ASK
46,1712365500.455932,779482.18949565,875.2,-0.0,880.0,ASK
47,1712365502.1258123,779831.92550515,875.2,-3.09211120536742e-08,880.0,ASK
48,1712365527.7456858,780011.96006417,875.2,1.59173451454106e-08,880.0,BID
49,1712365527.7560527,780020.53321226,875.2,7.579753458157234e-10,880.0,BID
50,1712365528.5557325,781163.12919032,875.2,1.0102001884273513e-07,880.0,BID
51,1712365530.7359886,781163.12919032,875.2,0.0,880.0,BID
52,1712365534.0158513,796349.22799141,874.9,-1.342469694804933e-06,880.0,ASK
53,1712365544.8557444,796360.65786911,874.9,1.01041515853593e-09,880.0,BID
54,1712365548.8556502,796370.65786911,874.9,8.840122222229864e-10,880.0,BID
55,1712365555.655893,796490.65786911,874.8,-1.0608146666675836e-08,880.0,ASK
56,1712365560.4796543,796490.65786911,874.8,-0.0,880.0,ASK
57,1712365590.5074806,796490.65786911,874.8,-0.0,880.0,ASK
58,1712365599.435919,796834.93547537,874.8,-3.03985248149461e-08,880.0,ASK
59,1712365601.8257,798158.14684477,874.8,-1.168349986079004e-07,880.0,ASK
60,1712365609.0457523,798309.32747579,874.8,-1.3348728119518829e-08,880.0,ASK
61,1712365613.1659873,798315.12747579,874.8,-5.121199889817892e-10,880.0,ASK
62,1712365613.167626,811048.14998919,874.8,-1.1242819567837663e-06,880.0,ASK
63,1712365613.1691575,811084.08140208,874.8,-3.1726197885403234e-09,880.0,ASK
64,1712365613.34645,811733.79934371,874.7,-5.7367852605655054e-08,880.0,ASK
65,1712365613.34806,811845.75345219,874.7,-9.885161517576156e-09,880.0,ASK
66,1712365613.3496568,812183.01946049,874.7,-2.9779424906312483e-08,880.0,ASK
67,1712365620.7058291,812183.01946049,874.7,-0.0,880.0,ASK
68,1712365621.5561135,812989.00256617,874.7,-7.107937236270697e-08,880.0,ASK
69,1712365621.557778,813447.2661153,874.7,-4.0414104488444216e-08,880.0,ASK
70,1712365621.5656774,813625.22017083,874.7,-1.5693706837441398e-08,880.0,ASK
71,1712365630.415775,814375.03727188,874.8,6.612611176817386e-08,880.0,BID
72,1712365631.9761956,816375.03727188,874.8,1.7637931083615033e-07,880.0,BID
73,1712365647.2462003,817339.76099144,874.7,-8.507865240164686e-08,880.0,ASK
74,1712365648.2275894,817396.92998297,874.6,-5.0417136636264575e-09,880.0,ASK
75,1712365648.2292097,819861.82292767,874.6,-2.1737805943553482e-07,880.0,ASK
76,1712365648.326324,819995.48592129,874.6,-1.1787693349499122e-08,880.0,ASK
77,1712365648.3277242,820092.69396168,874.6,-8.5727435858646e-09,880.0,ASK
78,1712365648.3860428,820324.7080331,874.6,-2.0461241010670204e-08,880.0,ASK
79,1712365648.4257991,820549.32414128,874.5,-1.9808817181745388e-08,880.0,ASK
80,1712365648.4274197,821103.82625579,874.5,-4.890135040722486e-08,880.0,ASK
81,1712365648.5658307,822349.14981285,874.5,-1.0982465538114149e-07,880.0,ASK
82,1712365648.5675478,822427.63889323,874.5,-6.9219249527893845e-09,880.0,ASK
83,1712365649.5413215,823614.06962653,874.5,-1.0463091754714541e-07,880.0,ASK
84,1712365650.1873791,825091.77011039,874.5,-1.3031789648273478e-07,880.0,ASK
85,1712365650.3039207,825091.7701104,874.5,-8.829299320879466e-19,880.0,ASK
86,1712365650.7357955,825091.7701104,874.5,-0.0,880.0,ASK
87,1712365654.185643,825098.20636583,873.8,-5.67046546936726e-10,880.0,ASK
88,1712365654.1961486,825155.44079806,873.6,-5.042464133834097e-09,880.0,ASK
89,1712365654.1975698,825337.26957249,874.1,-1.6019466566517108e-08,880.0,ASK
90,1712365654.1989474,825781.74915372,874.0,-3.915951044236522e-08,880.0,ASK
91,1712365654.200591,825814.54709304,873.5,-2.889561864089866e-09,880.0,ASK
92,1712365654.2019548,826168.91380543,874.0,-3.1220392477572135e-08,880.0,ASK
93,1712365654.2033372,826180.36200233,873.5,-1.0086082802942431e-09,880.0,ASK
94,1712365654.2046902,826270.36200233,873.8,-7.929174001784778e-09,880.0,ASK
95,1712365654.20626,827482.25324445,873.5,-1.0676996144453517e-07,880.0,ASK
96,1712365654.207636,827493.69489204,874.0,-1.008031273426475e-09,880.0,ASK
97,1712365654.209007,829146.84919909,873.5,-1.456460905822197e-07,880.0,ASK
98,1712365656.6974535,829907.1053417,873.9,6.698003600755865e-08,880.0,BID
99,1712365656.7074485,832246.5380336,874.1,2.061085431059823e-07,880.0,BID
100,1712365668.6661675,832253.1483736,873.2,-5.823837341229731e-10,880.0,ASK
101,1712365668.675711,833398.49254952,873.1,-1.009070362533392e-07,880.0,ASK
102,1712365669.695887,835453.49312219,873.1,1.810495234940882e-07,880.0,BID
103,1712365669.7756455,835682.57056138,873.1,2.0182165280231346e-08,880.0,BID
104,1712365670.7361212,836713.60468858,873.8,9.08360999594142e-08,880.0,BID
105,1712365670.7382843,837634.68966701,874.1,8.114936738223615e-08,880.0,BID
106,1712365670.7561364,838982.25592782,873.1,-1.1872319289885625e-07,880.0,ASK
107,1712365671.2561548,839335.19802895,873.1,3.1094881471283567e-08,880.0,BID
108,1712365671.2582817,841440.76672782,874.1,1.85504673178355e-07,880.0,BID
109,1712365671.6958723,841635.54421323,874.1,1.7160273038287355e-08,880.0,BID
110,1712365680.4557755,841635.54421323,874.1,0.0,880.0,BID
111,1712365710.5173545,841635.54421323,874.1,0.0,880.0,BID
112,1712365713.4260771,846050.49126168,873.2,-3.884707016383672e-07,880.0,ASK
113,1712365722.8257656,847212.51740371,873.2,-1.0224655149035357e-07,880.0,ASK
114,1712365734.0958602,847296.84140625,873.1,-7.419659640801072e-09,880.0,ASK
115,1712365738.1461992,848398.31355599,873.1,-9.691841241784112e-08,880.0,ASK
116,1712365740.705961,848398.31355599,873.1,-0.0,880.0,ASK
117,1712365742.206055,848512.71694233,874.1,1.0061113615816712e-08,880.0,BID
118,1712365759.42582,848866.57085856,873.1,-3.111939749764994e-08,880.0,ASK
119,1712365759.4359856,850155.25440419,873.1,-1.1333223589101066e-07,880.0,ASK
120,1712365770.6960857,850155.25440419,873.1,-0.0,880.0,ASK
121,1712365778.5459497,850455.25440419,873.0,-2.6379699213981584e-08,880.0,ASK
122,1712365778.5471504,850537.68020823,873.0,-7.247893060156626e-09,880.0,ASK
123,1712365781.516056,850546.89243397,873.0,-8.100524803715283e-10,880.0,ASK
124,1712365787.9464552,850642.49888498,872.5,-8.406898068531994e-09,880.0,ASK
125,1712365791.6460457,850690.30211048,872.5,-4.203449033830938e-09,880.0,ASK
126,1712365794.5962238,850872.30278676,873.0,1.600374365669246e-08,880.0,BID
127,1712365800.6058998,850872.30278676,873.0,0.0,880.0,BID
128,1712365812.632969,851445.0404729,873.0,5.0551409264320114e-08,880.0,BID
129,1712365820.4967666,851679.76628858,873.5,2.0717548470243965e-08,880.0,BID
130,1712365830.491238,851679.76628858,873.5,0.0,880.0,BID
131,1712365860.725927,851679.76628858,873.5,0.0,880.0,BID
132,1712365878.266434,852023.21219584,873.5,-3.0311597648193215e-08,880.0,ASK
133,1712365878.275277,852223.21219584,873.5,-1.7651453697627812e-08,880.0,ASK
134,1712365883.8586688,854460.48320642,873.1,-1.9745542826148985e-07,880.0,ASK
135,1712365883.8596663,854470.48320642,873.1,-8.825726848813901e-10,880.0,ASK
136,1712365884.2359517,855423.44552414,873.1,8.410585113409822e-08,880.0,BID
137,1712365884.336113,855659.24472361,873.1,2.0810993256909362e-08,880.0,BID
138,1712365890.7162309,855659.24472361,873.1,0.0,880.0,BID
139,1712365894.016085,856233.61962092,873.0,-5.0677218467284e-08,880.0,ASK
140,1712365894.11613,856802.23249363,873.0,5.0168833820185775e-08,880.0,BID
141,1712365894.1186452,856802.23249364,873.0,8.833359645975666e-19,880.0,BID
142,1712365898.032569,856825.22099938,873.1,2.028280715393237e-09,880.0,BID
143,1712365898.0337873,856825.22099939,873.1,8.833359645975666e-19,880.0,BID
144,1712365898.22262,857393.24769939,873.4,5.0117115678219074e-08,880.0,BID
145,1712365898.7359097,857897.24769939,873.4,4.446802641816024e-08,880.0,BID
146,1712365898.8161712,859875.01564849,873.4,1.7449888374914572e-07,880.0,BID
147,1712365898.8187642,859898.00364849,873.4,2.0282360938413273e-09,880.0,BID
148,1712365898.8393662,860520.77562236,873.4,5.4947302751072974e-08,880.0,BID
149,1712365898.9760463,860928.88794183,873.5,3.60078361185915e-08,880.0,BID
150,1712365899.1560717,863386.69439741,873.5,2.168527825346399e-07,880.0,BID
151,1712365899.158103,863506.69439741,873.9,1.0587625337657195e-08,880.0,BID
152,1712365905.7060864,863518.12296883,874.1,1.0083452694988559e-09,880.0,BID
153,1712365906.4059625,864067.84441325,874.0,-4.850203911328343e-08,880.0,ASK
154,1712365912.756086,864136.7590196,873.9,6.080350269383504e-09,880.0,BID
155,1712365912.859018,864546.7590196,873.9,3.617438657032877e-08,880.0,BID
156,1712365914.4259748,864665.6809196,873.9,1.0492504347015714e-08,880.0,BID
157,1712365914.5061784,864891.37654682,873.9,1.991317284461561e-08,880.0,BID
158,1712365916.5361743,866466.85339134,873.9,1.3900465464943105e-07,880.0,BID
159,1712365916.5562022,866611.75929207,873.9,1.278507821787956e-08,880.0,BID
160,1712365916.716049,869134.7535629,873.9,2.226043172383593e-07,880.0,BID
161,1712365916.7877626,870432.80942996,874.0,1.1452774323148944e-07,880.0,BID
162,1712365916.916015,871745.3000716,874.1,1.1580132644054977e-07,880.0,BID
163,1712365916.9179242,871745.30007161,874.0,8.833359645975666e-19,880.0,BID
164,1712365917.076816,872620.4717019,874.1,7.721657773047525e-08,880.0,BID
165,1712365917.0788715,873788.11989082,874.1,1.0302184625399048e-07,880.0,BID
166,1712365917.1253188,875017.83363516,874.1,1.084979033136623e-07,880.0,BID
167,1712365917.1358633,875424.40571287,874.8,3.5871940262881525e-08,880.0,BID
168,1712365917.2362251,881424.40571287,874.8,5.293812668828599e-07,880.0,BID
169,1712365917.316136,881920.40571287,874.8,4.376218472898308e-08,880.0,BID
170,1712365920.475922,881920.40571287,874.8,0.0,880.0,BID
171,1712365946.4559584,885354.0785983,873.7,-3.023414001664355e-07,880.0,ASK
172,1712365946.69708,886855.80627956,874.8,1.322299662694777e-07,880.0,BID
173,1712365950.4842744,886855.80627956,874.8,0.0,880.0,BID
174,1712365951.476508,887007.4417206,874.8,1.3346718256923446e-08,880.0,BID
175,1712365969.8859985,887017.4417206,874.7,8.80184616827101e-10,880.0,BID
176,1712365980.7363417,887017.4417206,874.7,0.0,880.0,BID
177,1712366005.554873,887726.189618,874.7,6.238212326663188e-08,880.0,BID
178,1712366005.6068804,888117.23818394,874.7,3.441906485112743e-08,880.0,BID
179,1712366006.5560784,889665.38714534,874.7,1.362639941500491e-07,880.0,BID
180,1712366010.7461517,889665.38714534,874.7,0.0,880.0,BID
181,1712366012.4561653,889675.38714534,873.9,-8.79994265039947e-10,880.0,ASK
182,1712366017.3564365,889708.09454893,873.9,2.878232758352177e-09,880.0,BID
183,1712366020.8860178,889757.14764424,873.9,4.316644255525363e-09,880.0,BID
184,1712366027.395994,898815.32667335,873.3,-7.971145597321919e-07,880.0,ASK
185,1712366027.4760194,899552.33212375,873.3,6.485605696552343e-08,880.0,BID
186,1712366027.496045,900482.76697827,873.3,8.187773359708943e-08,880.0,BID
187,1712366027.7560897,901158.35607827,873.3,5.9451453352348424e-08,880.0,BID
188,1712366028.047627,901501.4369842,873.8,3.0190922966312964e-08,880.0,BID
189,1712366028.0488148,901501.43707827,873.3,8.278104544580616e-15,880.0,BID
190,1712366028.124923,904501.43707827,873.9,2.6399827951198413e-07,880.0,BID
191,1712366040.4378576,904501.43707827,873.9,0.0,880.0,BID
192,1712366044.4264667,904508.30285238,873.9,6.034960012284145e-10,880.0,BID
193,1712366070.5172796,904508.30285238,873.9,0.0,880.0,BID
194,1712366100.5260355,904508.30285238,873.9,0.0,880.0,BID
195,1712366101.2561376,905034.91630357,873.8,4.6743283549977663e-08,880.0,BID
196,1712366101.2586942,905080.16476442,873.9,4.0163456344135924e-09,880.0,BID
197,1712366102.2562792,905230.16476442,873.3,-1.3314305809416421e-08,880.0,ASK
198,1712366130.4661343,905230.16476442,873.3,-0.0,880.0,ASK
199,1712366131.9159915,905520.39598588,873.0,-2.5760072830953145e-08,880.0,ASK
200,1712366143.0262244,905781.60408519,873.0,-2.318406554749412e-08,880.0,ASK
201,1712366145.8761406,905796.60465786,873.1,1.3314068780807623e-09,880.0,BID
202,1712366148.206113,905816.60408519,873.1,1.775090570910952e-09,880.0,BID
203,1712366151.1161103,905839.98939804,873.2,2.075611848926105e-09,880.0,BID
204,1712366151.1181562,906951.81328519,873.3,9.868223054741829e-08,880.0,BID
205,1712366153.1623588,907179.37628519,873.3,2.019782511385127e-08,880.0,BID
206,1712366155.7061725,908707.52581926,873.3,1.356340751218996e-07,880.0,BID
207,1712366155.7262776,908894.95349627,873.3,1.6635531442910362e-08,880.0,BID
208,1712366157.2410553,909098.16673169,873.3,1.8036611355250412e-08,880.0,BID
209,1712366160.7062323,909098.16673169,873.3,0.0,880.0,BID
210,1712366168.840968,910044.87685635,873.0,-8.400203302511017e-08,880.0,ASK
211,1712366168.8474133,911449.03962553,873.0,-1.245920205529227e-07,880.0,ASK
212,1712366170.1669762,911466.53962553,873.2,1.552783201159358e-09,880.0,BID
213,1712366177.1565986,911490.05762553,873.3,2.086763161424456e-09,880.0,BID
214,1712366181.5510752,911493.60791195,873.3,3.150185778377049e-10,880.0,BID
215,1712366186.5661478,911511.10791195,873.3,1.552783201159358e-09,880.0,BID
216,1712366190.7188897,911511.10791195,873.3,0.0,880.0,BID
217,1712366191.9124649,911701.64649085,873.9,1.6903417947353875e-08,880.0,BID
218,1712366193.85628,911800.1202361,873.9,8.735988703241449e-09,880.0,BID
219,1712366193.9562943,911871.2375826,874.1,6.309096237280861e-09,880.0,BID
220,1712366193.958701,911871.23758261,873.9,8.881783901410802e-19,880.0,BID
221,1712366193.9608734,912451.70021705,874.4,5.149509652798177e-08,880.0,BID
222,1712366202.4061446,912462.70021705,874.8,9.758527564039195e-10,880.0,BID
223,1712366202.6860876,912576.70021705,874.8,1.0113383111822442e-08,880.0,BID
224,1712366204.4562483,913553.99291705,874.8,8.669943410076546e-08,880.0,BID
225,1712366204.996037,913617.37593261,874.8,5.622953676673191e-09,880.0,BID
226,1712366205.0360065,920184.34537935,874.8,5.825813850746864e-07,880.0,BID
227,1712366206.7304883,922046.30727935,874.8,1.6518187749400677e-07,880.0,BID
228,1712366207.2962463,922184.34537935,874.8,1.2245896397615e-08,880.0,BID
229,1712366207.419705,922664.34537935,874.8,4.258266573398922e-08,880.0,BID
230,1712366207.5060894,925832.34537935,874.8,2.810455938443289e-07,880.0,BID
231,1712366207.8397126,925970.38307935,874.8,1.2245860912058536e-08,880.0,BID
232,1712366207.9060476,926444.93877722,874.8,4.209968053032737e-08,880.0,BID
233,1712366208.7163308,926582.97647722,874.8,1.2245860912058536e-08,880.0,BID
234,1712366209.9160218,930890.97647722,874.8,3.821794249625533e-07,880.0,BID
235,1712366210.1360564,930933.04727722,874.8,3.7322641949186475e-09,880.0,BID
236,1712366210.1709068,934379.04727722,874.8,3.057080544152643e-07,880.0,BID
237,1712366210.216116,934519.00819548,874.8,1.2416477079353046e-08,880.0,BID
238,1712366210.356094,936022.31859534,874.8,1.333645088576442e-07,880.0,BID
239,1712366210.358977,938743.31859534,874.8,2.413904863795514e-07,880.0,BID
240,1712366210.516621,941053.12788323,874.8,2.0491216003225539e-07,880.0,BID
241,1712366211.5059814,942467.12788323,874.8,1.254414361413766e-07,880.0,BID
242,1712366213.3462193,943598.12788323,874.8,1.003354061357121e-07,880.0,BID
243,1712366213.835893,944264.49738323,874.8,5.911622848713917e-08,880.0,BID
244,1712366215.5561864,944925.57008323,874.8,5.8646328770763626e-08,880.0,BID
245,1712366215.6440384,946153.35853529,874.8,1.089218859294196e-07,880.0,BID
246,1712366215.7668326,946947.65863694,874.9,7.046544941881953e-08,880.0,BID
247,1712366217.0665224,947406.65863694,875.2,4.07196741081272e-08,880.0,BID
248,1712366217.2922466,947773.65863694,875.2,3.255799650911259e-08,880.0,BID
249,1712366218.4929886,948066.65863694,875.2,2.5993168875122592e-08,880.0,BID
250,1712366220.4678488,948066.65863694,875.2,0.0,880.0,BID
251,1712366224.856048,948125.65863694,875.2,5.219312339353634e-09,880.0,BID
252,1712366226.8485923,948225.65863694,876.3,8.84629210059938e-09,880.0,BID
253,1712366226.8516376,949343.19352453,875.5,9.886040048232485e-08,880.0,BID
254,1712366226.8544767,949457.34877568,876.0,1.0098506964893255e-08,880.0,BID
255,1712366226.8568027,949557.34877568,876.2,8.84629210059938e-09,880.0,BID
256,1712366226.8590932,951205.34877568,876.3,1.457868938178778e-07,880.0,BID
257,1712366226.8613434,951231.98701976,876.7,2.35649688178813e-09,880.0,BID
258,1712366226.8636365,951255.5216109,877.8,2.0819386769255358e-09,880.0,BID
259,1712366226.865971,951639.82830559,875.8,3.3996892774437964e-08,880.0,BID
260,1712366226.8674772,952691.90318003,876.0,9.306961650998469e-08,880.0,BID
261,1712366226.8687932,953833.19512251,876.2,1.0096201895237697e-07,880.0,BID
262,1712366250.4862878,953833.19512251,876.2,0.0,880.0,BID
263,1712366278.8860118,957259.80848631,875.5,-3.029928251144538e-07,880.0,ASK
264,1712366278.9459314,957634.99838992,875.5,-3.3175569222422544e-08,880.0,ASK
265,1712366280.7462626,957634.99838992,875.5,-0.0,880.0,ASK
266,1712366281.7266245,958259.80848631,875.5,5.523158140002172e-08,880.0,BID
267,1712366295.796118,958803.51650249,876.2,4.8062369233470384e-08,880.0,BID
268,1712366310.7258873,958803.51650249,876.2,0.0,880.0,BID
269,1712366321.6159782,960339.51650249,876.5,-1.357661077190149e-07,880.0,ASK
270,1712366321.7560506,962226.2204386,876.5,1.6676461577070448e-07,880.0,BID
271,1712366333.2463217,962236.03820625,878.0,8.67786523652925e-10,880.0,BID
272,1712366340.477363,962236.03820625,878.0,0.0,880.0,BID
273,1712366354.9462771,962819.43898877,878.0,5.1552731646775534e-08,880.0,BID
274,1712366370.4978368,962819.43898877,878.0,0.0,880.0,BID
275,1712366384.6860783,962844.73322094,878.0,2.235046270537298e-09,880.0,BID
276,1712366390.0462148,962878.89400436,878.2,3.018511535291565e-09,880.0,BID
277,1712366400.55365,962878.89400436,878.2,0.0,880.0,BID
278,1712366401.7960982,962928.89400436,878.1,4.5060198329688405e-09,880.0,BID
279,1712366421.0560577,964064.03079765,878.1,1.022989780739507e-07,880.0,BID
280,1712366421.6560955,964405.27894706,878.1,3.075341858410808e-08,880.0,BID
281,1712366423.9716592,964409.98471489,878.0,-4.2408566342823674e-10,880.0,ASK
282,1712366423.9742126,965945.98471489,877.3,-1.3842492926880276e-07,880.0,ASK
283,1712366424.0960746,966660.52896971,877.3,6.439501167505531e-08,880.0,BID
284,1712366430.4876704,966660.52896971,877.3,0.0,880.0,BID
285,1712366430.7360375,966884.35527609,877.3,2.0165284151346173e-08,880.0,BID
286,1712366450.3155274,966895.75648461,877.1,-1.0271742101899763e-09,880.0,ASK
287,1712366450.3186526,967009.76856989,877.1,-1.0271742109052755e-08,880.0,ASK
288,1712366460.7258227,967009.76856989,877.1,-0.0,880.0,ASK
289,1712366467.148819,967021.17107844,877.0,-1.027262980604776e-09,880.0,ASK
290,1712366467.154834,968521.61543419,877.0,-1.3517647755739562e-07,880.0,ASK
291,1712366471.3054626,969400.36757404,877.3,7.916762688048065e-08,880.0,BID
292,1712366490.7058654,969400.36757404,877.3,0.0,880.0,BID
293,1712366497.0954134,969514.35366773,877.2,1.026717748083382e-08,880.0,BID
294,1712366506.5989351,969676.44555162,877.2,1.460025592794408e-08,880.0,BID
295,1712366511.2953951,972279.88555162,876.3,-2.345021192970228e-07,880.0,ASK
296,1712366511.3756647,973099.93065162,876.3,7.386469973155971e-08,880.0,BID
297,1712366511.5155015,973099.93065946,876.3,7.0617883827746865e-16,880.0,BID
298,1712366520.5292218,973099.93065946,876.3,0.0,880.0,BID
299,1712366550.4657524,973099.93065946,876.3,0.0,880.0,BID
300,1712366554.525555,973328.16299998,876.8,2.055178612977435e-08,880.0,BID
301,1712366561.8219478,974468.41385516,875.6,-1.0267691097833681e-07,880.0,ASK
302,1712366561.8757951,974905.70935516,875.6,3.937743253666872e-08,880.0,BID
303,1712366561.8956916,975348.37703449,875.6,3.986118466570061e-08,880.0,BID
304,1712366561.8982158,976892.37703449,876.1,1.390335730338306e-07,880.0,BID
305,1712366561.900752,978295.64810782,875.6,1.263612637694838e-07,880.0,BID
306,1712366565.025708,978939.66750762,876.7,5.7992434104465976e-08,880.0,BID
307,1712366565.0290346,979795.64810782,876.7,7.707904228850416e-08,880.0,BID
308,1712366580.7054205,979795.64810782,876.7,0.0,880.0,BID
309,1712366586.9855957,981579.64810782,875.8,-1.605602059412383e-07,880.0,ASK
310,1712366586.9895227,982146.99085181,876.1,-5.106091245196383e-08,880.0,ASK
311,1712366587.065412,982649.99075181,875.8,4.5270049065263935e-08,880.0,BID
312,1712366587.1457398,983221.08770591,875.8,5.1398791795236544e-08,880.0,BID
313,1712366610.7155333,983221.08770591,875.8,0.0,880.0,BID
314,1712366619.023054,985677.00770591,875.8,-2.209734172221776e-07,880.0,ASK
315,1712366619.0264156,989307.3368397,875.8,-3.266418427044804e-07,880.0,ASK
316,1712366622.9064794,992732.77643779,875.8,-3.082067386063473e-07,880.0,ASK
317,1712366629.6655974,993872.8972906,877.1,1.025833092656441e-07,880.0,BID
318,1712366640.4856112,993872.8972906,877.1,0.0,880.0,BID
319,1712366657.2355156,994004.40148491,877.1,1.1822272935712844e-08,880.0,BID
320,1712366670.475473,994004.40148491,877.1,0.0,880.0,BID
321,1712366677.3454692,997326.30900862,875.9,-2.9863754835991545e-07,880.0,ASK
322,1712366677.4854765,997429.45000644,875.9,9.272315530921489e-09,880.0,BID
323,1712366678.265448,997452.89200644,876.7,2.107422123783765e-09,880.0,BID
324,1712366688.045623,997462.89200644,876.7,-8.989941659375114e-10,880.0,ASK
325,1712366688.0519404,997584.39620075,876.2,-1.09231561821674e-08,880.0,ASK
326,1712366700.7355113,997584.39620075,876.2,-0.0,880.0,ASK
327,1712366721.4456518,997626.5806723,877.1,3.801415197365943e-09,880.0,BID
328,1712366730.7354722,997626.5806723,877.1,0.0,880.0,BID
329,1712366753.495593,997849.99554675,877.1,2.0132760613736653e-08,880.0,BID
330,1712366753.4991,1002353.476146,877.1,4.058256956099358e-07,880.0,BID
331,1712366760.4760923,1002353.476146,877.1,0.0,880.0,BID
332,1712366773.9963622,1002363.49738509,876.2,-9.027145524999827e-10,880.0,ASK
333,1712366773.9999776,1003173.62635164,876.2,-7.29765252517837e-08,880.0,ASK
334,1712366774.0060272,1003185.03927106,876.2,-1.0280773020631e-09,880.0,ASK
335,1712366774.0094535,1003318.61004731,876.0,-1.2032073322125224e-08,880.0,ASK
336,1712366774.076108,1005573.90878906,876.0,2.031576111622407e-07,880.0,BID
337,1712366774.3067424,1005778.13368024,876.0,1.839660540927521e-08,880.0,BID
338,1712366790.47176,1005778.13368024,876.0,0.0,880.0,BID
339,1712366814.6260242,1005778.13368025,876.0,9.016131965395173e-19,880.0,BID
340,1712366820.7360508,1005778.13368025,876.0,0.0,880.0,BID
341,1712366845.2662702,1005784.9829953,876.0,-6.168205132670874e-10,880.0,ASK
342,1712366845.2705014,1005846.45468479,876.0,-5.535881878137843e-09,880.0,ASK
343,1712366846.8960378,1005867.42808661,876.0,1.888776378553789e-09,880.0,BID
344,1712366850.715997,1005867.42808661,876.0,0.0,880.0,BID
345,1712366852.2361424,1006562.59281263,876.0,6.260317118571309e-08,880.0,BID
346,1712366862.895963,1007188.20628294,876.0,-5.6339721668761073e-08,880.0,ASK
347,1712366876.1962292,1007549.77104038,875.8,-3.2560772371652034e-08,880.0,ASK
348,1712366876.199876,1007778.13368025,875.8,-2.0565234254700125e-08,880.0,ASK
349,1712366878.4691231,1008132.86020688,876.0,3.194495439645417e-08,880.0,BID
350,1712366880.4837272,1008132.86020688,876.0,0.0,880.0,BID
351,1712366887.1761866,1008155.66262393,877.1,2.0531084323243804e-09,880.0,BID
352,1712366909.68617,1008532.26943063,876.0,-3.3909326752996713e-08,880.0,ASK
353,1712366909.6898892,1008812.45517108,876.0,-2.5227663588181817e-08,880.0,ASK
354,1712366910.485989,1008812.45517108,876.0,-0.0,880.0,ASK
355,1712366910.689742,1009164.8073911,876.0,-3.1723765771594394e-08,880.0,ASK
356,1712366911.2160952,1009253.00778679,876.0,-7.941055951552964e-09,880.0,ASK
357,1712366911.2234256,1009367.16303792,876.0,-1.0277881740718774e-08,880.0,ASK
358,1712366911.4561238,1009367.16303793,876.0,-9.013974327793986e-19,880.0,ASK
359,1712366911.458065,1009481.33132198,875.9,-1.0279055149815248e-08,880.0,ASK
360,1712366911.45976,1009985.79781358,875.9,-4.541925922370505e-08,880.0,ASK
361,1712366912.395909,1010702.46841897,875.8,-6.452489619474097e-08,880.0,ASK
362,1712366912.476184,1011239.55133354,875.6,-4.8355854209675634e-08,880.0,ASK
363,1712366912.4781103,1011422.73986872,875.8,-1.6493241284983883e-08,880.0,ASK
364,1712366912.4797645,1011536.94726936,875.6,-1.0282576982430609e-08,880.0,ASK
365,1712366940.4981024,1011536.94726936,875.6,-0.0,880.0,ASK
366,1712366957.2062967,1011542.7268239,875.5,-5.20246056705746e-10,880.0,ASK
367,1712366957.2161112,1011656.94726936,875.5,-1.028154262302468e-08,880.0,ASK
368,1712366970.736138,1011656.94726936,875.5,-0.0,880.0,ASK
369,1712366989.3360834,1012222.84104434,875.5,-5.093839304826547e-08,880.0,ASK
370,1712366994.7961922,1013340.66174434,875.5,1.0061957330434673e-07,880.0,BID
371,1712366995.155971,1014458.48244434,875.5,1.006195733043572e-07,880.0,BID
372,1712366997.266081,1015083.56063316,875.5,5.626582209555696e-08,880.0,BID
373,1712366997.2700396,1015528.15520276,875.5,4.001975977594631e-08,880.0,BID
374,1712367000.5679607,1015528.15520276,875.5,0.0,880.0,BID
375,1712367004.1960468,1015597.15920534,875.3,-6.237588649347912e-09,880.0,ASK
376,1712367028.416437,1015874.23259248,875.3,-2.504593574349112e-08,880.0,ASK
377,1712367028.4280148,1015941.27677786,875.3,-6.060431773452899e-09,880.0,ASK
378,1712367030.527945,1015941.27677786,875.3,-0.0,880.0,ASK
379,1712367047.83845,1015966.14750674,875.2,-2.248105901947529e-09,880.0,ASK
380,1712367047.8442533,1016013.3498654,875.3,-4.266698479236341e-09,880.0,ASK
381,1712367047.8497996,1019369.06471205,875.2,-3.0332855898298186e-07,880.0,ASK
382,1712367048.8084886,1019955.99798923,875.2,-5.3053859854595044e-08,880.0,ASK
383,1712367049.3859112,1020082.24294401,875.2,-1.1411488151476982e-08,880.0,ASK
384,1712367060.7259264,1020082.24294401,875.2,-0.0,880.0,ASK
385,1712367067.73747,1020082.24294402,875.2,-9.046791833234957e-19,880.0,ASK
386,1712367067.7393503,1020132.2429434,875.0,-4.5181016948514364e-09,880.0,ASK
387,1712367067.7458937,1020138.0429434,875.2,-5.24099803094365e-10,880.0,ASK
388,1712367067.7490273,1022638.0429434,875.0,-2.259050875433955e-07,880.0,ASK
389,1712367067.7520075,1026898.21114501,875.0,-3.8495746821371684e-07,880.0,ASK
390,1712367073.346218,1026898.21114563,875.0,-5.602699221373183e-17,880.0,ASK
391,1712367073.3508654,1026913.21114563,875.0,-1.3554305252603726e-09,880.0,ASK
392,1712367073.355417,1028593.21114563,874.3,-1.5180821882916177e-07,880.0,ASK
393,1712367089.2063053,1030385.21114563,873.7,-1.6192876675110585e-07,880.0,ASK
394,1712367089.2103162,1032524.94092749,873.6,-1.9335033747611928e-07,880.0,ASK
395,1712367089.2133863,1032530.66192749,874.0,-5.16961202336073e-10,880.0,ASK
396,1712367090.7292745,1032530.66192749,874.0,-0.0,880.0,ASK
397,1712367094.1100068,1033133.19483073,874.3,5.439259501729675e-08,880.0,BID
398,1712367094.1121223,1033264.63712749,874.0,1.1865721485694666e-08,880.0,BID
399,1712367101.6361113,1034800.63712749,873.7,-1.3865969061161296e-07,880.0,ASK
400,1712367101.6402397,1035638.53020549,873.6,-7.563931963612182e-08,880.0,ASK
401,1712367117.7258782,1036781.77931947,875.5,1.0320479715916737e-07,880.0,BID
402,1712367120.4859457,1036781.77931947,875.5,0.0,880.0,BID
403,1712367138.6659083,1037011.67766327,875.5,2.0746706790187063e-08,880.0,BID
404,1712367144.8057325,1037038.01945822,873.7,-2.377161518960051e-09,880.0,ASK
405,1712367147.0360565,1037831.18321323,873.7,-7.15774441424979e-08,880.0,ASK
406,1712367147.0819275,1040471.69234365,873.7,2.3828735692544865e-07,880.0,BID
407,1712367149.7056754,1042319.69234365,875.1,1.6676898804291517e-07,880.0,BID
408,1712367150.506505,1042319.69234365,875.1,0.0,880.0,BID
409,1712367180.7158031,1042319.69234365,875.1,0.0,880.0,BID
410,1712367190.4563832,1042326.34000462,875.1,5.996426063774266e-10,880.0,BID
411,1712367190.7398531,1042605.51624947,875.1,-2.5182687844072915e-08,880.0,ASK
412,1712367199.0059566,1042605.51624948,875.1,-9.030924575310625e-19,880.0,ASK
413,1712367199.0101027,1042615.48127567,874.0,-8.98880719728358e-10,880.0,ASK
414,1712367210.7563803,1042615.48127567,874.0,-0.0,880.0,ASK
415,1712367231.4157965,1042901.37951648,874.0,-2.5788433628689563e-08,880.0,ASK
416,1712367231.419499,1045778.98121876,874.0,-2.595638234736874e-07,880.0,ASK
417,1712367240.5165548,1045778.98121876,874.0,-0.0,880.0,ASK
418,1712367270.477354,1045778.98121876,874.0,-0.0,880.0,ASK
419,1712367300.7259848,1045778.98121876,874.0,-0.0,880.0,ASK
420,1712367310.938451,1045828.98121876,874.0,-4.554602787981654e-09,880.0,ASK
421,1712367324.055911,1046710.98473276,874.8,8.034351327747865e-08,880.0,BID
422,1712367324.060696,1046968.06705128,874.8,2.3418156893444786e-08,880.0,BID
423,1712367330.74604,1046968.06705128,874.8,0.0,880.0,BID
424,1712367337.405977,1046972.09964582,874.8,-3.6730252424659815e-10,880.0,ASK
425,1712367360.478964,1046972.09964582,874.8,-0.0,880.0,ASK
426,1712367390.5261967,1046972.09964582,874.8,-0.0,880.0,ASK
427,1712367408.4461515,1047041.71855445,874.8,6.341126638318511e-09,880.0,BID
428,1712367416.3958197,1047971.71855445,874.8,-8.470755847350664e-08,880.0,ASK
429,1712367416.4212348,1047972.09964582,874.8,-3.471109624650515e-11,880.0,ASK
430,1712367420.7066288,1047972.09964582,874.8,-0.0,880.0,ASK
431,1712367431.11626,1048577.55242507,874.8,-5.5142301652618694e-08,880.0,ASK
432,1712367431.1209767,1051142.14242507,874.8,-2.335729560453531e-07,880.0,ASK
433,1712367434.5457146,1051361.89756694,874.2,-2.001444990923052e-08,880.0,ASK
434,1712367434.8080423,1051368.19047311,874.0,-5.73133598838721e-10,880.0,ASK
435,1712367434.812297,1051863.24385728,874.0,-4.5087550969482083e-08,880.0,ASK
436,1712367434.8885431,1052082.24385728,874.0,-1.994567450310992e-08,880.0,ASK
437,1712367437.6736426,1053014.29793489,874.0,-8.488788699227495e-08,880.0,ASK
438,1712367445.355914,1054789.56331071,874.0,-1.6168431663354606e-07,880.0,ASK
439,1712367445.3592265,1054794.29793489,874.0,-4.312112912742561e-10,880.0,ASK
440,1712367445.407279,1054795.28431071,874.0,-8.983530155843764e-11,880.0,ASK
441,1712367445.409233,1054823.06218378,874.0,-2.529901436723784e-09,880.0,ASK
442,1712367445.5570078,1055062.06218378,873.6,-2.176719728878205e-08,880.0,ASK
443,1712367445.5807536,1055319.71535438,874.0,2.3466056052434712e-08,880.0,BID
444,1712367449.7358212,1057216.32685719,873.6,-1.7273605339682813e-07,880.0,ASK
445,1712367450.7257652,1057216.32685719,873.6,-0.0,880.0,ASK
446,1712367452.885814,1057222.61976336,873.5,-5.727120811767505e-10,880.0,ASK
447,1712367452.8900454,1058367.43945425,873.5,-1.0418907418172777e-07,880.0,ASK
448,1712367458.5181606,1058894.80862864,873.3,-4.7995423619015086e-08,880.0,ASK
449,1712367458.524206,1060103.61290821,873.3,-1.100122576135829e-07,880.0,ASK
450,1712367480.5256271,1060103.61290821,873.3,-0.0,880.0,ASK
451,1712367490.2896628,1060325.81564829,873.3,2.021784395667863e-08,880.0,BID
452,1712367490.3857582,1061248.69478155,873.3,-8.397118010511244e-08,880.0,ASK
453,1712367501.0958817,1061261.69478155,873.0,-1.1828475712854435e-09,880.0,ASK
454,1712367501.0992875,1061284.60428899,873.0,-2.0844965565135234e-09,880.0,ASK
455,1712367501.102599,1061284.604289,873.3,-9.109489183671284e-19,880.0,ASK
456,1712367501.1059566,1061314.604289,873.0,-2.729648241427946e-09,880.0,ASK
457,1712367501.1095128,1062466.37256745,873.0,-1.0479740852678521e-07,880.0,ASK
458,1712367510.4857483,1062466.37256745,873.0,-0.0,880.0,ASK
459,1712367516.1157866,1063519.643183,873.0,9.581729008140788e-08,880.0,BID
460,1712367517.5458057,1064134.65411968,873.0,5.594828190695942e-08,880.0,BID
461,1712367518.4058628,1064260.05411968,873.0,1.1407788272862575e-08,880.0,BID
462,1712367519.4759605,1064685.12089839,873.0,3.8668834237198e-08,880.0,BID
463,1712367540.756029,1064685.12089839,873.0,0.0,880.0,BID
464,1712367559.8161016,1065257.72740319,873.2,5.208152273032941e-08,880.0,BID
465,1712367567.905888,1065297.72740319,873.0,-3.638206851912562e-09,880.0,ASK
466,1712367567.9104168,1066214.10770101,873.0,-8.33495269621676e-08,880.0,ASK
467,1712367570.7057457,1066214.10770101,873.0,-0.0,880.0,ASK
468,1712367580.6557765,1066714.10770101,872.8,-4.5472064527357133e-08,880.0,ASK
469,1712367592.285225,1070754.73555801,872.8,3.674713812890696e-07,880.0,BID
470,1712367592.2956347,1070754.73555888,872.8,7.912940584995487e-17,880.0,BID
471,1712367592.5632217,1070903.90438288,873.0,1.3566028780800622e-08,880.0,BID
472,1712367600.5473626,1070903.90438288,873.0,0.0,880.0,BID
473,1712367606.8080392,1070938.60611624,873.0,3.176530985035355e-09,880.0,BID
474,1712367606.810182,1070961.16264872,873.6,2.0647822860856354e-09,880.0,BID
475,1712367630.505611,1070961.16264872,873.6,0.0,880.0,BID
476,1712367659.9056883,1071894.89365072,872.9,8.547157727337734e-08,880.0,BID
477,1712367660.1659076,1073620.98132487,872.9,1.5800207522910136e-07,880.0,BID
478,1712367660.7259765,1073620.98132487,872.9,0.0,880.0,BID
479,1712367687.4157364,1073681.71786611,872.9,5.5585012331074716e-09,880.0,BID
480,1712367690.730536,1073681.71786611,872.9,0.0,880.0,BID
481,1712367720.4856713,1073681.71786611,872.9,0.0,880.0,BID
482,1712367725.5360184,1073976.43786611,872.9,2.6972124217724123e-08,880.0,BID
483,1712367725.5405436,1075072.90078231,872.9,1.003458671819984e-07,880.0,BID
484,1712367725.5461,1076732.10243255,872.9,1.5184647466249384e-07,880.0,BID
485,1712367737.5058267,1076781.03227134,872.9,-4.477950901872012e-09,880.0,ASK
486,1712367738.115763,1076899.76892258,873.0,1.0866516376356962e-08,880.0,BID
487,1712367740.765897,1076981.03227133,873.0,7.437042402400161e-09,880.0,BID
488,1712367750.528232,1076981.03227133,873.0,0.0,880.0,BID
489,1712367762.6758633,1076981.03227134,873.0,9.160088820490437e-19,880.0,BID
490,1712367780.5373402,1076981.03227134,873.0,0.0,880.0,BID
491,1712367797.4257338,1077286.15543956,873.6,2.7916841167759203e-08,880.0,BID
492,1712367799.555771,1077381.54539443,873.6,8.727577897924061e-09,880.0,BID
493,1712367809.6556294,1077602.59541615,873.6,2.0224679700624825e-08,880.0,BID
494,1712367810.527863,1077602.59541615,873.6,0.0,880.0,BID
495,1712367840.5379052,1077602.59541615,873.6,0.0,880.0,BID
496,1712367841.3960788,1077717.06428061,873.6,1.0472657234624082e-08,880.0,BID
497,1712367852.1457467,1077723.98733007,873.6,6.33383797019757e-10,880.0,BID
498,1712367870.49569,1077723.98733007,873.6,0.0,880.0,BID
499,1712367874.2687905,1077915.7035141,873.6,1.7539777400600793e-08,880.0,BID
500,1712367887.0657003,1078143.59777116,873.6,2.0849645844616945e-08,880.0,BID
501,1712367887.0756297,1078723.82442718,873.6,5.30839190231795e-08,880.0,BID
502,1712367887.1657925,1079059.82010048,873.6,-3.073965480307668e-08,880.0,ASK
503,1712367900.5230248,1079059.82010048,873.6,-0.0,880.0,ASK
504,1712367908.9568875,1079206.12063016,873.8,1.3427803997831786e-08,880.0,BID
505,1712367908.9756875,1079338.89231836,873.8,1.2186095358038108e-08,880.0,BID
506,1712367909.0556889,1079720.22281937,873.8,3.4999403195305926e-08,880.0,BID
507,1712367909.5203528,1081135.61657413,873.9,-1.2990814155113388e-07,880.0,ASK
508,1712367909.5274396,1081502.63985123,873.8,-3.368625279976868e-08,880.0,ASK
509,1712367930.505895,1081502.63985123,873.8,-0.0,880.0,ASK
510,1712367943.1956632,1081502.63985124,873.6,-9.187188095642758e-19,880.0,ASK
511,1712367960.7202604,1081502.63985124,873.6,-0.0,880.0,ASK
512,1712367990.7256012,1081502.63985124,873.6,-0.0,880.0,ASK
513,1712368005.7260869,1081880.4051854,873.4,-3.4665392022335656e-08,880.0,ASK
514,1712368005.729378,1081954.64832387,873.4,-6.812873673951731e-09,880.0,ASK
515,1712368005.7322383,1082017.16745367,873.2,-5.737027586789947e-09,880.0,ASK
516,1712368005.7349725,1082613.6336288,873.1,-5.473433351136173e-08,880.0,ASK
517,1712368005.7376578,1082619.36541991,873.2,-5.259741110455413e-10,880.0,ASK
518,1712368012.105703,1085245.04937207,873.1,2.4094419285654444e-07,880.0,BID
519,1712368020.4038715,1085255.04937207,873.1,9.176435444880496e-10,880.0,BID
520,1712368020.4982195,1085255.04937207,873.1,0.0,880.0,BID
521,1712368050.48584,1085255.04937207,873.1,0.0,880.0,BID
522,1712368051.825719,1085369.58378966,873.1,1.0507017914435716e-08,880.0,BID
523,1712368080.7358503,1085369.58378966,873.1,0.0,880.0,BID
524,1712368103.646293,1085381.03985564,872.9,-1.0509328880943356e-09,880.0,ASK
525,1712368103.6557274,1085495.62676981,872.7,-1.0511737350029371e-08,880.0,ASK
526,1712368110.7059474,1085495.62676981,872.7,-0.0,880.0,ASK
527,1712368114.7358491,1085505.62676981,872.5,-9.173500616358555e-10,880.0,ASK
528,1712368114.7407246,1085511.91967598,872.5,-5.77279786292955e-10,880.0,ASK
529,1712368114.7455573,1086676.38959001,872.5,-1.0682265474085668e-07,880.0,ASK
530,1712368140.5072584,1086676.38959001,872.5,-0.0,880.0,ASK
531,1712368144.445881,1086766.38959001,872.2,-8.255370365832313e-09,880.0,ASK
532,1712368144.450844,1086813.22562833,872.2,-4.296098253319511e-09,880.0,ASK
533,1712368144.605897,1086989.99714614,872.2,-1.6214603885037224e-08,880.0,ASK
534,1712368144.665849,1087558.30887457,872.2,-5.2129153349286704e-08,880.0,ASK
535,1712368146.488593,1087844.7195683,872.0,-2.6271403927511933e-08,880.0,ASK
536,1712368146.4909103,1088077.94137352,872.0,-2.1392581994212648e-08,880.0,ASK
537,1712368147.4564078,1088077.94137353,872.0,-9.183381935860693e-19,880.0,ASK
538,1712368170.4859366,1088077.94137353,872.0,-0.0,880.0,ASK
539,1712368179.5537505,1091520.28216527,871.5,-3.157179146693642e-07,880.0,ASK
540,1712368193.6556227,1091619.85294566,871.7,-9.132239092116092e-09,880.0,ASK
541,1712368194.595674,1091626.15667058,872.5,5.781527764884012e-10,880.0,BID
542,1712368195.9257662,1092194.46839903,872.5,5.212330929549926e-08,880.0,BID
543,1712368200.5757775,1092194.46839903,872.5,0.0,880.0,BID
544,1712368208.4554815,1092401.61519776,872.5,1.9037864848162384e-08,880.0,BID
545,1712368208.555923,1093877.48554094,872.5,1.356401368455392e-07,880.0,BID
546,1712368220.9257982,1093998.90736776,873.1,1.1159295450324716e-08,880.0,BID
547,1712368221.0325751,1094050.21762981,873.1,4.715679123308997e-09,880.0,BID
548,1712368221.0426843,1094157.86463817,873.1,9.89331821214702e-09,880.0,BID
549,1712368229.7359295,1094214.86463817,873.6,5.238595541893934e-09,880.0,BID
550,1712368230.544688,1094214.86463817,873.6,0.0,880.0,BID
551,1712368237.3886771,1094272.33350264,873.6,5.280830957873424e-09,880.0,BID
552,1712368260.7157724,1094272.33350264,873.6,0.0,880.0,BID
553,1712368265.9459398,1096059.71395637,873.6,-1.642421609721258e-07,880.0,ASK
554,1712368265.95089,1097225.85147661,873.6,-1.071562273802356e-07,880.0,ASK
555,1712368268.53912,1097291.15430452,873.6,-6.000668492908542e-09,880.0,ASK
556,1712368269.2497582,1097808.41693533,873.6,-4.7531196896035617e-08,880.0,ASK
557,1712368269.327908,1098598.02292739,873.6,-7.25567934805507e-08,880.0,ASK
558,1712368269.3656075,1099411.99068008,873.6,-7.47953925446802e-08,880.0,ASK
559,1712368279.3860795,1099450.67758627,873.6,-3.554934854933579e-09,880.0,ASK
560,1712368285.840104,1099950.67758626,873.1,-4.594493596091636e-08,880.0,ASK
561,1712368285.855699,1099950.67758627,873.1,-9.19975455086195e-19,880.0,ASK
562,1712368290.7258914,1099950.67758627,873.1,-0.0,880.0,ASK
563,1712368316.818196,1100759.94191172,873.0,7.432931546600913e-08,880.0,BID
564,1712368319.6656878,1100806.682347,873.0,4.293015828943652e-09,880.0,BID
565,1712368320.4979782,1100806.682347,873.0,0.0,880.0,BID
566,1712368330.7508929,1100848.74637907,873.0,3.863232352117749e-09,880.0,BID
567,1712368332.3299856,1101020.56768491,873.0,1.5780361388127307e-08,880.0,BID
568,1712368336.9857943,1101198.75450528,873.1,1.6364981084803465e-08,880.0,BID
569,1712368350.4756749,1101198.75450528,873.1,0.0,880.0,BID
570,1712368366.6357553,1101298.75450528,873.1,9.183881613180987e-09,880.0,BID
571,1712368367.9055722,1101356.02171407,872.3,-5.259352658462734e-09,880.0,ASK
572,1712368369.495736,1101371.13957032,873.1,1.3884060204427743e-09,880.0,BID
573,1712368380.7282715,1101371.13957032,873.1,0.0,880.0,BID
574,1712368390.0461185,1104810.32333738,872.3,-3.158462011381276e-07,880.0,ASK
575,1712368410.7357247,1104810.32333738,872.3,-0.0,880.0,ASK
576,1712368413.56815,1104818.66262755,872.3,-7.656490076545879e-10,880.0,ASK
577,1712368413.5744166,1105266.20418346,872.3,-4.108979795418852e-08,880.0,ASK
578,1712368427.395874,1105569.87781067,872.3,-2.7880959480307505e-08,880.0,ASK
579,1712368427.399508,1105669.87781067,872.3,-9.181225164811352e-09,880.0,ASK
580,1712368435.7057009,1106816.27239968,872.3,1.0525306849421517e-07,880.0,BID
581,1712368440.4458468,1106816.27239968,872.3,0.0,880.0,BID
582,1712368452.715983,1106822.00634463,872.3,5.263618355439751e-10,880.0,BID
583,1712368470.485865,1106822.00634463,872.3,0.0,880.0,BID
584,1712368479.8658578,1106922.00634463,872.3,9.179746203775026e-09,880.0,BID
585,1712368479.9458923,1106928.75978499,872.0,-6.199486850780117e-10,880.0,ASK
586,1712368479.9525776,1108075.154374,872.0,-1.0523611376492113e-07,880.0,ASK
587,1712368500.5055652,1108075.154374,872.0,-0.0,880.0,ASK
588,1712368513.2855463,1108304.51217216,871.9,2.1093696411569083e-08,880.0,BID
589,1712368513.6457438,1108804.51217216,871.6,-4.5984258178239846e-08,880.0,ASK
590,1712368513.6508098,1109378.16981327,871.6,-5.2758442149445554e-08,880.0,ASK
591,1712368530.5156808,1109378.16981327,871.6,-0.0,880.0,ASK
592,1712368535.6762738,1109412.58927173,871.6,3.165175907600676e-09,880.0,BID
593,1712368549.7660005,1109554.39683234,871.6,1.3040468805714533e-08,880.0,BID
594,1712368560.725587,1109554.39683234,871.6,0.0,880.0,BID
595,1712368568.125805,1110607.03968948,871.5,-9.679852325740576e-08,880.0,ASK
596,1712368568.131014,1112996.73762408,871.5,-2.1975091507198134e-07,880.0,ASK
597,1712368576.195674,1114055.67338737,871.5,-9.737720387845829e-08,880.0,ASK
598,1712368576.201143,1114629.39685265,871.5,-5.2758239720636734e-08,880.0,ASK
599,1712368576.2054403,1114731.89909281,871.0,-9.425861212816072e-09,880.0,ASK
600,1712368577.5753596,1114741.89909281,871.5,-9.195761183464399e-10,880.0,ASK
601,1712368577.585547,1115139.49412161,871.0,-3.65618893257707e-08,880.0,ASK
602,1712368577.589645,1115261.3604946,870.9,-1.1206540623106349e-08,880.0,ASK
603,1712368577.5937138,1118406.36795728,871.0,-2.89207375470196e-07,880.0,ASK
604,1712368590.7098114,1118406.36795728,871.0,-0.0,880.0,ASK
605,1712368620.4652216,1118406.36795728,871.0,-0.0,880.0,ASK
606,1712368650.5150628,1118406.36795728,871.0,-0.0,880.0,ASK
607,1712368663.1852696,1118415.55280228,871.2,-8.44017806824212e-10,880.0,ASK
608,1712368680.705135,1118415.55280228,871.2,-0.0,880.0,ASK
609,1712368682.9152577,1118530.36336485,871.0,-1.05502148340178e-08,880.0,ASK
610,1712368682.9206593,1118825.42651065,871.0,-2.7114052123006185e-08,880.0,ASK
611,1712368682.925305,1118831.28184934,871.0,-5.380609564466948e-10,880.0,ASK
612,1712368691.547858,1120707.04100502,871.0,1.7236795662641408e-07,880.0,BID
613,1712368700.4252975,1120821.85156759,871.0,1.05502148340178e-08,880.0,BID
614,1712368704.3153093,1120932.95167026,871.0,1.0209251875556032e-08,880.0,BID
615,1712368704.321714,1121051.20936575,871.8,1.0866980051911748e-08,880.0,BID
616,1712368710.70518,1121051.20936575,871.8,0.0,880.0,BID
617,1712368719.8133233,1122012.56874697,870.9,-8.832296032878133e-08,880.0,ASK
618,1712368719.8165114,1122144.91502072,870.9,-1.2159047817533422e-08,880.0,ASK
619,1712368719.819525,1123800.91502072,870.6,-1.5214167059860412e-07,880.0,ASK
620,1712368719.8224664,1123807.19712072,871.0,-5.77155307282819e-10,880.0,ASK
621,1712368719.8253984,1123818.67949527,870.9,-1.054920076359943e-09,880.0,ASK
622,1712368719.8282826,1123824.67949527,870.9,-5.512379369514642e-10,880.0,ASK
623,1712368721.0290737,1124302.52191181,870.6,4.390081131357057e-08,880.0,BID
624,1712368733.0053172,1124417.38522446,870.6,1.055283591610008e-08,880.0,BID
625,1712368733.2161458,1124497.10874549,870.6,7.324438209851201e-09,880.0,BID
626,1712368733.2200365,1125565.28218739,871.2,9.813628740321133e-08,880.0,BID
627,1712368733.646577,1125794.63998555,871.8,2.10717865802464e-08,880.0,BID
628,1712368740.495253,1125794.63998555,871.8,0.0,880.0,BID
629,1712368770.481101,1125794.63998555,871.8,0.0,880.0,BID
630,1712368800.1154668,1125800.37919583,871.3,-5.270783707965776e-10,880.0,ASK
631,1712368800.1252425,1127078.15302554,871.3,-1.1734836598380788e-07,880.0,ASK
632,1712368800.6260183,1127078.15302554,871.3,-0.0,880.0,ASK
633,1712368824.5561075,1127536.86862186,871.1,-4.234427746832125e-08,880.0,ASK
634,1712368824.695805,1127867.51862186,871.1,3.0522475052587845e-08,880.0,BID
635,1712368824.7758904,1128954.35675536,871.1,1.0032659856627729e-07,880.0,BID
636,1712368824.795895,1130522.07450414,871.1,1.447168482583325e-07,880.0,BID
637,1712368830.4760222,1130522.07450414,871.1,0.0,880.0,BID
638,1712368835.6863248,1130639.43135251,871.3,1.0830273027073187e-08,880.0,BID
639,1712368835.6922324,1130649.80061567,871.3,9.569271216192047e-10,880.0,BID
640,1712368843.0163505,1130747.74380861,871.1,-9.038684451891033e-09,880.0,ASK
641,1712368843.9164906,1132733.53696773,871.1,-1.832588586632075e-07,880.0,ASK
642,1712368843.922395,1133208.43328776,871.1,-4.3825791821459455e-08,880.0,ASK
643,1712368857.430949,1133249.50628776,871.3,3.790420501411209e-09,880.0,BID
644,1712368858.224257,1133249.50651687,871.3,2.1143409998304684e-14,880.0,BID
645,1712368859.3367238,1133544.98989377,871.8,2.7268674059001324e-08,880.0,BID
646,1712368860.7866025,1133544.98989377,871.8,0.0,880.0,BID
647,1712368870.396803,1134614.87999241,871.8,9.871078385123621e-08,880.0,BID
648,1712368871.0468817,1135791.07382915,871.5,-1.085186373190878e-07,880.0,ASK
649,1712368875.896918,1135914.66504079,871.8,1.1402839781039745e-08,880.0,BID
650,1712368875.9976535,1136324.66504079,871.8,3.782764363410088e-08,880.0,BID
651,1712368876.063807,1136702.49718633,871.8,3.485975549997001e-08,880.0,BID
652,1712368876.086934,1137137.97942957,871.8,4.01787002591849e-08,880.0,BID
653,1712368876.1020246,1137721.41613365,871.8,5.38293554268192e-08,880.0,BID
654,1712368876.1077216,1140755.97911137,871.8,2.799765046498081e-07,880.0,BID
655,1712368876.1125286,1143043.19805448,872.0,2.110246416905581e-07,880.0,BID
656,1712368876.4473424,1143547.19805448,873.1,4.6500322906309375e-08,880.0,BID
657,1712368890.7489126,1143547.19805448,873.1,0.0,880.0,BID
658,1712368897.1273656,1144692.93590965,872.8,1.0562370688413165e-07,880.0,BID
659,1712368920.4976864,1144692.93590965,872.8,0.0,880.0,BID
660,1712368928.7878292,1144742.93590965,872.8,-4.608993672837678e-09,880.0,ASK
661,1712368928.793641,1144972.08348068,872.8,-2.1122794100453105e-08,880.0,ASK
662,1712368950.4586637,1144972.08348068,872.8,-0.0,880.0,ASK
663,1712368950.7084634,1145315.68673345,871.2,-3.1672593034277466e-08,880.0,ASK
664,1712368950.7142189,1147452.03935052,871.2,-1.969242912360629e-07,880.0,ASK
665,1712368950.7182553,1148415.60965148,871.2,8.88197936317113e-08,880.0,BID
666,1712368979.052396,1148439.24665148,871.8,2.178806735709083e-09,880.0,BID
667,1712368979.1363125,1149947.83130275,871.8,1.3905801918992166e-07,880.0,BID
668,1712368980.7190151,1149947.83130275,871.8,0.0,880.0,BID
669,1712368988.3688447,1149959.28605647,872.4,1.055452208913984e-09,880.0,BID
670,1712368998.8290834,1150195.71575551,871.4,-2.1784863664911416e-08,880.0,ASK
671,1712368998.8348925,1151343.55781244,871.2,-1.0576328955543157e-07,880.0,ASK
672,1712369004.3775492,1151535.09983901,871.2,1.76488696296292e-08,880.0,BID
673,1712369010.7291737,1151535.09983901,871.2,0.0,880.0,BID
674,1712369012.4795394,1152338.58927887,871.1,-7.40248703829181e-08,880.0,ASK
675,1712369013.3894627,1152724.0860518,871.1,-3.5515524204214865e-08,880.0,ASK
676,1712369013.4491825,1153051.49934086,871.1,-3.01643370552901e-08,880.0,ASK
677,1712369013.543439,1153077.09669027,871.1,-2.3582643134023713e-09,880.0,ASK
678,1712369013.5462625,1153118.53113665,871.1,-3.817324000179194e-09,880.0,ASK
679,1712369014.6694224,1153266.83339123,871.0,-1.3662973809221932e-08,880.0,ASK
680,1712369014.7693777,1153332.03084962,871.0,-6.006592205430926e-09,880.0,ASK
681,1712369014.775269,1153862.59817985,871.0,-4.88807642033636e-08,880.0,ASK
682,1712369015.1492062,1154249.51813606,871.0,-3.564664099630948e-08,880.0,ASK
683,1712369023.929651,1155620.63552943,871.0,1.2632000159410868e-07,880.0,BID
684,1712369029.1095552,1156187.54200266,871.0,-5.222866178229855e-08,880.0,ASK
685,1712369029.1151557,1157397.62376177,871.0,-1.1148391120917213e-07,880.0,ASK
686,1712369037.0614202,1159386.6717372,871.0,-1.832494756773297e-07,880.0,ASK
687,1712369038.6947691,1160552.0037372,871.0,-1.073611499711733e-07,880.0,ASK
688,1712369040.4621346,1160552.0037372,871.0,-0.0,880.0,ASK
689,1712369068.2901986,1160637.09209819,871.0,-7.833457846831448e-09,880.0,ASK
690,1712369069.6400232,1160642.83130847,871.2,5.28366762274025e-10,880.0,BID
691,1712369071.011573,1160642.83130847,871.2,0.0,880.0,BID
692,1712369071.0565703,1160648.57051875,871.2,5.283629140508033e-10,880.0,BID
693,1712369073.6104438,1160654.30972903,871.2,5.283629140508033e-10,880.0,BID
694,1712369093.240446,1160688.74499074,871.2,3.1701774871342192e-09,880.0,BID
695,1712369100.7104735,1160688.74499074,871.2,0.0,880.0,BID
696,1712369118.261235,1160698.67114132,871.0,-9.255244141277255e-10,880.0,ASK
697,1712369118.267876,1160728.3933429,871.0,-2.7713284200710757e-09,880.0,ASK
698,1712369125.430822,1162409.64762482,871.0,1.5676186571446985e-07,880.0,BID
699,1712369130.72079,1162409.64762482,871.0,0.0,880.0,BID
700,1712369131.9541287,1162728.3933429,871.0,-2.9716023077823412e-08,880.0,ASK
701,1712369134.8920584,1162734.13387102,871.0,5.351779064488944e-10,880.0,BID
702,1712369138.5808945,1163078.22129917,871.0,3.2078579807385215e-08,880.0,BID
703,1712369139.7808104,1165375.11236208,870.7,-2.1413454035962965e-07,880.0,ASK
704,1712369141.671323,1165441.383315,870.7,6.178307831775181e-09,880.0,BID
705,1712369141.8317437,1166523.72491695,870.7,1.0090453360555296e-07,880.0,BID
706,1712369141.8373992,1166589.48894071,871.0,6.1310478443753124e-09,880.0,BID
707,1712369160.4784634,1166589.48894071,871.0,0.0,880.0,BID
708,1712369171.2512476,1166873.00478456,871.0,2.6422647107487857e-08,880.0,BID
709,1712369174.8013284,1166893.00478456,871.0,1.863927373417513e-09,880.0,BID
710,1712369176.911305,1166898.75105321,871.0,5.355313715920673e-10,880.0,BID
711,1712369178.3012896,1166965.05343314,871.0,6.179141043705875e-09,880.0,BID
712,1712369178.3213403,1168680.06553208,871.0,1.598328998478112e-07,880.0,BID
713,1712369178.4412358,1170338.68013776,871.0,1.5457685827386246e-07,880.0,BID
714,1712369179.805602,1170821.80480099,871.2,4.5025464228378694e-08,880.0,BID
715,1712369179.912176,1172154.73963347,871.2,1.2422468606206148e-07,880.0,BID
716,1712369179.9165368,1173959.68058949,871.2,1.6821394276640544e-07,880.0,BID
717,1712369180.1521263,1174064.21634834,871.2,9.742353121068006e-09,880.0,BID
718,1712369183.6013527,1174128.69132574,871.0,-6.008833763809419e-09,880.0,ASK
719,1712369186.131617,1174755.31302574,871.2,5.8398866970372534e-08,880.0,BID
720,1712369190.5022764,1174755.31302574,871.2,0.0,880.0,BID
721,1712369194.6417289,1174973.61985028,871.2,2.0331924578534133e-08,880.0,BID
722,1712369203.2518842,1175776.27293145,871.2,7.4754794970167e-08,880.0,BID
723,1712369205.8617702,1175849.90760414,871.0,-6.857937742677623e-09,880.0,ASK
724,1712369205.8716843,1179220.58980861,871.0,-3.139272283580318e-07,880.0,ASK
725,1712369206.131709,1181527.15653779,871.2,2.148212309526198e-07,880.0,BID
726,1712369206.1717117,1182708.8139208,871.2,1.1005321908579812e-07,880.0,BID
727,1712369216.752058,1182926.26029403,871.2,2.025178676708992e-08,880.0,BID
728,1712369220.731785,1182926.26029403,871.2,0.0,880.0,BID
729,1712369222.5322611,1184074.36591974,871.0,-1.0685755096867085e-07,880.0,ASK
730,1712369222.5398457,1184343.69146635,870.6,-2.5066916910422903e-08,880.0,ASK
731,1712369227.5830178,1184703.94146635,871.2,3.352952191368127e-08,880.0,BID
732,1712369232.9119737,1185035.48404798,871.2,3.085763846239976e-08,880.0,BID
733,1712369232.936412,1185329.1090405,871.2,2.7328537463147283e-08,880.0,BID
734,1712369233.2365866,1185617.20919613,871.2,2.6814324723209064e-08,880.0,BID
735,1712369243.4525793,1189063.10857587,870.6,-3.207199410557478e-07,880.0,ASK
736,1712369250.7320893,1189063.10857587,870.6,-0.0,880.0,ASK
737,1712369266.2424104,1191979.62980263,870.6,-2.713142211122e-07,880.0,ASK
738,1712369266.2478857,1192506.55413081,870.6,-4.901800898053208e-08,880.0,ASK
739,1712369280.5024574,1192506.55413081,870.6,-0.0,880.0,ASK
740,1712369306.482788,1193128.2629292,870.6,-5.7819366685828344e-08,880.0,ASK
741,1712369306.488551,1193139.74352017,870.6,-1.0677032411072111e-09,880.0,ASK
742,1712369306.4939146,1195952.45351055,870.6,-2.615840578995518e-07,880.0,ASK
743,1712369310.472867,1195952.45351055,870.6,-0.0,880.0,ASK
744,1712369322.48956,1195967.96051055,871.2,1.4417599309824907e-09,880.0,BID
745,1712369329.0730145,1196662.49212378,870.7,-6.457392472797673e-08,880.0,ASK
746,1712369329.079472,1196668.23577831,870.7,-5.3401502281627e-10,880.0,ASK
747,1712369340.73321,1196668.23577831,870.7,-0.0,880.0,ASK
748,1712369344.6828823,1197816.73698424,870.7,-1.06775461086727e-07,880.0,ASK
749,1712369370.7634258,1197816.73698424,870.7,-0.0,880.0,ASK
750,1712369400.5639925,1197816.73698424,870.7,-0.0,880.0,ASK
751,1712369409.5038111,1197973.70416508,870.7,-1.4643432567054033e-08,880.0,ASK
752,1712369409.5110104,1199139.78472876,870.7,-1.0878339032781988e-07,880.0,ASK
753,1712369410.930099,1199207.03010576,870.7,6.273305911958921e-09,880.0,BID
754,1712369410.9335775,1200121.15010576,870.7,8.527804670086182e-08,880.0,BID
755,1712369417.7539425,1200531.15010576,871.2,3.8248806663630566e-08,880.0,BID
756,1712369423.7137372,1200886.9811434,871.2,3.319539649662308e-08,880.0,BID
757,1712369424.6046586,1201130.3794434,871.2,2.2706571997454585e-08,880.0,BID
758,1712369428.9937594,1201148.0037809,871.2,1.644170433196566e-09,880.0,BID
759,1712369430.461438,1201148.0037809,871.2,0.0,880.0,BID
760,1712369460.7242785,1201148.0037809,871.2,0.0,880.0,BID
761,1712369473.4792883,1201492.43211769,871.2,3.212294743816008e-08,880.0,BID
762,1712369490.7143734,1201492.43211769,871.2,0.0,880.0,BID
763,1712369497.1446004,1202266.19445511,870.6,-7.216256232291811e-08,880.0,ASK
764,1712369497.1510775,1205267.30447853,870.6,-2.798892872262647e-07,880.0,ASK
765,1712369497.1641176,1206554.91301691,870.6,-1.2008484634725318e-07,880.0,ASK
766,1712369502.1843045,1210235.61958825,870.6,-3.432697670868463e-07,880.0,ASK
767,1712369502.2443511,1210241.36390251,870.6,-5.357257852082081e-10,880.0,ASK
768,1712369502.2493837,1210585.95384048,870.6,-3.2137119722744e-08,880.0,ASK
769,1712369502.2545066,1211450.98195796,870.6,-8.067418433271576e-08,880.0,ASK
770,1712369517.1045775,1211491.1079598,870.6,3.742228031159072e-09,880.0,BID
771,1712369519.8776295,1212025.01150647,870.6,-4.9792870624163934e-08,880.0,ASK
772,1712369519.8866816,1212128.9260478,870.6,-9.691269789637983e-09,880.0,ASK
773,1712369520.2866206,1212135.21895397,870.5,-5.868885208127674e-10,880.0,ASK
774,1712369520.2898474,1214135.21895397,870.5,-1.865238428728463e-07,880.0,ASK
775,1712369520.2929122,1214135.21895433,870.6,-3.359191875489116e-17,880.0,ASK
776,1712369520.2959192,1214140.96392848,870.5,-5.357873278182189e-10,880.0,ASK
777,1712369520.4080367,1214255.85363436,870.4,-1.0714834723641727e-08,880.0,ASK
778,1712369520.4111023,1214370.74334024,870.4,-1.0714834723641727e-08,880.0,ASK
779,1712369520.5074694,1214370.74334024,870.4,-0.0,880.0,ASK
780,1712369520.6572168,1214670.74334024,870.5,-2.7949352131475813e-08,880.0,ASK
781,1712369522.104509,1214785.65945146,870.2,-1.0706102860216748e-08,880.0,ASK
782,1712369535.0145936,1214785.65945147,870.2,-9.327367426621572e-19,880.0,ASK
783,1712369550.72726,1214785.65945147,870.2,-0.0,880.0,ASK
784,1712369561.8746903,1214808.64531516,870.1,-2.141394610924958e-09,880.0,ASK
785,1712369561.8799367,1217796.80759534,870.1,-2.783812994645806e-07,880.0,ASK
786,1712369561.8853507,1217808.30052718,870.1,-1.070697304996126e-09,880.0,ASK
787,1712369561.9347231,1218008.24604763,870.0,-1.862719912307118e-08,880.0,ASK
788,1712369580.7048583,1218008.24604763,870.0,-0.0,880.0,ASK
789,1712369585.264789,1218108.24604763,870.0,-9.313704329842129e-09,880.0,ASK
790,1712369585.270269,1220060.35757729,870.0,-1.8181389606128573e-07,880.0,ASK
791,1712369589.2050576,1220071.85183016,870.0,-1.070540727244777e-09,880.0,ASK
792,1712369589.2130504,1222281.15310741,870.0,-2.057677887184955e-07,880.0,ASK
793,1712369589.220406,1225670.87464004,870.0,-3.1570864115415455e-07,880.0,ASK
794,1712369599.144945,1225747.1937259,870.0,-7.108134004231898e-09,880.0,ASK
795,1712369599.1514697,1226013.14091117,870.0,-2.476953450958736e-08,880.0,ASK
796,1712369599.2750378,1226096.79697867,870.0,-7.791478780912993e-09,880.0,ASK
797,1712369599.2783368,1226187.32002858,870.0,-8.431049218980937e-09,880.0,ASK
798,1712369599.2968235,1226302.26255731,870.0,-1.0705407275158418e-08,880.0,ASK
799,1712369599.300701,1226510.5900821,870.0,-1.940300969660443e-08,880.0,ASK
800,1712369599.575154,1227659.44094402,870.0,1.0700057247007573e-07,880.0,BID
801,1712369610.735041,1227659.44094402,870.0,0.0,880.0,BID
802,1712369617.2152212,1227693.93163402,869.8,-3.209850692028945e-09,880.0,ASK
803,1712369617.2223074,1227728.00201393,869.8,-3.1707348426737e-09,880.0,ASK
804,1712369625.0682397,1227733.74980103,869.9,5.349135781453255e-10,880.0,BID
805,1712369640.5610847,1227733.74980103,869.9,0.0,880.0,BID
806,1712369653.955416,1227814.64837949,869.8,-7.528721405497687e-09,880.0,ASK
807,1712369653.965167,1227814.6483795,869.8,-9.317275360862606e-19,880.0,ASK
808,1712369670.4874816,1227814.6483795,869.8,-0.0,880.0,ASK
809,1712369682.5354123,1228188.28542853,869.8,3.4771820242646065e-08,880.0,BID
810,1712369689.1855965,1228214.55602648,869.8,2.444823156457888e-09,880.0,BID
811,1712369689.1925735,1228303.28542853,869.8,8.257432784929573e-09,880.0,BID
812,1712369691.3655064,1228449.11090565,869.8,1.3570970251419049e-08,880.0,BID
813,1712369696.2656045,1228621.58417227,869.7,-1.605089602099069e-08,880.0,ASK
814,1712369696.3735898,1228621.58417229,869.7,-1.863442869450657e-18,880.0,ASK
815,1712369697.115996,1228851.57497264,869.6,-2.1403655734869195e-08,880.0,ASK
816,1712369697.175633,1228851.57497265,869.6,-9.317214347253288e-19,880.0,ASK
817,1712369697.215804,1228874.57669777,869.5,-2.140611733284581e-09,880.0,ASK
818,1712369697.2286146,1229045.45363853,869.5,-1.5902336995613022e-08,880.0,ASK
819,1712369697.2315354,1229056.95450109,869.5,-1.0703058666422907e-09,880.0,ASK
820,1712369697.2345347,1229178.25603289,869.5,-1.1288695994819097e-08,880.0,ASK
821,1712369697.3756752,1229238.47244341,869.3,-5.60392554136452e-09,880.0,ASK
822,1712369697.3825066,1229261.47946055,869.3,-2.141104225049026e-09,880.0,ASK
823,1712369697.388396,1229261.47946056,869.5,-9.317214347253288e-19,880.0,ASK
1024,1712369697.3913193,1229376.51454626,869.3,-1.070552112522346e-08,880.0,ASK
824,1712369697.3913193,1229376.51454626,869.3,-1.0705521125223461e-08,880.0,ASK
825,1712369697.4755027,1230378.63125413,869.3,-9.326008252839793e-08,880.0,ASK
826,1712369697.5356908,1230468.63125412,869.2,-8.375678561893248e-09,880.0,ASK
827,1712369697.5422654,1230699.88895593,869.3,-2.152155750597833e-08,880.0,ASK
828,1712369697.596432,1230699.88895594,869.2,-9.317214347253288e-19,880.0,ASK
829,1712369697.736104,1230722.90391566,869.0,-2.1418433861197484e-09,880.0,ASK
830,1712369697.7429578,1231097.0851532,869.0,-3.4822464109720963e-08,880.0,ASK
831,1712369697.7468596,1231102.8391532,869.0,-5.35485049445956e-10,880.0,ASK
832,1712369697.915558,1231891.59880801,869.0,-7.34044148001656e-08,880.0,ASK
833,1712369700.5283518,1231891.59880801,869.0,-0.0,880.0,ASK
834,1712369730.4758062,1231891.59880801,869.0,-0.0,880.0,ASK
835,1712369760.736025,1231891.59880801,869.0,-0.0,880.0,ASK
836,1712369762.916114,1232199.72981847,869.0,-2.8990899233265663e-08,880.0,ASK
837,1712369762.9227097,1232251.70613181,869.0,-4.89025775207618e-09,880.0,ASK
838,1712369768.316513,1238104.18127495,869.0,-5.506375904414365e-07,880.0,ASK
839,1712369768.4060469,1238115.43311668,869.0,1.0586438842859194e-09,880.0,BID
840,1712369768.409872,1238309.18127495,869.2,1.8229042655110843e-08,880.0,BID
841,1712369780.4160335,1238314.93749041,868.8,-5.41580875335513e-10,880.0,ASK
842,1712369780.4269338,1238519.62180124,868.8,-1.92579845210772e-08,880.0,ASK
843,1712369780.4326134,1239094.70825111,868.9,-5.410774233243799e-08,880.0,ASK
844,1712369790.716537,1239094.70825111,868.9,-0.0,880.0,ASK
845,1712369794.9673667,1239322.85825111,869.2,2.1453149474158573e-08,880.0,BID
846,1712369796.4492764,1239630.35825111,869.2,2.8914501263670624e-08,880.0,BID
847,1712369797.9461846,1240134.80825111,869.2,4.7433886707178216e-08,880.0,BID
848,1712369798.186337,1240255.92959284,869.2,1.1389148580519132e-08,880.0,BID
849,1712369798.1934657,1240585.13147375,869.2,3.0955148623026835e-08,880.0,BID
850,1712369798.2880642,1242057.25238922,869.2,1.3842485226221696e-07,880.0,BID
851,1712369798.3461578,1242213.90729282,869.2,1.473040132716156e-08,880.0,BID
1051,1712369798.3461578,1242213.90729282,869.2,1.4730401327161561e-08,880.0,BID
852,1712369798.3860145,1242213.90729284,869.2,1.882821615782085e-18,880.0,BID
853,1712369805.236043,1242680.43045979,868.9,-4.3867592521311776e-08,880.0,ASK
854,1712369810.6410112,1243893.90729284,868.9,-1.141043168216693e-07,880.0,ASK
855,1712369810.646659,1253256.90729284,868.9,-8.804113018918635e-07,880.0,ASK
856,1712369810.8019996,1254475.75929316,868.9,1.1460974862919089e-07,880.0,BID
857,1712369810.8066654,1257806.80743128,868.9,3.132214491024969e-07,880.0,BID
858,1712369810.8992867,1258017.65295301,869.6,1.9825993835789812e-08,880.0,BID
1058,1712369810.8992867,1258017.65295301,869.6,1.982599383578981e-08,880.0,BID
859,1712369811.3168406,1258359.13233119,869.6,3.21096127216247e-08,880.0,BID
860,1712369814.096171,1258564.57233119,869.9,1.931770777110117e-08,880.0,BID
1060,1712369814.096171,1258564.57233119,869.9,1.9317707771101172e-08,880.0,BID
861,1712369819.6160686,1258581.81569249,869.9,1.621408754779378e-09,880.0,BID
862,1712369820.508831,1258581.81569249,869.9,0.0,880.0,BID
863,1712369838.8662293,1259734.15002509,869.9,1.0818277215516657e-07,880.0,BID
864,1712369838.8718755,1260300.7278251,869.9,5.319112284745598e-08,880.0,BID
865,1712369845.4665487,1260317.94941772,870.1,1.616787400889587e-09,880.0,BID
866,1712369850.4686103,1260317.94941772,870.1,0.0,880.0,BID
867,1712369859.6863816,1260391.44395857,870.1,6.898792984582811e-09,880.0,BID
868,1712369880.4451663,1273391.44395857,869.0,-1.220285313200345e-06,880.0,ASK
869,1712369880.7064252,1273391.44395857,869.0,-0.0,880.0,ASK
870,1712369910.746589,1273391.44395857,869.0,-0.0,880.0,ASK
871,1712369937.316992,1276662.59574892,869.1,-3.0672970076156485e-07,880.0,ASK
872,1712369937.327752,1283391.44395857,869.1,-6.309513376617489e-07,880.0,ASK
873,1712369940.4866748,1283391.44395857,869.1,-0.0,880.0,ASK
874,1712369945.446814,1295070.89244832,869.0,-1.0942679776047502e-06,880.0,ASK
875,1712369945.4502094,1303276.36915996,869.1,-7.687854794178932e-07,880.0,ASK
876,1712369945.453465,1303391.44395857,869.0,-1.0781559356917956e-08,880.0,ASK
877,1712369952.9766862,1303399.29543575,869.9,7.356186435009384e-10,880.0,BID
878,1712369956.637288,1305303.9724989,869.0,-1.78452528791282e-07,880.0,ASK
879,1712369956.6441343,1305430.9653891,869.0,-1.1898186224388922e-08,880.0,ASK
880,1712369956.6499524,1305955.17432301,868.6,-4.9114052812989306e-08,880.0,ASK
881,1712369956.6548772,1305976.68842778,868.5,-2.0156941432071156e-09,880.0,ASK
882,1712369956.658162,1306321.91282363,868.6,-3.2344678072608094e-08,880.0,ASK
883,1712369956.6614456,1306782.74231671,868.5,-4.3175922035690425e-08,880.0,ASK
884,1712369956.6648912,1308878.93335089,868.8,-1.963958080433572e-07,880.0,ASK
885,1712369956.6682122,1308994.08765766,868.4,-1.0789008615633513e-08,880.0,ASK
886,1712369956.6718364,1309005.60574105,868.2,-1.079149398895707e-09,880.0,ASK
887,1712369956.6751337,1309145.26354184,868.5,-1.3084783871535896e-08,880.0,ASK
888,1712369956.678477,1309151.02108271,868.6,-5.394340845213939e-10,880.0,ASK
889,1712369956.681838,1309161.02108271,868.4,-9.369175081897808e-10,880.0,ASK
890,1712369956.685187,1309276.22845598,868.0,-1.079398050892806e-08,880.0,ASK
891,1712369956.688534,1310996.22845598,868.1,-1.611498114086423e-07,880.0,ASK
892,1712369956.6919608,1311111.43582925,868.0,-1.0793980508906246e-08,880.0,ASK
893,1712369956.6953042,1311117.72873542,868.5,-5.89593396808014e-10,880.0,ASK
894,1712369956.6986294,1311570.94225285,868.0,-4.246236794284466e-08,880.0,ASK
1094,1712369956.6986294,1311570.94225285,868.0,-4.2462367942844663e-08,880.0,ASK
895,1712369956.702006,1311577.23515902,868.0,-5.89593396808014e-10,880.0,ASK
896,1712369956.705436,1311583.23515902,867.9,-5.62150504913868e-10,880.0,ASK
897,1712369956.708841,1311631.31746857,867.7,-4.504915765172691e-09,880.0,ASK
898,1712369956.7122617,1311648.07982471,868.0,-1.570494494603379e-09,880.0,ASK
899,1712369956.7156503,1311655.76623706,867.7,-7.201534305920312e-10,880.0,ASK
900,1712369956.7769651,1314247.92103814,867.7,2.4286352170700533e-07,880.0,BID
901,1712369956.7843368,1315073.63793493,867.7,7.736286174105417e-08,880.0,BID
902,1712369956.7881317,1319127.1359966,867.7,3.7977933033919533e-07,880.0,BID
903,1712369956.7966917,1322724.65045265,867.7,3.3705742798390845e-07,880.0,BID
904,1712369956.8001518,1322898.49347455,867.7,1.6287657089487962e-08,880.0,BID
905,1712369956.816815,1323399.29543575,867.7,4.692101255839151e-08,880.0,BID
906,1712369958.686837,1323905.39533575,868.9,4.7417385720312544e-08,880.0,BID
907,1712369961.5968611,1324137.19523575,868.9,2.17177384706625e-08,880.0,BID
908,1712369966.0872676,1324303.74523575,868.9,1.560436109890516e-08,880.0,BID
909,1712369967.596781,1324508.74523575,868.9,1.9206808917890505e-08,880.0,BID
910,1712369969.1068375,1325895.74523575,868.9,1.2995045838592257e-07,880.0,BID
911,1712369970.4971347,1325895.74523575,868.9,0.0,880.0,BID
912,1712369978.3468342,1326241.70529749,868.8,3.230187441084322e-08,880.0,BID
913,1712369996.887645,1326283.02177415,867.8,-3.857669678552315e-09,880.0,ASK
1113,1712369996.887645,1326283.02177415,867.8,-3.8576696785523154e-09,880.0,ASK
914,1712369996.8951454,1326744.06372896,867.5,-4.3046932202220295e-08,880.0,ASK
915,1712369996.8997033,1326754.06372896,867.6,-9.336879594820674e-10,880.0,ASK
916,1712369996.90303,1328137.25154477,867.4,-1.291465809324179e-07,880.0,ASK
917,1712369996.9063623,1329881.25154477,867.5,-1.628351801336726e-07,880.0,ASK
918,1712369996.9097495,1336738.25154477,867.8,-6.402298338168536e-07,880.0,ASK
919,1712369996.9131598,1338669.98034477,867.7,-1.803631921544672e-07,880.0,ASK
920,1712369996.916843,1338693.03420177,867.1,-2.1525108700595144e-09,880.0,ASK
921,1712369996.9202332,1338699.32710794,867.5,-5.875610721091017e-10,880.0,ASK
922,1712369996.923611,1338814.66736168,867.0,-1.07691806160505e-08,880.0,ASK
923,1712369996.927026,1339060.42442219,867.5,-2.2946040835599225e-08,880.0,ASK
924,1712369996.930403,1339071.95844756,867.0,-1.0769180612246151e-09,880.0,ASK
925,1712369996.9337866,1339077.95037656,867.4,-5.594591961381426e-10,880.0,ASK
926,1712369996.9371912,1340254.42096478,867.0,-1.0984564229058469e-07,880.0,ASK
927,1712369996.940578,1340485.02167964,867.3,-2.1530911091275666e-08,880.0,ASK
928,1712369996.943997,1340800.02167964,867.2,-2.9411170723685123e-08,880.0,ASK
929,1712369996.9474182,1346641.02167964,867.4,-5.453671371334756e-07,880.0,ASK
930,1712369996.9508116,1347594.092936,867.3,-8.898711565918152e-08,880.0,ASK
931,1712369996.954258,1347604.092936,867.1,-9.336879594820674e-10,880.0,ASK
932,1712369996.9576707,1349218.092936,867.2,-1.506972366604057e-07,880.0,ASK
933,1712369996.9611187,1349333.43318974,867.0,-1.07691806160505e-08,880.0,ASK
934,1712369996.964527,1350957.43318974,867.3,-1.5163092461988778e-07,880.0,ASK
935,1712369996.9684727,1351947.72046322,867.0,-9.246193036766865e-08,880.0,ASK
936,1712369996.9870224,1352753.6749786,867.0,7.52510026900374e-08,880.0,BID
937,1712369997.007283,1354512.2249786,867.0,1.641936961147233e-07,880.0,BID
938,1712369997.0119555,1358939.67727346,867.0,4.133858898892063e-07,880.0,BID
939,1712369997.0153582,1360747.67727346,867.0,1.688107830743578e-07,880.0,BID
940,1712369997.0308726,1360936.59727346,867.0,1.763923293052826e-08,880.0,BID
941,1712369997.0365343,1361853.95769951,867.0,8.5652838430836e-08,880.0,BID
942,1712369997.0421026,1366092.71405034,867.0,3.957675767948084e-07,880.0,BID
943,1712369997.0670588,1366422.46628417,867.0,3.0788569033943095e-08,880.0,BID
944,1712369997.0891182,1366436.46628417,867.0,1.3071631432748943e-09,880.0,BID
945,1712369997.0926118,1368147.08503696,867.0,1.5971841327441762e-07,880.0,BID
946,1712369997.1069098,1368404.07444655,867.0,2.3994791744871903e-08,880.0,BID
947,1712369997.1869326,1378404.07444655,867.0,9.336879594820674e-07,880.0,BID
948,1712369997.1916792,1380710.07444655,867.0,2.153084434565648e-07,880.0,BID
949,1712369997.2282336,1381713.87694028,867.0,9.372383020936453e-08,880.0,BID
950,1712369997.3070157,1382133.72349665,867.0,3.920056745128149e-08,880.0,BID
951,1712369997.426978,1382632.55114602,867.0,4.657493700733582e-08,880.0,BID
952,1712369997.5268626,1384468.54044602,867.0,1.714241103147924e-07,880.0,BID
953,1712369997.6068406,1384841.2724258,867.0,3.4801536163462265e-08,880.0,BID
954,1712369997.6269283,1387261.4724258,867.0,2.259711599538456e-07,880.0,BID
955,1712369997.84747,1387411.69687267,867.0,1.4026275726229872e-08,880.0,BID
956,1712369998.2270055,1387690.6772833,867.0,2.6048065033670248e-08,880.0,BID
957,1712369998.2669845,1387835.04416628,867.0,1.3479362038626108e-08,880.0,BID
958,1712369998.43476,1388377.41152742,867.0,5.0640187471245376e-08,880.0,BID
959,1712369998.4926808,1388582.41152742,867.0,1.914060316938238e-08,880.0,BID
960,1712369999.3868892,1388955.57380572,867.0,3.484171261817475e-08,880.0,BID
961,1712369999.4269218,1389867.09677402,867.0,8.510780202929894e-08,880.0,BID
962,1712369999.5469148,1391341.68897411,867.0,1.376808982370153e-07,880.0,BID
963,1712369999.5576344,1392024.34027291,867.0,6.373832982143716e-08,880.0,BID
964,1712369999.7773333,1392508.96317706,867.0,4.524865704941321e-08,880.0,BID
965,1712369999.8969746,1392743.66087476,867.0,2.1913441446065332e-08,880.0,BID
1165,1712369999.8969746,1392743.66087476,867.0,2.191344144606533e-08,880.0,BID
966,1712369999.9680688,1393161.97895593,867.0,3.90578555622153e-08,880.0,BID
967,1712369999.9969797,1393294.47895593,867.0,1.2371365463137394e-08,880.0,BID
968,1712370000.5216238,1393294.47895593,867.0,0.0,880.0,BID
969,1712370000.7232523,1394079.97895593,867.0,7.328499978331298e-08,880.0,BID
970,1712370000.7970347,1394453.22518525,867.0,3.4822851476545324e-08,880.0,BID
971,1712370001.0972424,1394745.39078525,867.0,2.7258250709999813e-08,880.0,BID
972,1712370001.3767726,1394919.77930331,867.0,1.6269971366300493e-08,880.0,BID
973,1712370001.4871955,1395124.77930331,867.0,1.9125938835874164e-08,880.0,BID
974,1712370001.6369345,1397668.77930331,867.0,2.373482360900677e-07,880.0,BID
975,1712370002.747092,1397813.14618629,867.0,1.3469034994162175e-08,880.0,BID
976,1712370002.8550243,1398228.14618629,867.0,3.871836398481844e-08,880.0,BID
977,1712370002.907012,1400258.13465226,867.0,1.893923670130275e-07,880.0,BID
978,1712370002.9870417,1400668.13465226,867.0,3.8251877671748334e-08,880.0,BID
979,1712370003.1269624,1401348.13465226,867.0,6.344213857753384e-08,880.0,BID
980,1712370003.3270109,1401361.13465226,867.0,1.212864413982264e-09,880.0,BID
981,1712370003.827127,1401528.10340267,867.0,1.5577727355337962e-08,880.0,BID
982,1712370003.847082,1401693.13292543,867.0,1.5396802724012948e-08,880.0,BID
983,1712370004.2673538,1402280.29970743,867.0,5.4781053458471015e-08,880.0,BID
984,1712370004.4670544,1402485.29970743,867.0,1.9125938835874164e-08,880.0,BID
985,1712370005.2004333,1403635.91970743,867.0,1.0734969630895449e-07,880.0,BID
986,1712370006.017233,1403996.16970743,867.0,3.3610338856700826e-08,880.0,BID
987,1712370006.6061904,1404461.98285732,867.0,4.3459091774344906e-08,880.0,BID
988,1712370006.6369076,1404809.50286982,867.0,3.242266586983988e-08,880.0,BID
989,1712370007.2370312,1404859.50286982,867.0,4.664863130701015e-09,880.0,BID
990,1712370007.2770562,1405840.23086982,867.0,9.149923776893405e-08,880.0,BID
991,1712370007.3879662,1406842.62121081,867.0,9.352027488509405e-08,880.0,BID
992,1712370007.5071516,1406981.46791081,867.0,1.2954017032978728e-08,880.0,BID
993,1712370007.528901,1407730.15277446,867.0,6.98502483390967e-08,880.0,BID
994,1712370007.5468726,1407914.15277446,867.0,1.7166696320979737e-08,880.0,BID
995,1712370007.8871927,1408073.10151737,867.0,1.4829482609447842e-08,880.0,BID
996,1712370008.2933557,1408206.92086518,867.0,1.248497883546651e-08,880.0,BID
997,1712370008.450746,1408351.28774816,867.0,1.3469034994162175e-08,880.0,BID
998,1712370008.527007,1409006.63627456,867.0,6.11422235712348e-08,880.0,BID
999,1712370008.8671188,1409855.53627456,867.0,7.920004623305487e-08,880.0,BID
1000,1712370008.9157145,1410168.55514199,867.0,2.920380347776405e-08,880.0,BID
1201,1712370008.9270282,1410335.21242486,867.0,1.5548668286464262e-08,880.0,BID
1202,1712370008.928679,1410645.90522963,867.0,2.8986788198898853e-08,880.0,BID
1203,1712370008.989999,1410958.61239079,867.0,2.9174722136024924e-08,880.0,BID
1204,1712370009.014346,1411147.61239079,867.0,1.7633182634049843e-08,880.0,BID
1205,1712370009.0167189,1412298.23239079,867.0,1.0734969630895449e-07,880.0,BID
1206,1712370009.087163,1412531.34409715,867.0,2.1748684086672293e-08,880.0,BID
1207,1712370009.5369856,1413751.4100314,867.0,1.1382881187413281e-07,880.0,BID
1208,1712370009.6369562,1413951.4100314,867.0,1.865945252280406e-08,880.0,BID
1209,1712370009.657601,1415366.91820731,867.0,1.320630380201667e-07,880.0,BID
1210,1712370009.7371557,1416303.48827803,867.0,8.73794238443996e-08,880.0,BID
1211,1712370009.8978007,1417783.24575285,867.0,1.3805732173335316e-07,880.0,BID
1212,1712370009.961289,1418938.73140053,867.0,1.0780364791833277e-07,880.0,BID
1213,1712370010.5171363,1419348.73140053,867.0,3.8251877671748334e-08,880.0,BID
1214,1712370010.6371307,1420500.50140053,867.0,1.0745698816095193e-07,880.0,BID
1215,1712370010.676963,1421916.00957644,867.0,1.320630380201667e-07,880.0,BID
1216,1712370010.6969595,1423197.61827574,867.0,1.195705833869921e-07,880.0,BID
1217,1712370010.757739,1424250.46300286,867.0,9.822753099791329e-08,880.0,BID
1218,1712370010.760968,1427198.30911383,867.0,2.750259727608879e-07,880.0,BID
1219,1712370010.8441017,1428174.80311185,867.3,9.110421697428246e-08,880.0,BID
1220,1712370010.845577,1428535.1867907,867.3,3.3622810727477015e-08,880.0,BID
1221,1712370011.9769151,1430239.1867907,867.6,1.589785354942906e-07,880.0,BID
1222,1712370030.4854505,1430239.1867907,867.6,0.0,880.0,BID
1223,1712370060.756525,1430239.1867907,867.6,0.0,880.0,BID
1224,1712370080.057575,1430377.54721961,867.8,-1.28701861643212e-08,880.0,ASK
1225,1712370080.059847,1432805.32564964,867.8,-2.2583017851536977e-07,880.0,ASK
1226,1712370080.1794174,1433215.32564964,867.8,3.813790090809816e-08,880.0,BID
1227,1712370080.1807454,1434363.27296351,867.8,1.0678122171728129e-07,880.0,BID
1228,1712370081.7072606,1434773.27296351,867.8,3.813790090809816e-08,880.0,BID
1229,1712370083.1875317,1435183.27296351,867.8,3.813790090809816e-08,880.0,BID
1230,1712370084.697703,1435593.27296351,867.8,3.813790090809816e-08,880.0,BID
1231,1712370086.1974475,1436003.27296351,867.8,3.813790090809816e-08,880.0,BID
1232,1712370086.8229358,1436217.24802289,867.8,1.990380393034393e-08,880.0,BID
1233,1712370087.6675065,1436627.24802289,867.8,3.813790090809816e-08,880.0,BID
1234,1712370087.8073654,1436636.24802289,867.8,8.371734345680085e-10,880.0,BID
1235,1712370089.1887205,1436858.64492289,867.8,2.0687197401146706e-08,880.0,BID
1236,1712370090.7472465,1436858.64492289,867.8,0.0,880.0,BID
1237,1712370095.5373805,1436994.64485291,867.8,1.2643858201901462e-08,880.0,BID
1238,1712370095.540169,1436994.64492289,867.8,6.506016231999961e-15,880.0,BID
1239,1712370096.9974232,1437199.64492289,867.8,1.9058766655317112e-08,880.0,BID
1240,1712370098.5274296,1437320.64482289,867.8,1.1249311509343924e-08,880.0,BID
1241,1712370100.9574533,1438029.64482289,867.8,6.591544174936502e-08,880.0,BID
1242,1712370101.16211,1438194.7766335,867.8,1.535223729651244e-08,880.0,BID
1243,1712370101.544226,1438337.83568752,867.8,1.3300142090240838e-08,880.0,BID
1244,1712370103.087289,1438488.65815823,867.8,1.4021903783603205e-08,880.0,BID
1245,1712370104.2674792,1439067.50515823,867.8,5.38151702543006e-08,880.0,BID
1246,1712370105.997434,1439405.76945823,867.8,3.1448294446452226e-08,880.0,BID
1247,1712370115.6975706,1439815.76945823,867.8,3.8117533310634223e-08,880.0,BID
1248,1712370120.497382,1439815.76945823,867.8,0.0,880.0,BID
1249,1712370124.8076556,1439838.81093288,867.8,2.141645581212941e-09,880.0,BID
1250,1712370131.857524,1439988.85455947,867.8,1.3946167715156517e-08,880.0,BID
1251,1712370134.1280603,1440493.32455947,867.8,4.6889184080389544e-08,880.0,BID
1252,1712370134.567841,1440647.5903875,867.8,1.4338610438302562e-08,880.0,BID
1253,1712370135.4274602,1440797.30780435,867.8,1.3915847362038493e-08,880.0,BID
1254,1712370135.5279562,1440941.45867364,867.8,1.3398451137791483e-08,880.0,BID
1255,1712370135.627504,1441351.45867364,867.8,3.8108441479098416e-08,880.0,BID
1256,1712370135.887684,1441567.45867364,867.8,2.007664234020794e-08,880.0,BID
1257,1712370136.4580126,1443478.10319505,867.8,1.7758947544272492e-07,880.0,BID
1258,1712370139.127651,1443689.95339505,868.6,1.969092914398724e-08,880.0,BID
1259,1712370147.4863815,1443724.4917326,868.6,3.2102493056230526e-09,880.0,BID
1260,1712370149.90755,1443770.54284933,868.6,4.280332407208857e-09,880.0,BID
1261,1712370150.4197223,1446189.27284933,867.9,-2.248147089237537e-07,880.0,ASK
1262,1712370150.4211557,1446916.33522703,867.9,-6.75785709079001e-08,880.0,ASK
1263,1712370150.5108657,1446916.33522703,867.9,-0.0,880.0,ASK
1264,1712370158.1977837,1447271.52522703,868.6,3.299509452258654e-08,880.0,BID
1265,1712370178.7437794,1448171.52522703,867.8,-8.360478918419032e-08,880.0,ASK
1266,1712370180.5308578,1448171.52522703,867.8,-0.0,880.0,ASK
1267,1712370191.1478682,1448502.40922703,868.6,3.0734097196807884e-08,880.0,BID
1268,1712370206.607828,1450142.40922703,868.6,1.5233108703590526e-07,880.0,BID
1269,1712370206.667657,1450151.6204003,868.6,-8.555780714116207e-10,880.0,ASK
1270,1712370206.8880007,1450537.22514032,868.6,-3.5816822691114105e-08,880.0,ASK
1271,1712370206.9677513,1450936.99565294,868.6,-3.713260777579495e-08,880.0,ASK
1272,1712370208.0876667,1451449.63491531,868.6,-4.761640005738837e-08,880.0,ASK
1273,1712370208.1500633,1454330.26254076,868.6,-2.6756654727467137e-07,880.0,ASK
1274,1712370208.207864,1454908.87872899,868.6,-5.374465422539439e-08,880.0,ASK
1275,1712370209.147797,1455340.80559412,868.6,-4.0119444442230687e-08,880.0,ASK
1276,1712370210.4880142,1455340.80559412,868.6,-0.0,880.0,ASK
1277,1712370214.9378357,1455628.62507374,868.6,2.671860297960345e-08,880.0,BID
1278,1712370222.1701665,1459154.62507374,867.7,-3.273225086447825e-07,880.0,ASK
1279,1712370222.1718686,1463628.62507374,867.7,-4.153264048998176e-07,880.0,ASK
1280,1712370240.747944,1463628.62507374,867.7,-0.0,880.0,ASK
1281,1712370242.9879303,1463638.62507374,868.6,9.276918109435802e-10,880.0,BID
1282,1712370259.4881277,1464579.27466374,867.9,-8.726329216104778e-08,880.0,ASK
1283,1712370259.4915607,1468112.62507374,867.9,-3.2778602405511e-07,880.0,ASK
1284,1712370259.4979289,1471638.62507374,867.9,-3.271041325387064e-07,880.0,ASK
1285,1712370262.438059,1471795.21902916,868.6,1.4527093008635876e-08,880.0,BID
1286,1712370262.440753,1471971.44427374,868.6,1.6348271627846005e-08,880.0,BID
1287,1712370264.927832,1471971.44429642,868.6,2.104008088447483e-15,880.0,BID
1288,1712370270.027972,1472008.57465976,868.7,3.444553400789988e-09,880.0,BID
1289,1712370270.7379253,1472008.57465976,868.7,0.0,880.0,BID
1290,1712370287.5790238,1472561.87162775,868.7,-5.1294296749848825e-08,880.0,ASK
1291,1712370290.0881355,1472572.87162775,868.8,1.0197729192301247e-09,880.0,BID
1292,1712370290.0920532,1473306.00682775,869.2,6.796649300856925e-08,880.0,BID
1293,1712370300.4622872,1473306.00682775,869.2,0.0,880.0,BID
1294,1712370300.6308796,1473328.28255459,868.7,-2.075025755982006e-09,880.0,ASK
1295,1712370300.635679,1475328.28255459,868.7,-1.8630375303985544e-07,880.0,ASK
1296,1712370301.1281,1475461.28255459,868.7,1.2389199577150385e-08,880.0,BID
1297,1712370302.0383575,1475610.92255459,868.7,1.3939246802454128e-08,880.0,BID
1298,1712370304.4382465,1475625.84755459,868.7,1.390291757064258e-09,880.0,BID
1299,1712370305.1081529,1475758.89315459,868.7,1.2393447302704564e-08,880.0,BID
1300,1712370305.2280529,1478418.89315459,868.7,2.477839915430077e-07,880.0,BID
1301,1712370306.37117,1478891.50715459,868.7,4.402488096959466e-08,880.0,BID
1302,1712370306.6882353,1478971.03374604,868.7,7.4080512267989e-09,880.0,BID
1303,1712370307.8381548,1482342.05826543,868.7,3.140172597758623e-07,880.0,BID
1304,1712370307.9183688,1482434.72225799,868.7,8.631824792792894e-09,880.0,BID
1305,1712370308.7795238,1482565.56025799,868.7,1.2187805220113261e-08,880.0,BID
1306,1712370308.8381438,1482863.68115894,868.7,2.7770521353319065e-08,880.0,BID
1307,1712370309.178222,1483500.3807264,868.7,5.9309759488324313e-08,880.0,BID
1308,1712370309.2379808,1483579.83265775,868.7,7.401096498378745e-09,880.0,BID
1309,1712370309.365579,1483688.21202112,868.7,1.0095741073940848e-08,880.0,BID
1310,1712370311.2480311,1483701.40202112,868.7,1.2286732513143299e-09,880.0,BID
1311,1712370311.8883295,1485306.00682775,868.7,1.4947194881047474e-07,880.0,BID
1312,1712370320.7582724,1485386.07164239,868.7,-7.458187726933967e-09,880.0,ASK
1313,1712370320.7684815,1486403.42587963,868.1,-9.47684562844095e-08,880.0,ASK
1314,1712370320.7718332,1487554.70379811,868.6,-1.0724369850235641e-07,880.0,ASK
1315,1712370330.478089,1487554.70379811,868.6,-0.0,880.0,ASK
1316,1712370333.4483025,1490554.70379811,868.1,-2.791338017621798e-07,880.0,ASK
1317,1712370333.4504676,1493554.70379811,868.1,-2.791338017621798e-07,880.0,ASK
1318,1712370334.8586752,1493564.2592514,869.2,8.890833347994211e-10,880.0,BID
1319,1712370349.288372,1496040.2592514,868.1,-2.303784310543857e-07,880.0,ASK
1320,1712370349.2919636,1499564.2592514,868.1,-3.278891724699738e-07,880.0,ASK
1321,1712370350.5982509,1499977.4216177,868.1,-3.84425273501372e-08,880.0,ASK
1322,1712370360.7282076,1499977.4216177,868.1,-0.0,880.0,ASK
1323,1712370373.468378,1500037.09792226,868.1,-5.546992020801162e-09,880.0,ASK
1324,1712370385.5084774,1500037.09792227,868.1,-9.306024975744798e-19,880.0,ASK
1325,1712370387.0083258,1500139.66959777,868.1,9.534173902945753e-09,880.0,BID
1326,1712370387.0270853,1500179.66959776,868.1,3.7180532945654997e-09,880.0,BID
1327,1712370388.7984202,1500456.31808176,867.8,-2.5714845190755465e-08,880.0,ASK
1328,1712370390.7483883,1500456.31808176,867.8,-0.0,880.0,ASK
1329,1712370396.5487902,1500465.03078766,868.1,-8.098263345052051e-10,880.0,ASK
1330,1712370406.2485604,1500478.09725465,868.1,1.214498594223506e-09,880.0,BID
1331,1712370408.9387896,1500547.25937565,867.9,-6.428462934377857e-09,880.0,ASK
1332,1712370416.5688727,1502851.93787299,867.8,-2.142146608807443e-07,880.0,ASK
1333,1712370416.5724883,1506919.08891121,867.8,-3.780325027584495e-07,880.0,ASK
1334,1712370416.5759487,1507045.96485611,867.9,-1.1792832510940558e-08,880.0,ASK
1335,1712370416.7085068,1507455.96485611,867.8,3.8108573956181534e-08,880.0,BID
1336,1712370418.1884203,1507865.96485611,867.8,3.8108573956181534e-08,880.0,BID
1337,1712370418.5219018,1510170.90896121,867.8,2.142393485221065e-07,880.0,BID
1338,1712370419.078414,1510392.36811515,867.8,2.0584128161450563e-08,880.0,BID
1339,1712370419.6782825,1510802.36811515,867.8,3.8108573956181534e-08,880.0,BID
1340,1712370420.1434245,1513542.99551922,867.8,2.5473512710814426e-07,880.0,BID
1341,1712370420.4886365,1513542.99551922,867.8,0.0,880.0,BID
1342,1712370421.168769,1513952.99551922,867.8,3.806838993507336e-08,880.0,BID
1343,1712370422.688513,1514362.99551922,867.8,3.806838993507336e-08,880.0,BID
1344,1712370424.178479,1514867.43541922,867.8,4.6837109297594514e-08,880.0,BID
1345,1712370425.6985495,1515277.43541922,867.8,3.806838993507336e-08,880.0,BID
1346,1712370427.1883929,1515673.63631922,867.8,3.678714720446116e-08,880.0,BID
1347,1712370430.7183092,1515673.63634714,867.8,2.5923539788214186e-15,880.0,BID
1348,1712370430.7285085,1515790.18131922,868.1,1.0821169371012578e-08,880.0,BID
1349,1712370440.118708,1516199.25842219,868.3,3.7982699193599727e-08,880.0,BID
1350,1712370440.121734,1516199.25851922,868.1,9.009194822449551e-15,880.0,BID
1351,1712370441.725408,1516404.56584725,868.3,1.9062730292619777e-08,880.0,BID
1352,1712370450.4488218,1516404.56584725,868.3,0.0,880.0,BID
1353,1712370480.340724,1516604.56584725,868.3,1.8565665015645272e-08,880.0,BID
1354,1712370480.7385943,1516604.56584725,868.3,0.0,880.0,BID
1355,1712370485.144174,1516774.72039303,868.3,1.5794906866354014e-08,880.0,BID
1356,1712370485.178597,1516961.93907396,868.3,1.7378916416109918e-08,880.0,BID
1357,1712370487.8886654,1517049.5279027,868.3,8.130593197720672e-09,880.0,BID
1358,1712370491.2186506,1517136.24039838,868.3,8.049245978915721e-09,880.0,BID
1359,1712370497.932148,1517156.45671294,868.3,1.876616367742868e-09,880.0,BID
1360,1712370502.158301,1517455.78495194,868.3,2.7785691153885133e-08,880.0,BID
1361,1712370510.7444515,1517455.78495194,868.3,0.0,880.0,BID
1362,1712370512.0387945,1517601.10552963,868.3,1.348872291016238e-08,880.0,BID
1363,1712370512.049044,1517601.10553034,868.3,6.589330346571861e-17,880.0,BID
1364,1712370517.015998,1518029.47046434,868.3,3.9761030344068175e-08,880.0,BID
1365,1712370524.3089423,1518029.47046519,868.3,7.890339486826456e-17,880.0,BID
1366,1712370526.89897,1518047.04761857,868.4,1.6315194672441259e-09,880.0,BID
1367,1712370526.902919,1518087.04761857,868.4,3.7128184114223004e-09,880.0,BID
1368,1712370538.3388393,1518108.22976165,868.4,1.9661362705246167e-09,880.0,BID
1369,1712370538.3418157,1518332.7041342,868.4,2.083581458239472e-08,880.0,BID
1370,1712370538.5584772,1518415.15528574,868.4,7.653153837020511e-09,880.0,BID
1371,1712370540.4990034,1518415.15528574,868.4,0.0,880.0,BID
1372,1712370541.4122562,1519065.92998674,868.4,6.040053681769588e-08,880.0,BID
1373,1712370541.4489858,1519065.9299877,868.4,8.909710866053865e-17,880.0,BID
1374,1712370546.1291258,1519105.9299877,868.9,3.712531339948308e-09,880.0,BID
1375,1712370546.132502,1519753.9299877,869.2,6.014300770716259e-08,880.0,BID
1376,1712370570.5025392,1519753.9299877,869.2,0.0,880.0,BID
1377,1712370581.2288957,1519765.43481972,869.2,1.0676859749648147e-09,880.0,BID
1378,1712370600.6089587,1519765.43481972,869.2,0.0,880.0,BID
1379,1712370629.3989952,1520220.31611547,869.2,4.242521422833682e-08,880.0,BID
1380,1712370629.401091,1520284.21948899,869.2,5.960047900046303e-09,880.0,BID
1381,1712370629.5590644,1523917.03316484,869.0,-3.388200391829213e-07,880.0,ASK
1382,1712370630.2717187,1524781.49703646,869.0,8.062557262478539e-08,880.0,BID
1383,1712370630.5035205,1524781.49703646,869.0,0.0,880.0,BID
1384,1712370635.1891544,1524798.7542845,869.2,1.608870087484891e-09,880.0,BID
1385,1712370658.5992785,1526197.3136163,868.0,-1.3038581060628354e-07,880.0,ASK
1386,1712370658.6032083,1526301.7542845,868.0,-9.736863409276969e-09,880.0,ASK
1387,1712370660.7391715,1526301.7542845,868.0,-0.0,880.0,ASK
1388,1712370690.7694018,1526301.7542845,868.0,-0.0,880.0,ASK
1389,1712370694.5895183,1526351.7542845,869.3,4.6608595328205235e-09,880.0,BID
1390,1712370694.593575,1526876.929713,869.3,4.8955378046562055e-08,880.0,BID
1391,1712370696.634431,1526888.42925301,869.6,1.071954813573331e-09,880.0,BID
1392,1712370700.2895396,1528576.42925301,868.2,-1.573506178280209e-07,880.0,ASK
1393,1712370700.2935038,1530160.42925301,868.3,-1.476560299997542e-07,880.0,ASK
1394,1712370700.2973652,1534664.83038978,868.2,-4.19887619559233e-07,880.0,ASK
1395,1712370702.463482,1534676.32728561,869.8,1.0717083305339966e-09,880.0,BID
1396,1712370720.4860258,1534676.32728561,869.8,0.0,880.0,BID
1397,1712370726.6329048,1534829.2003447,869.1,1.4240744136489049e-08,880.0,BID
1398,1712370726.969724,1535124.34728013,869.1,2.7494131504589842e-08,880.0,BID
1399,1712370738.5595944,1537396.94614336,868.2,-2.1170178139160305e-07,880.0,ASK
1400,1712370738.5635686,1543731.96178202,868.1,-5.901323447560801e-07,880.0,ASK
1401,1712370738.5659475,1547256.96178202,868.2,-3.2836801578996815e-07,880.0,ASK
1402,1712370738.879436,1547464.16292098,869.1,1.930162464388797e-08,880.0,BID
1403,1712370741.7294605,1548543.73126631,869.0,-1.0056616041578928e-07,880.0,ASK
1404,1712370742.289423,1548736.78747834,869.1,1.798396745539215e-08,880.0,BID
1405,1712370747.0097992,1549556.78747834,869.0,7.638631856674435e-08,880.0,BID
1406,1712370750.5293524,1549556.78747834,869.0,0.0,880.0,BID
1407,1712370764.639569,1549657.47797223,869.1,9.368450846823481e-09,880.0,BID
1408,1712370766.1895263,1549715.00213238,869.2,5.352166287508293e-09,880.0,BID
1409,1712370766.1919973,1549945.36377223,869.2,2.1433321225834125e-08,880.0,BID
1410,1712370780.709579,1549945.36377223,869.2,0.0,880.0,BID
1411,1712370796.8497217,1550063.96638153,869.1,-1.1034684186287004e-08,880.0,ASK
1412,1712370796.9699483,1550645.41509122,869.1,-5.40974850369536e-08,880.0,ASK
1413,1712370796.9740157,1553193.22514241,869.1,-2.370460434846106e-07,880.0,ASK
1414,1712370797.7322838,1553250.75592137,869.0,5.352613914311568e-09,880.0,BID
1415,1712370799.8796816,1553256.51081204,869.0,5.354300503638831e-10,880.0,BID
1416,1712370809.339731,1553336.0320244,868.9,7.398584817680041e-09,880.0,BID
1417,1712370810.3376098,1553681.17698528,868.9,3.2111988633924394e-08,880.0,BID
1418,1712370810.7595778,1553681.17698528,868.9,0.0,880.0,BID
1419,1712370834.8399282,1553715.70339798,868.6,3.211337524239296e-09,880.0,BID
1420,1712370840.5296369,1553715.70339798,868.6,0.0,880.0,BID
1421,1712370841.279634,1553738.72895634,868.6,2.141625136896288e-09,880.0,BID
1422,1712370870.519689,1553738.72895634,868.6,0.0,880.0,BID
1423,1712370891.1490946,1553747.24979447,868.6,-7.925283241691661e-10,880.0,ASK
1424,1712370891.9491866,1553936.23979447,868.6,1.7578074562982252e-08,880.0,BID
1425,1712370893.4192543,1554102.86979447,868.6,1.5498357396857004e-08,880.0,BID
1426,1712370894.9191954,1554512.86979447,868.6,3.8134348752966174e-08,880.0,BID
1427,1712370896.449385,1554922.86979447,868.6,3.8134348752966174e-08,880.0,BID
1428,1712370897.9614005,1555561.69329447,868.6,5.9417361318507855e-08,880.0,BID
1429,1712370900.729045,1555561.69329447,868.6,0.0,880.0,BID
1430,1712370900.7892306,1555561.69334701,868.6,5.0045058260340275e-15,880.0,BID
1431,1712370903.0794306,1555676.82108631,868.6,-1.0966052038999373e-08,880.0,ASK
1432,1712370903.0845397,1555907.07667,868.6,-2.1932114087941853e-08,880.0,ASK
1433,1712370930.7388866,1555907.07667,868.6,-0.0,880.0,ASK
1434,1712370936.9988863,1557728.42851566,868.5,-1.7348093971066129e-07,880.0,ASK
1435,1712370960.4990938,1557728.42851566,868.5,-0.0,880.0,ASK
1436,1712370966.6488087,1557734.82239227,868.8,6.08915090710908e-10,880.0,BID
1437,1712370969.1887896,1557923.80675361,868.1,-1.7997755751323235e-08,880.0,ASK
1438,1712370969.1912608,1558384.58316185,868.1,-4.38816269910957e-08,880.0,ASK
1439,1712370979.168723,1558399.70803225,868.1,1.4404034349635803e-09,880.0,BID
1440,1712370987.5787213,1558794.59367223,868.1,3.760657891303504e-08,880.0,BID
1441,1712370987.5811522,1558809.70803225,868.1,1.439402488381503e-09,880.0,BID
1442,1712370990.4710703,1558809.70803225,868.1,0.0,880.0,BID
1443,1712370990.571783,1559575.31933225,868.1,7.290578660628282e-08,880.0,BID
1444,1712370996.1886482,1559575.31933491,868.1,2.533086455975165e-16,880.0,BID
1445,1712370998.9786866,1559639.72899047,868.0,-6.1334473559162205e-09,880.0,ASK
1446,1712370998.980786,1559674.28721842,868.1,-3.290827594125947e-09,880.0,ASK
1447,1712371006.208418,1559681.42925274,868.2,-6.801044212166401e-10,880.0,ASK
1448,1712371006.45954,1560377.69504118,868.0,-6.630231945800027e-08,880.0,ASK
1449,1712371006.463482,1561465.35911833,868.0,-1.0357345183911329e-07,880.0,ASK
1450,1712371006.4928374,1561805.44151524,868.0,-3.2384546384910184e-08,880.0,ASK
1451,1712371008.899036,1562456.52641524,867.8,6.199994276728061e-08,880.0,BID
1452,1712371012.559372,1562523.15247325,867.9,6.3445055835631274e-09,880.0,BID
1453,1712371020.758605,1562523.15247325,867.9,0.0,880.0,BID
1454,1712371024.8586214,1563099.25571095,867.9,5.484293676915994e-08,880.0,BID
1455,1712371034.378466,1563969.65853609,868.0,8.285918908117983e-08,880.0,BID
1456,1712371034.3819327,1564218.19401562,868.1,2.365967537897325e-08,880.0,BID
1457,1712371034.38533,1566014.91827139,868.0,1.7104162640052712e-07,880.0,BID
1458,1712371050.7643611,1566014.91827139,868.0,0.0,880.0,BID
1459,1712371080.47047,1566014.91827139,868.0,0.0,880.0,BID
1460,1712371081.4182918,1566327.95677288,867.6,-2.979153335634852e-08,880.0,ASK
1461,1712371081.4259317,1566464.91827139,867.6,-1.3034476692096133e-08,880.0,ASK
1462,1712371106.9581516,1568599.83177288,867.6,-2.0317739348303765e-07,880.0,ASK
1463,1712371106.96834,1569152.97642479,867.6,-5.26421742687634e-08,880.0,ASK
1464,1712371107.0680826,1569164.00145982,867.5,-1.049240579951541e-09,880.0,ASK
1465,1712371107.0724523,1572194.02249728,867.5,-2.883638031050305e-07,880.0,ASK
1466,1712371110.4852326,1572194.02249728,867.5,-0.0,880.0,ASK
1467,1712371140.773819,1572194.02249728,867.5,-0.0,880.0,ASK
1468,1712371148.3979225,1572309.29627249,867.5,1.0964885715177748e-08,880.0,BID
1469,1712371156.0881004,1572494.91647311,867.3,-1.7656264683974113e-08,880.0,ASK
1470,1712371156.0907466,1573059.0517363,867.1,-5.3660762628081737e-08,880.0,ASK
1471,1712371156.0932963,1578245.67458882,867.3,-4.933535552388367e-07,880.0,ASK
1472,1712371156.0958498,1579523.6202247,867.3,-1.2155867908481114e-07,880.0,ASK
1473,1712371158.023446,1579581.2571123,867.5,5.482442857112715e-09,880.0,BID
1474,1712371170.7278948,1579581.2571123,867.5,0.0,880.0,BID
1475,1712371173.8079553,1579663.99497427,867.5,7.865263887233545e-09,880.0,BID
1476,1712371195.8177552,1579697.48600669,867.5,3.183739603211736e-09,880.0,BID
1477,1712371197.0694633,1579812.7597819,867.5,1.0958207520934146e-08,880.0,BID
1478,1712371197.2079442,1580446.76554558,867.5,6.027014136743968e-08,880.0,BID
1479,1712371199.2450202,1580684.1397291,867.5,2.2565371511277e-08,880.0,BID
1480,1712371199.2776687,1580783.8616291,867.5,9.479808157491294e-09,880.0,BID
1481,1712371199.2802916,1581093.19648544,867.5,2.9406129391115293e-08,880.0,BID
1482,1712371199.37783,1581654.07774782,867.5,5.33187471006175e-08,880.0,BID
1483,1712371199.3805842,1581774.87711564,867.5,1.1483483893519478e-08,880.0,BID
1484,1712371199.4577775,1582013.99585326,867.5,2.2731213098601685e-08,880.0,BID
1485,1712371200.5977514,1582013.99585326,867.5,0.0,880.0,BID
1486,1712371204.257906,1582020.90909211,867.9,6.623830629442992e-10,880.0,BID
1487,1712371219.5920515,1582876.32088737,867.9,8.196017775480532e-08,880.0,BID
1488,1712371219.717559,1583776.32088737,867.9,-8.623233907700719e-08,880.0,ASK
1489,1712371229.637952,1583936.70792043,868.4,1.5367276687090723e-08,880.0,BID
1490,1712371229.9776075,1584861.70792043,868.5,8.862768182914628e-08,880.0,BID
1491,1712371230.478667,1584861.70792043,868.5,0.0,880.0,BID
1492,1712371260.747429,1584861.70792043,868.5,0.0,880.0,BID
1493,1712371262.6879518,1584861.7079484,869.2,2.6792695913967014e-15,880.0,BID
1494,1712371262.6917896,1584873.18897668,870.0,1.099779413375084e-09,880.0,BID
1495,1712371290.757362,1584873.18897668,870.0,0.0,880.0,BID
1496,1712371312.3984883,1584888.16153616,870.0,1.4342353772457951e-09,880.0,BID
1497,1712371320.5074716,1584888.16153616,870.0,0.0,880.0,BID
1498,1712371341.4112923,1585222.68388106,870.1,3.204416609663364e-08,880.0,BID
1499,1712371350.5217185,1585222.68388106,870.1,0.0,880.0,BID
1500,1712371358.3374193,1585682.48406322,870.1,-4.404340349445454e-08,880.0,ASK
1501,1712371358.3430257,1585808.43944405,870.1,-1.2065031453733346e-08,880.0,ASK
