,time,acc_trade_volume,trade_price,dev,high,ask_bid
0,1712365207.1742651,801876.44614519,161.1,0.0,162.9,ASK
1,1712365216.8657205,801938.21266773,161.9,2.641354445969152e-08,162.9,BID
2,1712365217.8557725,801984.19696773,161.1,-1.966450922841228e-08,162.9,ASK
3,1712365217.8569355,832655.73889847,161.1,-1.3116233569893498e-05,162.9,ASK
4,1712365217.9156702,835767.45809847,161.1,1.330680926419864e-06,162.9,BID
5,1712365217.935628,837926.2071142,161.1,9.231572502298752e-07,162.9,BID
6,1712365221.6054478,838138.7802142,161.1,-9.09037581668642e-08,162.9,ASK
7,1712365221.606397,842704.8899142,161.1,-1.9526296221492326e-06,162.9,ASK
8,1712365221.765496,843515.8685572,161.1,3.468030829947507e-07,162.9,BID
9,1712365230.425511,843515.8685572,161.1,0.0,162.9,BID
10,1712365233.2756803,843846.81419549,161.1,1.4111921122481001e-07,162.9,BID
11,1712365251.3655505,869926.2071142,161.1,1.1120567646475576e-05,162.9,BID
12,1712365260.315521,869926.2071142,161.1,0.0,162.9,BID
13,1712365264.8656049,871365.82723087,161.1,-6.127596749387852e-07,162.9,ASK
14,1712365264.8671527,899533.60983087,161.0,-1.198933045590276e-05,162.9,ASK
15,1712365264.9454792,906927.70426389,161.0,3.147221165347577e-06,162.9,BID
16,1712365290.255496,906927.70426389,161.0,0.0,162.9,BID
17,1712365297.7055109,907293.59694934,160.9,-1.5534459643730758e-07,162.9,ASK
18,1712365320.4158893,907293.59694934,160.9,-0.0,162.9,ASK
19,1712365330.0256398,918627.63421642,161.0,-4.811895695750458e-06,162.9,ASK
20,1712365330.0269594,935044.71981161,160.9,-6.969917395781883e-06,162.9,ASK
21,1712365333.535869,949702.83620523,160.9,-6.223142338444135e-06,162.9,ASK
22,1712365333.537167,949764.9866092,160.9,-2.6386119465232933e-08,162.9,ASK
23,1712365333.6355364,955858.06195831,160.9,2.5868313607388382e-06,162.9,BID
24,1712365341.5854952,962102.06460232,160.9,-2.650907945594461e-06,162.9,ASK
25,1712365346.9056554,964362.45599187,160.9,-9.596551821546531e-07,162.9,ASK
26,1712365347.0456686,967721.66698193,160.9,1.426161968880812e-06,162.9,BID
27,1712365350.4055946,967721.66698193,160.9,0.0,162.9,BID
28,1712365379.0757809,972503.7940795,160.9,-2.021917598310433e-06,162.9,ASK
29,1712365379.1355443,980365.77233605,160.9,3.3241007338617367e-06,162.9,BID
30,1712365380.295508,980365.77233605,160.9,0.0,162.9,BID
31,1712365410.279955,980365.77233605,160.9,0.0,162.9,BID
32,1712365440.415541,980365.77233605,160.9,0.0,162.9,BID
33,1712365449.4756007,983522.00652473,160.9,-1.333331530171347e-06,162.9,ASK
34,1712365454.2955563,984159.00394228,160.9,2.69095602760799e-07,162.9,BID
35,1712365457.8358324,989737.04692249,160.9,-2.356409612708606e-06,162.9,ASK
36,1712365457.936455,991561.02112249,160.9,7.705265723948898e-07,162.9,BID
37,1712365457.9555385,994237.50502249,160.9,1.130664000366364e-06,162.9,BID
38,1712365458.055749,1001228.54617036,160.9,2.953321912743976e-06,162.9,BID
39,1712365470.3975992,1001228.54617036,160.9,0.0,162.9,BID
40,1712365493.5458364,1007443.58656812,160.9,-2.6217873430205223e-06,162.9,ASK
41,1712365493.6462376,1007816.9977844,160.9,1.5752187241413957e-07,162.9,BID
42,1712365493.6478558,1009763.3172844,160.9,8.210462851396817e-07,162.9,BID
43,1712365500.2994037,1009763.3172844,160.9,0.0,162.9,BID
44,1712365530.4125533,1009763.3172844,160.9,0.0,162.9,BID
45,1712365536.5657525,1009794.47400081,160.8,-1.3147394440607746e-08,162.9,ASK
46,1712365536.5672443,1014763.3172844,160.8,-2.096733869620853e-06,162.9,ASK
47,1712365550.6659887,1016013.37947344,160.8,-5.274965583134335e-07,162.9,ASK
48,1712365550.6676123,1017320.16229857,160.7,-5.514313197878344e-07,162.9,ASK
49,1712365550.669093,1019803.86948841,160.6,-1.048065453051596e-06,162.9,ASK
50,1712365550.6706264,1024907.24028841,160.8,-2.153501286895684e-06,162.9,ASK
51,1712365550.6725798,1029132.75665281,160.7,-1.78306756164655e-06,162.9,ASK
52,1712365550.674064,1030216.67611897,160.6,-4.573882746804991e-07,162.9,ASK
53,1712365550.675585,1036763.3172844,160.5,-2.762527107494832e-06,162.9,ASK
54,1712365560.398668,1036763.3172844,160.5,-0.0,162.9,ASK
55,1712365589.4035692,1048966.90415845,160.6,-5.140213728276639e-06,162.9,ASK
56,1712365590.285597,1048966.90415845,160.6,-0.0,162.9,ASK
57,1712365593.4959147,1050776.29911094,160.6,7.61497855054086e-07,162.9,BID
58,1712365611.6059196,1050876.29911094,160.6,-4.2085773147877554e-08,162.9,ASK
59,1712365620.405841,1050876.29911094,160.6,-0.0,162.9,ASK
60,1712365650.4102108,1050876.29911094,160.6,-0.0,162.9,ASK
61,1712365680.2557735,1050876.29911094,160.6,-0.0,162.9,ASK
62,1712365710.2857304,1050876.29911094,160.6,-0.0,162.9,ASK
63,1712365740.3859465,1050876.29911094,160.6,-0.0,162.9,ASK
64,1712365744.6559625,1052432.9616265,160.6,6.550489172909488e-07,162.9,BID
65,1712365770.4059849,1052432.9616265,160.6,0.0,162.9,BID
66,1712365770.6071627,1059394.17426659,160.6,2.9289939847356503e-06,162.9,BID
67,1712365800.3261857,1059394.17426659,160.6,0.0,162.9,BID
68,1712365815.756146,1059456.44076721,160.6,2.6489712868689755e-08,162.9,BID
69,1712365818.3961337,1060776.82557418,160.6,5.617244274944722e-07,162.9,BID
70,1712365820.176468,1064887.9089898,160.6,1.748956793376132e-06,162.9,BID
71,1712365821.286674,1066076.18918905,160.6,5.055238526702748e-07,162.9,BID
72,1712365830.3380988,1066076.18918905,160.6,0.0,162.9,BID
73,1712365846.913555,1074352.08696442,160.5,-3.51916543384007e-06,162.9,ASK
74,1712365846.915821,1091442.93722568,160.5,-7.267553455452686e-06,162.9,ASK
75,1712365860.416017,1091442.93722568,160.5,-0.0,162.9,ASK
76,1712365880.7859523,1091564.51777279,160.4,-5.1610424218149544e-08,162.9,ASK
77,1712365890.4059625,1091564.51777279,160.4,-0.0,162.9,ASK
78,1712365898.4859505,1091595.75218675,160.4,-1.3258765882330884e-08,162.9,ASK
79,1712365898.4869568,1092975.38423314,160.4,-5.856430772243659e-07,162.9,ASK
80,1712365911.4468088,1093012.79071693,160.4,1.5878761538139665e-08,162.9,BID
81,1712365911.568319,1094701.99851693,160.4,7.170555777187534e-07,162.9,BID
82,1712365911.569894,1094720.75196147,160.4,7.96069140155816e-09,162.9,BID
83,1712365920.286456,1094720.75196147,160.4,0.0,162.9,BID
84,1712365950.2660742,1094720.75196147,160.4,0.0,162.9,BID
85,1712365957.9762957,1095289.65163934,160.9,2.414416035053136e-07,162.9,BID
86,1712365957.9860394,1114795.7899179,160.9,8.278424979613418e-06,162.9,BID
87,1712365968.665877,1116916.47898235,160.9,-9.000226018305818e-07,162.9,ASK
88,1712365972.176442,1157802.28420585,160.9,-1.7351977436039015e-05,162.9,ASK
89,1712365980.4540448,1157802.28420585,160.9,-0.0,162.9,ASK
90,1712366010.4159317,1157802.28420585,160.9,-0.0,162.9,ASK
91,1712366014.6561615,1158144.11142772,160.9,-1.4444959149095398e-07,162.9,ASK
92,1712366040.2656903,1158144.11142772,160.9,-0.0,162.9,ASK
93,1712366053.3660188,1167007.42557373,160.9,-3.7453785705865993e-06,162.9,ASK
94,1712366070.294697,1167007.42557373,160.9,-0.0,162.9,ASK
95,1712366091.4411128,1177007.42557373,160.9,-4.223163915345301e-06,162.9,ASK
96,1712366091.9760468,1189717.4797427,160.9,-5.367664212847859e-06,162.9,ASK
97,1712366091.9778726,1189759.10157984,160.9,-1.7577584070028432e-08,162.9,ASK
98,1712366100.339255,1189759.10157984,160.9,-0.0,162.9,ASK
99,1712366130.2660336,1189759.10157984,160.9,-0.0,162.9,ASK
100,1712366144.7959986,1195311.01610068,160.9,-2.352905889326436e-06,162.9,ASK
101,1712366159.8453093,1199759.10157984,160.9,1.8851022437139007e-06,162.9,BID
102,1712366160.4082105,1199759.10157984,160.9,0.0,162.9,BID
103,1712366173.0660207,1204980.25750563,160.7,-2.2112223051784817e-06,162.9,ASK
104,1712366173.0671546,1205160.87694063,160.9,-7.64945021940361e-08,162.9,ASK
105,1712366190.4065485,1205160.87694063,160.9,-0.0,162.9,ASK
106,1712366191.865989,1233814.11804681,160.7,-1.2130532280941233e-05,162.9,ASK
107,1712366197.146351,1235584.05206648,160.7,-7.493128502001731e-07,162.9,ASK
108,1712366197.147512,1243620.42212204,160.6,-3.4022484932615327e-06,162.9,ASK
109,1712366220.2856605,1243620.42212204,160.6,-0.0,162.9,ASK
110,1712366250.2856083,1243620.42212204,160.6,-0.0,162.9,ASK
111,1712366280.4159508,1243620.42212204,160.6,-0.0,162.9,ASK
112,1712366310.4185054,1243620.42212204,160.6,-0.0,162.9,ASK
113,1712366340.3018336,1243620.42212204,160.6,-0.0,162.9,ASK
114,1712366349.913428,1244120.42212204,160.7,-2.111258416148774e-07,162.9,ASK
115,1712366370.304209,1244120.42212204,160.7,-0.0,162.9,ASK
116,1712366395.9463186,1251260.25721849,160.7,-3.014705104776916e-06,162.9,ASK
117,1712366396.026163,1255893.41251849,160.7,1.956291251191509e-06,162.9,BID
118,1712366396.030261,1259050.82211849,160.7,1.3331762863436916e-06,162.9,BID
119,1712366396.0460596,1260494.77992837,160.7,6.096929301199096e-07,162.9,BID
120,1712366398.696658,1260556.73779701,161.4,2.6160926736699747e-08,162.9,BID
121,1712366400.3341727,1260556.73779701,161.4,0.0,162.9,BID
122,1712366418.882546,1261056.73779701,161.3,2.139375443818193e-07,162.9,BID
123,1712366430.3177984,1261056.73779701,161.3,0.0,162.9,BID
124,1712366460.3987434,1261056.73779701,161.3,0.0,162.9,BID
125,1712366490.3956096,1261056.73779701,161.3,0.0,162.9,BID
126,1712366520.2905154,1261056.73779701,161.3,0.0,162.9,BID
127,1712366523.8756,1261366.29601665,161.3,1.3244768018477624e-07,162.9,BID
128,1712366523.8777912,1262846.29601665,161.3,6.332332796764406e-07,162.9,BID
129,1712366523.9354844,1265594.74649935,161.3,-1.1759529143165065e-06,162.9,ASK
130,1712366524.0154843,1267256.36581932,161.3,-7.109409807826711e-07,162.9,ASK
131,1712366550.2866476,1267256.36581932,161.3,-0.0,162.9,ASK
132,1712366580.3954947,1267256.36581932,161.3,-0.0,162.9,ASK
133,1712366610.4156811,1267256.36581932,161.3,-0.0,162.9,ASK
134,1712366640.308545,1267256.36581932,161.3,-0.0,162.9,ASK
135,1712366670.3058028,1267256.36581932,161.3,-0.0,162.9,ASK
136,1712366700.4155755,1267256.36581932,161.3,-0.0,162.9,ASK
137,1712366730.4154334,1267256.36581932,161.3,-0.0,162.9,ASK
138,1712366760.2798944,1267256.36581932,161.3,-0.0,162.9,ASK
139,1712366789.82593,1274315.82856828,161.3,-3.0243038953814573e-06,162.9,ASK
140,1712366790.293409,1274315.82856828,161.3,-0.0,162.9,ASK
141,1712366791.9561615,1279610.42563,161.3,-2.2671219735999867e-06,162.9,ASK
142,1712366795.536062,1283581.37342629,161.3,-1.7003414802000151e-06,162.9,ASK
143,1712366820.4319572,1283581.37342629,161.3,-0.0,162.9,ASK
144,1712366835.7565277,1284200.95211278,161.4,2.651310568080106e-07,162.9,BID
145,1712366837.6961446,1284677.12574003,161.4,2.037649450663875e-07,162.9,BID
146,1712366839.3061104,1285296.32078646,161.5,2.649668889682329e-07,162.9,BID
147,1712366850.4260807,1285296.32078646,161.5,0.0,162.9,BID
148,1712366876.0160837,1285420.15979574,161.5,5.2987100305003146e-08,162.9,BID
149,1712366880.299682,1285420.15979574,161.5,0.0,162.9,BID
150,1712366910.350605,1285420.15979574,161.5,0.0,162.9,BID
151,1712366921.0260687,1285815.78518273,161.5,1.692751161173244e-07,162.9,BID
152,1712366940.3329384,1285815.78518273,161.5,0.0,162.9,BID
153,1712366961.9362345,1285959.19024197,161.4,-6.135664000655376e-08,162.9,ASK
154,1712366970.4159155,1285959.19024197,161.4,-0.0,162.9,ASK
155,1712367000.359975,1285959.19024197,161.4,-0.0,162.9,ASK
156,1712367030.3232856,1285959.19024197,161.4,-0.0,162.9,ASK
157,1712367060.4161308,1285959.19024197,161.4,-0.0,162.9,ASK
158,1712367061.6162238,1286021.30204321,161.0,-2.6608380808282915e-08,162.9,ASK
159,1712367061.6188853,1287141.07844072,161.0,-4.797065325779494e-07,162.9,ASK
160,1712367061.775841,1288205.38216185,161.0,4.559423192062755e-07,162.9,BID
161,1712367090.4157653,1288205.38216185,161.0,0.0,162.9,BID
162,1712367120.3007991,1288205.38216185,161.0,0.0,162.9,BID
163,1712367150.3245225,1288205.38216185,161.0,0.0,162.9,BID
164,1712367180.4058151,1288205.38216185,161.0,0.0,162.9,BID
165,1712367198.765861,1289253.26144149,161.4,4.488366364226135e-07,162.9,BID
166,1712367198.775656,1290373.037839,161.4,4.796322263158693e-07,162.9,BID
167,1712367210.4357314,1290373.037839,161.4,0.0,162.9,BID
168,1712367225.88581,1291076.23563149,161.4,-3.011545774442099e-07,162.9,ASK
169,1712367240.3253393,1291076.23563149,161.4,-0.0,162.9,ASK
170,1712367262.085946,1291581.2046594,161.5,2.1624974432098202e-07,162.9,BID
171,1712367262.087706,1293141.2046594,161.5,6.68059984860612e-07,162.9,BID
172,1712367262.089161,1297410.20039588,161.4,1.828170017360795e-06,162.9,BID
173,1712367262.090628,1297434.38102783,161.6,1.035520039388358e-08,162.9,BID
174,1712367270.2986555,1297434.38102783,161.6,0.0,162.9,BID
175,1712367300.4156866,1297434.38102783,161.6,0.0,162.9,BID
176,1712367330.4257076,1297434.38102783,161.6,0.0,162.9,BID
177,1712367360.2923217,1297434.38102783,161.6,0.0,162.9,BID
178,1712367390.2956307,1297434.38102783,161.6,0.0,162.9,BID
179,1712367402.2759893,1299053.82886649,161.6,7.133059100078125e-07,162.9,BID
180,1712367402.2783706,1299572.17186941,161.6,2.2831061215286066e-07,162.9,BID
181,1712367415.7157495,1300190.98375059,161.6,2.725633771532661e-07,162.9,BID
182,1712367420.3956594,1300190.98375059,161.6,0.0,162.9,BID
183,1712367429.749622,1302449.64711692,161.5,-9.946611626891146e-07,162.9,ASK
184,1712367430.086015,1302534.64809469,161.0,-3.74323914925637e-08,162.9,ASK
185,1712367430.0879586,1302726.18655622,161.2,-8.43489435766526e-08,162.9,ASK
186,1712367430.089856,1303188.31041692,160.9,-2.0350826220604857e-07,162.9,ASK
187,1712367430.0917397,1304708.31041692,161.0,-6.693715362037275e-07,162.9,ASK
188,1712367431.8965445,1306041.60183961,160.9,-5.871495577717923e-07,162.9,ASK
189,1712367431.898517,1306698.83129168,160.9,-2.894280841911083e-07,162.9,ASK
190,1712367438.3262577,1353813.80796614,160.9,-2.0748305470254047e-05,162.9,ASK
191,1712367438.329515,1445376.26018011,160.8,-4.0321907432266775e-05,162.9,ASK
192,1712367450.405727,1445376.26018011,160.8,-0.0,162.9,ASK
193,1712367480.2955897,1445376.26018011,160.8,-0.0,162.9,ASK
194,1712367510.3021038,1445376.26018011,160.8,-0.0,162.9,ASK
195,1712367540.4156108,1445376.26018011,160.8,-0.0,162.9,ASK
196,1712367549.2959702,1447514.05102169,160.8,-9.318486881008131e-07,162.9,ASK
197,1712367563.1259546,1447829.51102169,160.8,-1.3750689797651126e-07,162.9,ASK
198,1712367570.405902,1447829.51102169,160.8,-0.0,162.9,ASK
199,1712367572.8458183,1458551.07007169,160.8,-4.672652198812621e-06,162.9,ASK
200,1712367581.5058594,1459975.29607788,161.5,6.207038312613757e-07,162.9,BID
201,1712367586.6461172,1461495.29607788,161.5,6.624438954328342e-07,162.9,BID
202,1712367586.6493115,1463179.62579924,161.5,7.340618038230393e-07,162.9,BID
203,1712367600.3459158,1463179.62579924,161.5,0.0,162.9,BID
204,1712367630.3046591,1463179.62579924,161.5,0.0,162.9,BID
205,1712367660.4057064,1463179.62579924,161.5,0.0,162.9,BID
206,1712367690.4058712,1463179.62579924,161.5,0.0,162.9,BID
207,1712367720.2795486,1463179.62579924,161.5,0.0,162.9,BID
208,1712367750.2893815,1463179.62579924,161.5,0.0,162.9,BID
209,1712367780.3272293,1463179.62579924,161.5,0.0,162.9,BID
210,1712367810.2956362,1463179.62579924,161.5,0.0,162.9,BID
211,1712367840.3330429,1463179.62579924,161.5,0.0,162.9,BID
212,1712367848.8261864,1464659.62579924,161.5,6.455049046260307e-07,162.9,BID
213,1712367848.8295646,1464908.02302283,161.3,1.0833893656945692e-07,162.9,BID
214,1712367848.8322425,1469371.57626363,161.5,1.946787506078272e-06,162.9,BID
215,1712367870.3114204,1469371.57626363,161.5,0.0,162.9,BID
216,1712367900.3316636,1469371.57626363,161.5,0.0,162.9,BID
217,1712367930.3099198,1469371.57626363,161.5,0.0,162.9,BID
218,1712367949.3359158,1469471.57626363,161.3,4.361590418642021e-08,162.9,BID
219,1712367956.625746,1469521.57626363,160.8,-2.1807952093210123e-08,162.9,ASK
220,1712367960.3958242,1469521.57626363,160.8,-0.0,162.9,ASK
221,1712367990.405574,1469521.57626363,160.8,-0.0,162.9,ASK
222,1712368002.0356803,1472845.63856989,161.3,1.449804546807868e-06,162.9,BID
223,1712368014.62582,1472895.63856989,160.9,-2.1807722196986872e-08,162.9,ASK
224,1712368020.2854717,1472895.63856989,160.9,-0.0,162.9,ASK
225,1712368050.267642,1472895.63856989,160.9,-0.0,162.9,ASK
226,1712368080.416075,1472895.63856989,160.9,-0.0,162.9,ASK
227,1712368110.395601,1472895.63856989,160.9,-0.0,162.9,ASK
228,1712368140.320951,1472895.63856989,160.9,-0.0,162.9,ASK
229,1712368170.3224945,1472895.63856989,160.9,-0.0,162.9,ASK
230,1712368200.3459966,1472895.63856989,160.9,-0.0,162.9,ASK
231,1712368200.7620397,1485626.71705757,160.8,-5.587425243766104e-06,162.9,ASK
232,1712368224.9363315,1486748.42204915,160.8,-4.92294725233131e-07,162.9,ASK
233,1712368230.2856448,1486748.42204915,160.8,-0.0,162.9,ASK
234,1712368260.406208,1486748.42204915,160.8,-0.0,162.9,ASK
235,1712368284.2558007,1486798.42204915,160.9,-2.1922605422448544e-08,162.9,ASK
236,1712368290.4385056,1486798.42204915,160.9,-0.0,162.9,ASK
237,1712368320.3072002,1486798.42204915,160.9,-0.0,162.9,ASK
238,1712368350.3331437,1486798.42204915,160.9,-0.0,162.9,ASK
239,1712368380.4263916,1486798.42204915,160.9,-0.0,162.9,ASK
240,1712368410.4055848,1486798.42204915,160.9,-0.0,162.9,ASK
241,1712368440.2863226,1486798.42204915,160.9,-0.0,162.9,ASK
242,1712368470.3245673,1486798.42204915,160.9,-0.0,162.9,ASK
243,1712368500.311195,1486798.42204915,160.9,-0.0,162.9,ASK
244,1712368530.3054955,1486798.42204915,160.9,-0.0,162.9,ASK
245,1712368530.5380971,1487412.2543499,160.9,-2.7054430431752055e-07,162.9,ASK
246,1712368530.541169,1491023.93841355,160.9,-1.5918363227566124e-06,162.9,ASK
247,1712368560.4055018,1491023.93841355,160.9,-0.0,162.9,ASK
248,1712368561.1557996,1496023.93841355,160.9,-2.2030712441085032e-06,162.9,ASK
249,1712368584.9355042,1504301.29448606,160.9,-3.647121028118792e-06,162.9,ASK
250,1712368584.9384575,1514467.22073937,160.9,-4.479251959678964e-06,162.9,ASK
251,1712368590.405197,1514467.22073937,160.9,-0.0,162.9,ASK
252,1712368620.3028064,1514467.22073937,160.9,-0.0,162.9,ASK
253,1712368650.3417103,1514467.22073937,160.9,-0.0,162.9,ASK
254,1712368680.4052784,1514467.22073937,160.9,-0.0,162.9,ASK
255,1712368710.4053297,1514467.22073937,160.9,-0.0,162.9,ASK
256,1712368740.2999537,1514467.22073937,160.9,-0.0,162.9,ASK
257,1712368770.3040218,1514467.22073937,160.9,-0.0,162.9,ASK
258,1712368800.4550674,1514467.22073937,160.9,-0.0,162.9,ASK
259,1712368817.8960102,1519738.42645194,161.0,2.3198017516714904e-06,162.9,BID
260,1712368830.281283,1519738.42645194,161.0,0.0,162.9,BID
261,1712368848.1566205,1527446.71352343,161.3,3.3910688973143417e-06,162.9,BID
262,1712368848.1595805,1528566.0668362,161.3,4.924316088432981e-07,162.9,BID
263,1712368848.161836,1529179.89913695,161.2,2.700402312388356e-07,162.9,BID
264,1712368848.164125,1529584.54166105,161.3,1.780123995486767e-07,162.9,BID
265,1712368860.4264903,1529584.54166105,161.3,0.0,162.9,BID
266,1712368890.427542,1529584.54166105,161.3,0.0,162.9,BID
267,1712368898.7173104,1529654.54166105,161.3,3.0773256610710195e-08,162.9,BID
268,1712368903.497525,1529724.54166105,161.0,-3.0773256610710195e-08,162.9,ASK
269,1712368920.3188376,1529724.54166105,161.0,-0.0,162.9,ASK
270,1712368950.3102171,1529724.54166105,161.0,-0.0,162.9,ASK
271,1712368980.4086888,1529724.54166105,161.0,-0.0,162.9,ASK
272,1712369010.409101,1529724.54166105,161.0,-0.0,162.9,ASK
273,1712369040.2855277,1529724.54166105,161.0,-0.0,162.9,ASK
274,1712369070.3396246,1529724.54166105,161.0,-0.0,162.9,ASK
275,1712369100.4260614,1529724.54166105,161.0,-0.0,162.9,ASK
276,1712369130.4108071,1529724.54166105,161.0,-0.0,162.9,ASK
277,1712369160.3427322,1529724.54166105,161.0,-0.0,162.9,ASK
278,1712369164.5113726,1530594.5160727,161.0,-3.917604131367951e-07,162.9,ASK
279,1712369164.5128174,1530681.06340019,161.0,-3.8973349467923794e-08,162.9,ASK
280,1712369189.2217405,1532980.70880019,161.3,1.0355592301425082e-06,162.9,BID
281,1712369189.224929,1575217.85552585,161.3,1.901991809113028e-05,162.9,BID
282,1712369190.4053874,1575217.85552585,161.3,0.0,162.9,BID
283,1712369220.421708,1575217.85552585,161.3,0.0,162.9,BID
284,1712369250.4220712,1575217.85552585,161.3,0.0,162.9,BID
285,1712369280.3382356,1575217.85552585,161.3,0.0,162.9,BID
286,1712369310.3170877,1575217.85552585,161.3,0.0,162.9,BID
287,1712369333.8900726,1606196.7898505,161.4,1.3904259732778074e-05,162.9,BID
288,1712369333.9630058,1606231.09964602,161.4,1.5399248511576154e-08,162.9,BID
289,1712369340.4329462,1606231.09964602,161.4,0.0,162.9,BID
290,1712369370.4432597,1606231.09964602,161.4,0.0,162.9,BID
291,1712369400.3580985,1606231.09964602,161.4,0.0,162.9,BID
292,1712369407.5136783,1608679.80630558,161.2,-1.1170377988110412e-06,162.9,ASK
293,1712369407.517362,1612041.67489296,161.3,-1.5335990826331276e-06,162.9,ASK
294,1712369424.1637874,1615796.4421788,161.2,-1.712829492110657e-06,162.9,ASK
295,1712369424.1670096,1617356.4421788,161.2,-7.116323873837454e-07,162.9,ASK
296,1712369430.3320265,1617356.4421788,161.2,-0.0,162.9,ASK
297,1712369460.417917,1617356.4421788,161.2,-0.0,162.9,ASK
298,1712369479.6244886,1619217.48436242,161.1,8.482660856798152e-07,162.9,BID
299,1712369490.4143891,1619217.48436242,161.1,0.0,162.9,BID
300,1712369506.254433,1635227.64934368,161.1,-7.29646240619329e-06,162.9,ASK
301,1712369506.2643926,1637866.47063057,161.0,-1.2026147350132814e-06,162.9,ASK
302,1712369520.3462532,1637866.47063057,161.0,-0.0,162.9,ASK
303,1712369550.325444,1637866.47063057,161.0,-0.0,162.9,ASK
304,1712369554.2582817,1643754.07096028,161.0,-2.679542718583048e-06,162.9,ASK
305,1712369554.2608745,1654091.80332862,161.0,-4.704870226068909e-06,162.9,ASK
306,1712369580.394745,1654091.80332862,161.0,-0.0,162.9,ASK
307,1712369610.4250195,1654091.80332862,161.0,-0.0,162.9,ASK
308,1712369640.4570465,1654091.80332862,161.0,-0.0,162.9,ASK
309,1712369670.3060777,1654091.80332862,161.0,-0.0,162.9,ASK
310,1712369671.105412,1661881.63122387,160.9,-3.5410674970333418e-06,162.9,ASK
311,1712369671.1073923,1693293.12711977,160.9,-1.4278906882909905e-05,162.9,ASK
312,1712369671.1092832,1716338.87299139,160.9,-1.0476039104874936e-05,162.9,ASK
313,1712369671.1853676,1722557.77846402,160.8,-2.8269641296800527e-06,162.9,ASK
314,1712369671.187448,1730918.18891139,160.8,-3.800440535418287e-06,162.9,ASK
315,1712369671.1901066,1730918.18891177,160.8,-1.7272954758037495e-16,162.9,ASK
316,1712369671.2653258,1731540.46644755,160.7,-2.82872328595164e-07,162.9,ASK
317,1712369671.2672496,1733143.83840207,160.7,-7.288541403164626e-07,162.9,ASK
318,1712369671.2753675,1740894.23665873,160.7,-3.5231437362637568e-06,162.9,ASK
319,1712369688.1555278,1748190.7747251,160.9,3.31682986262691e-06,162.9,BID
320,1712369700.3548417,1748190.7747251,160.9,0.0,162.9,BID
321,1712369716.82193,1748226.65597551,160.7,-1.6339723425038553e-08,162.9,ASK
322,1712369716.8245606,1760672.2066911,160.7,-5.667496373233036e-06,162.9,ASK
323,1712369730.3274257,1760672.2066911,160.7,-0.0,162.9,ASK
324,1712369746.935876,1760672.20669113,160.7,-1.3665026580057764e-17,162.9,ASK
325,1712369760.4257526,1760672.20669113,160.7,-0.0,162.9,ASK
326,1712369790.4163122,1760672.20669113,160.7,-0.0,162.9,ASK
327,1712369814.0762875,1760734.43444468,160.7,2.8311622231161228e-08,162.9,BID
328,1712369820.3413498,1760734.43444468,160.7,0.0,162.9,BID
329,1712369850.350698,1760734.43444468,160.7,0.0,162.9,BID
330,1712369880.406331,1760734.43444468,160.7,0.0,162.9,BID
331,1712369904.8769176,1760771.72468706,160.9,1.69657812094075e-08,162.9,BID
332,1712369910.4367888,1760771.72468706,160.9,0.0,162.9,BID
333,1712369930.7767398,1766144.45381805,160.9,2.4444007946611096e-06,162.9,BID
334,1712369930.7789438,1773197.42203434,161.0,3.208849858664376e-06,162.9,BID
335,1712369940.3148208,1773197.42203434,161.0,0.0,162.9,BID
336,1712369970.3327732,1773197.42203434,161.0,0.0,162.9,BID
337,1712370000.3411202,1773197.42203434,161.0,0.0,162.9,BID
338,1712370019.697309,1774412.61297124,160.7,-5.599463686912189e-07,162.9,ASK
339,1712370019.7057822,1776204.88117288,160.7,-8.258571066941104e-07,162.9,ASK
340,1712370024.677228,1782417.72984652,160.7,-2.862811059887801e-06,162.9,ASK
341,1712370030.3078277,1782417.72984652,160.7,-0.0,162.9,ASK
342,1712370053.847318,1782740.0884936,160.7,-1.484379065291075e-07,162.9,ASK
343,1712370053.8512506,1783263.73973154,160.6,-2.411279927349308e-07,162.9,ASK
344,1712370060.437453,1783263.73973154,160.6,-0.0,162.9,ASK
345,1712370090.4373631,1783263.73973154,160.6,-0.0,162.9,ASK
346,1712370117.8574698,1784009.91707873,160.6,-3.435740701430685e-07,162.9,ASK
347,1712370117.860268,1793109.85494065,160.6,-4.190026273302132e-06,162.9,ASK
348,1712370120.3496492,1793109.85494065,160.6,-0.0,162.9,ASK
349,1712370150.3140793,1793109.85494065,160.6,-0.0,162.9,ASK
350,1712370180.3388422,1793109.85494065,160.6,-0.0,162.9,ASK
351,1712370210.32115,1793109.85494065,160.6,-0.0,162.9,ASK
352,1712370240.4278822,1793109.85494065,160.6,-0.0,162.9,ASK
353,1712370270.42809,1793109.85494065,160.6,-0.0,162.9,ASK
354,1712370300.3421738,1793109.85494065,160.6,-0.0,162.9,ASK
355,1712370330.325841,1793109.85494065,160.6,-0.0,162.9,ASK
356,1712370360.4183075,1793109.85494065,160.6,-0.0,162.9,ASK
357,1712370361.021698,1797590.06995132,160.6,-2.0629383302056093e-06,162.9,ASK
358,1712370361.024384,1798087.89197994,160.7,-2.292247452443573e-07,162.9,ASK
359,1712370368.7683969,1799197.77093291,160.6,-5.110495430503755e-07,162.9,ASK
360,1712370368.7784948,1799260.07622886,160.5,-2.8688797944746163e-08,162.9,ASK
361,1712370368.782138,1799882.74123508,160.6,-2.867093443393904e-07,162.9,ASK
362,1712370368.7850096,1799913.95618835,160.5,-1.4373087769891889e-08,162.9,ASK
363,1712370368.7878654,1800180.44280104,160.6,-1.2270514841261298e-07,162.9,ASK
364,1712370368.790671,1809848.95337775,160.5,-4.451916039116786e-06,162.9,ASK
365,1712370387.3683977,1811342.36448953,160.5,-6.876489226317631e-07,162.9,ASK
366,1712370390.428621,1811342.36448953,160.5,-0.0,162.9,ASK
367,1712370393.8887048,1811404.66978548,160.5,-2.8650183730052738e-08,162.9,ASK
368,1712370393.8930943,1814639.80965654,160.5,-1.4876319947603785e-06,162.9,ASK
369,1712370393.8972192,1817222.89518844,160.4,-1.1877942950263728e-06,162.9,ASK
370,1712370420.3163264,1817222.89518844,160.4,-0.0,162.9,ASK
371,1712370420.3320303,1817270.10015738,161.0,2.1697104022627105e-08,162.9,BID
372,1712370450.3249671,1817270.10015738,161.0,0.0,162.9,BID
373,1712370480.4186304,1817270.10015738,161.0,0.0,162.9,BID
374,1712370493.388561,1817370.10015738,161.0,4.596344138561659e-08,162.9,BID
375,1712370497.9287126,1817420.10015738,160.4,-2.2981720692808292e-08,162.9,ASK
376,1712370510.428686,1817420.10015738,160.4,-0.0,162.9,ASK
377,1712370531.2591383,1817451.28469603,160.4,-1.4333328238950624e-08,162.9,ASK
378,1712370531.2620957,1818075.11501418,160.3,-2.867307038225e-07,162.9,ASK
379,1712370531.26498,1823206.92349724,160.4,-2.358729634355468e-06,162.9,ASK
380,1712370531.2678428,1825567.04358457,160.3,-1.0847803866802657e-06,162.9,ASK
381,1712370531.270679,1825629.38772422,160.4,-2.8655194402960747e-08,162.9,ASK
382,1712370531.2735562,1845210.95535322,160.3,-9.000262579190647e-06,162.9,ASK
383,1712370540.3654249,1845210.95535322,160.3,-0.0,162.9,ASK
384,1712370570.3235545,1845210.95535322,160.3,-0.0,162.9,ASK
385,1712370600.4344957,1845210.95535322,160.3,-0.0,162.9,ASK
386,1712370630.3646946,1845210.95535322,160.3,-0.0,162.9,ASK
387,1712370637.041657,1848337.09801754,160.4,-1.4413028189266682e-06,162.9,ASK
388,1712370637.0438635,1860431.12407308,160.3,-5.575930377385245e-06,162.9,ASK
389,1712370660.5128348,1860431.12407308,160.3,-0.0,162.9,ASK
390,1712370661.3494303,1860664.54161747,160.3,-1.0749583283803441e-07,162.9,ASK
391,1712370661.353426,1866311.65477199,160.3,-2.60066625780825e-06,162.9,ASK
392,1712370661.8694415,1866902.844799,160.3,-2.722608726137365e-07,162.9,ASK
393,1712370661.873278,1867418.85761136,160.3,-2.3763949348654254e-07,162.9,ASK
394,1712370690.439135,1867418.85761136,160.3,-0.0,162.9,ASK
395,1712370720.3238947,1867418.85761136,160.3,-0.0,162.9,ASK
396,1712370750.347473,1867418.85761136,160.3,-0.0,162.9,ASK
397,1712370780.457634,1867418.85761136,160.3,-0.0,162.9,ASK
398,1712370810.43947,1867418.85761136,160.3,-0.0,162.9,ASK
399,1712370840.3397567,1867418.85761136,160.3,-0.0,162.9,ASK
400,1712370870.359849,1867418.85761136,160.3,-0.0,162.9,ASK
401,1712370900.4193082,1867418.85761136,160.3,-0.0,162.9,ASK
402,1712370930.4346783,1867418.85761136,160.3,-0.0,162.9,ASK
403,1712370935.3092167,1868676.42425736,160.9,5.881178002851389e-07,162.9,BID
404,1712370950.69898,1868990.35179005,160.3,-1.468123940483894e-07,162.9,ASK
405,1712370960.347057,1868990.35179005,160.3,-0.0,162.9,ASK
406,1712370990.3268287,1868990.35179005,160.3,-0.0,162.9,ASK
407,1712371020.509895,1868990.35179005,160.3,-0.0,162.9,ASK
408,1712371050.4282212,1868990.35179005,160.3,-0.0,162.9,ASK
409,1712371080.305562,1868990.35179005,160.3,-0.0,162.9,ASK
410,1712371110.3111875,1868990.35179005,160.3,-0.0,162.9,ASK
411,1712371140.51739,1868990.35179005,160.3,-0.0,162.9,ASK
412,1712371163.257908,1871567.67137767,160.3,-1.2051754442503817e-06,162.9,ASK
413,1712371170.417779,1871567.67137767,160.3,-0.0,162.9,ASK
414,1712371200.3891854,1871567.67137767,160.3,-0.0,162.9,ASK
415,1712371230.290847,1871567.67137767,160.3,-0.0,162.9,ASK
416,1712371246.9276178,1871842.62327447,160.4,-1.2976012981537306e-07,162.9,ASK
417,1712371260.4275055,1871842.62327447,160.4,-0.0,162.9,ASK
418,1712371290.437564,1871842.62327447,160.4,-0.0,162.9,ASK
419,1712371320.3444445,1871842.62327447,160.4,-0.0,162.9,ASK
420,1712371350.342463,1871842.62327447,160.4,-0.0,162.9,ASK
421,1712371380.4170804,1871842.62327447,160.4,-0.0,162.9,ASK
422,1712371410.4344358,1871842.62327447,160.4,-0.0,162.9,ASK
423,1712371440.3505237,1871842.62327447,160.4,-0.0,162.9,ASK
424,1712371442.4875371,1873086.40436899,160.8,5.869748093168195e-07,162.9,BID
425,1712371449.9970615,1873136.40436899,160.4,-2.3596387334673573e-08,162.9,ASK
426,1712371462.3272228,1873198.59342371,160.8,2.9348740462945656e-08,162.9,BID
427,1712371470.3210845,1873198.59342371,160.8,0.0,162.9,BID
428,1712371482.3872976,1873260.74382768,160.8,2.9327482606098254e-08,162.9,BID
429,1712371500.3317144,1873260.74382768,160.8,0.0,162.9,BID
430,1712371530.3172195,1873260.74382768,160.8,0.0,162.9,BID
431,1712371560.3593757,1873260.74382768,160.8,0.0,162.9,BID
432,1712371590.3142507,1873260.74382768,160.8,0.0,162.9,BID
433,1712371610.4068706,1873447.31099185,160.8,8.865060101343672e-08,162.9,BID
434,1712371620.4066975,1873447.31099185,160.8,0.0,162.9,BID
435,1712371650.4169602,1873447.31099185,160.8,0.0,162.9,BID
436,1712371680.343677,1873447.31099185,160.8,0.0,162.9,BID
437,1712371710.3438425,1873447.31099185,160.8,0.0,162.9,BID
438,1712371740.434718,1873447.31099185,160.8,0.0,162.9,BID
439,1712371770.3505318,1873447.31099185,160.8,0.0,162.9,BID
440,1712371791.0268874,1873770.12088628,160.8,1.533864940674457e-07,162.9,BID
441,1712371791.0311673,1873892.42915105,160.8,5.811604988652024e-08,162.9,BID
442,1712371791.1065135,1874816.91929432,160.8,4.392811506800074e-07,162.9,BID
443,1712371800.0471222,1877943.06195864,160.9,1.485419348999292e-06,162.9,BID
444,1712371800.0514548,1878528.70450386,160.9,2.782741741750143e-07,162.9,BID
445,1712371800.0555203,1891020.24017658,161.0,5.935483686893296e-06,162.9,BID
446,1712371800.3858836,1891020.24017658,161.0,0.0,162.9,BID
447,1712371809.806862,1891051.33887304,161.1,1.5273869237045687e-08,162.9,BID
448,1712371823.2968168,1891113.41211947,161.1,3.0486764945657835e-08,162.9,BID
449,1712371830.320156,1891113.41211947,161.1,0.0,162.9,BID
450,1712371847.6168172,1893543.63160947,161.0,-1.193573535009882e-06,162.9,ASK
451,1712371847.6214533,1893543.63160988,161.0,-2.01373897567785e-16,162.9,ASK
452,1712371853.9469988,1894562.40473654,161.1,5.003583615243395e-07,162.9,BID
453,1712371853.9520578,1895305.12606749,161.1,3.6477878979949573e-07,162.9,BID
454,1712371854.0668657,1911157.05953249,161.1,-7.785489475505342e-06,162.9,ASK
455,1712371854.087508,1911157.05953279,161.1,-1.4728539470034472e-16,162.9,ASK
456,1712371860.416591,1911157.05953279,161.1,-0.0,162.9,ASK
457,1712371890.5127196,1911157.05953279,161.1,-0.0,162.9,ASK
458,1712371920.3410983,1911157.05953279,161.1,-0.0,162.9,ASK
459,1712371950.366927,1911157.05953279,161.1,-0.0,162.9,ASK
460,1712371980.4369757,1911157.05953279,161.1,-0.0,162.9,ASK
461,1712372010.4165974,1911157.05953279,161.1,-0.0,162.9,ASK
462,1712372040.339994,1911157.05953279,161.1,-0.0,162.9,ASK
463,1712372070.317679,1911157.05953279,161.1,-0.0,162.9,ASK
464,1712372095.5266137,1911542.5124897,161.1,1.890109270303605e-07,162.9,BID
465,1712372100.4169438,1911542.5124897,161.1,0.0,162.9,BID
466,1712372104.096831,1912654.45755924,161.2,5.491634045065279e-07,162.9,BID
467,1712372104.1767242,1917745.98643424,161.2,-2.514585843970482e-06,162.9,ASK
468,1712372104.1810453,1917745.9864351,161.2,-4.24771416872791e-16,162.9,ASK
469,1712372130.406885,1917745.9864351,161.2,-0.0,162.9,ASK
470,1712372160.323442,1917745.9864351,161.2,-0.0,162.9,ASK
471,1712372190.3463528,1917745.9864351,161.2,-0.0,162.9,ASK
472,1712372220.4659264,1917745.9864351,161.2,-0.0,162.9,ASK
473,1712372250.483642,1917745.9864351,161.2,-0.0,162.9,ASK
474,1712372280.3265617,1917745.9864351,161.2,-0.0,162.9,ASK
475,1712372310.3284414,1917745.9864351,161.2,-0.0,162.9,ASK
476,1712372317.8466444,1919265.9864351,161.4,7.503215298838467e-07,162.9,BID
477,1712372317.8568044,1921193.13085838,161.4,9.513012841991324e-07,162.9,BID
478,1712372317.8602414,1926295.66788792,161.5,2.5187785462456457e-06,162.9,BID
479,1712372317.8635778,1927036.96460095,161.3,3.65928213038494e-07,162.9,BID
480,1712372340.3823826,1927036.96460095,161.3,0.0,162.9,BID
481,1712372370.3308342,1927036.96460095,161.3,0.0,162.9,BID
482,1712372400.4129412,1927036.96460095,161.3,0.0,162.9,BID
483,1712372430.4254556,1927036.96460095,161.3,0.0,162.9,BID
484,1712372460.4270654,1927036.96460095,161.3,0.0,162.9,BID
485,1712372461.607155,1927098.96088117,161.3,3.0753802638613994e-08,162.9,BID
486,1712372490.4297452,1927098.96088117,161.3,0.0,162.9,BID
487,1712372520.3809185,1927098.96088117,161.3,0.0,162.9,BID
488,1712372550.344654,1927098.96088117,161.3,0.0,162.9,BID
489,1712372580.4236495,1927098.96088117,161.3,0.0,162.9,BID
490,1712372592.2968962,1927695.97575471,161.3,2.961530345003246e-07,162.9,BID
491,1712372592.3776665,1927695.97575524,161.3,-2.629869542605811e-16,162.9,ASK
492,1712372592.3820682,1928648.09293324,161.3,-4.723037967088318e-07,162.9,ASK
493,1712372610.436884,1928648.09293324,161.3,-0.0,162.9,ASK
494,1712372640.3488717,1928648.09293324,161.3,-0.0,162.9,ASK
495,1712372670.3771749,1928648.09293324,161.3,-0.0,162.9,ASK
496,1712372697.9570937,1929165.18653126,161.1,-2.564757855031224e-07,162.9,ASK
497,1712372697.9615982,1935368.66047666,161.2,-3.076891415959281e-06,162.9,ASK
498,1712372697.9660378,1937230.85786958,161.1,-9.236404027047078e-07,162.9,ASK
499,1712372700.4370716,1937230.85786958,161.1,-0.0,162.9,ASK
500,1712372709.6469817,1946261.52085615,161.1,4.49081045001672e-06,162.9,BID
501,1712372709.6567,1947781.52085615,161.1,7.558727298512587e-07,162.9,BID
502,1712372714.1276488,1947875.46293615,161.1,-4.6715958195702224e-08,162.9,ASK
503,1712372730.4172728,1947875.46293615,161.1,-0.0,162.9,ASK
504,1712372760.3447142,1947875.46293615,161.1,-0.0,162.9,ASK
505,1712372766.8471415,1949737.66032908,161.2,-9.252532294982386e-07,162.9,ASK
506,1712372768.6470516,1951289.49148985,161.2,-7.710443579127116e-07,162.9,ASK
507,1712372790.3267927,1951289.49148985,161.2,-0.0,162.9,ASK
508,1712372813.8615634,1951351.5262293,161.5,3.0814215763297195e-08,162.9,BID
509,1712372820.4170115,1951351.5262293,161.5,0.0,162.9,BID
510,1712372820.7720308,1951921.42802871,161.5,2.830831526719865e-07,162.9,BID
511,1712372820.7756493,1968293.30301892,161.5,8.132281723235956e-06,162.9,BID
512,1712372832.7970085,1969045.28097194,161.2,-3.735245087858235e-07,162.9,ASK
513,1712372850.4295335,1969045.28097194,161.2,-0.0,162.9,ASK
514,1712372880.3072217,1969045.28097194,161.2,-0.0,162.9,ASK
515,1712372882.607127,1973676.96619007,161.2,-2.29740243465118e-06,162.9,ASK
516,1712372882.6117833,1984553.96583546,161.2,-5.395195115852062e-06,162.9,ASK
517,1712372895.4665956,1986083.91408088,161.2,-7.588829245475059e-07,162.9,ASK
518,1712372895.470803,1986145.91781846,161.2,-3.0755012693057786e-08,162.9,ASK
519,1712372895.546554,1986208.0296197,161.0,-3.080861428818151e-08,162.9,ASK
520,1712372895.6866152,1986933.37644248,161.0,3.597855808719536e-07,162.9,BID
521,1712372895.766572,1988342.31726317,161.0,6.988609802458749e-07,162.9,BID
522,1712372910.3695786,1988342.31726317,161.0,0.0,162.9,BID
523,1712372940.4156282,1988342.31726317,161.0,0.0,162.9,BID
524,1712372970.4500573,1988342.31726317,161.0,0.0,162.9,BID
525,1712372996.664091,2000764.67751161,161.0,-6.152231572449165e-06,162.9,ASK
526,1712373000.3528807,2000764.67751161,161.0,-0.0,162.9,ASK
527,1712373016.743964,2000998.05611235,161.0,1.1632725510921201e-07,162.9,BID
528,1712373030.3394582,2000998.05611235,161.0,0.0,162.9,BID
529,1712373051.4433424,2003998.63891235,161.0,-1.495608520350338e-06,162.9,ASK
530,1712373051.4470892,2007209.23623657,161.0,-1.6002880218861038e-06,162.9,ASK
531,1712373051.523172,2009399.48608358,161.0,-1.0917066954073804e-06,162.9,ASK
532,1712373060.4029973,2009399.48608358,161.0,-0.0,162.9,ASK
533,1712373068.212899,2009771.92556216,161.1,1.855134152135275e-07,162.9,BID
534,1712373071.2630725,2010082.29179431,161.1,1.545945126778816e-07,162.9,BID
535,1712373090.4376726,2010082.29179431,161.1,0.0,162.9,BID
536,1712373118.5919526,2010392.65802646,161.1,1.5458604269416325e-07,162.9,BID
537,1712373120.322287,2010392.65802646,161.1,0.0,162.9,BID
538,1712373134.471758,2016756.00430363,161.0,-3.1693525922019907e-06,162.9,ASK
539,1712373134.4816918,2023005.92698824,161.0,-3.1128604037467022e-06,162.9,ASK
540,1712373150.3397484,2023005.92698824,161.0,-0.0,162.9,ASK
541,1712373180.4009082,2023005.92698824,161.0,-0.0,162.9,ASK
542,1712373210.4104378,2023005.92698824,161.0,-0.0,162.9,ASK
543,1712373231.7006536,2023505.92698824,161.0,-2.4878028752802013e-07,162.9,ASK
544,1712373231.7054205,2029936.02947271,161.0,-3.199365489842167e-06,162.9,ASK
545,1712373240.3089314,2029936.02947271,161.0,-0.0,162.9,ASK
546,1712373270.338218,2029936.02947271,161.0,-0.0,162.9,ASK
547,1712373287.6500263,2030365.70283478,161.0,2.136699059553901e-07,162.9,BID
548,1712373300.3501067,2030365.70283478,161.0,0.0,162.9,BID
549,1712373304.8843443,2036580.74323254,160.9,-3.092533803878938e-06,162.9,ASK
550,1712373330.3079245,2036580.74323254,160.9,-0.0,162.9,ASK
551,1712373360.398635,2036580.74323254,160.9,-0.0,162.9,ASK
552,1712373361.0187263,2038555.25173254,160.6,-9.820044617091447e-07,162.9,ASK
553,1712373361.0236044,2044628.07566786,160.6,-3.020265650747132e-06,162.9,ASK
554,1712373361.1788692,2054947.01054686,160.6,5.132031637880616e-06,162.9,BID
555,1712373361.1831117,2073775.67432286,160.6,9.364270569639697e-06,162.9,BID
556,1712373361.1885152,2082804.12093302,160.6,4.4902186308541495e-06,162.9,BID
557,1712373361.459589,2084364.12093302,160.8,7.758522995805127e-07,162.9,BID
558,1712373361.5684226,2085844.12093302,160.9,7.360650021661274e-07,162.9,BID
559,1712373389.2640822,2085924.86627463,161.0,4.01579865182556e-08,162.9,BID
560,1712373390.418171,2085924.86627463,161.0,0.0,162.9,BID
561,1712373420.315216,2085924.86627463,161.0,0.0,162.9,BID
562,1712373450.445598,2085924.86627463,161.0,0.0,162.9,BID
563,1712373480.3343844,2085924.86627463,161.0,0.0,162.9,BID
564,1712373510.3327036,2085924.86627463,161.0,0.0,162.9,BID
565,1712373540.4340367,2085924.86627463,161.0,0.0,162.9,BID
566,1712373542.5669773,2091539.05917817,161.0,2.7812069760767107e-06,162.9,BID
567,1712373542.6474783,2092524.00238532,161.0,4.879296037436191e-07,162.9,BID
568,1712373570.4002266,2092524.00238532,161.0,0.0,162.9,BID
569,1712373600.3266618,2092524.00238532,161.0,0.0,162.9,BID
570,1712373630.3273811,2092524.00238532,161.0,0.0,162.9,BID
571,1712373660.413398,2092524.00238532,161.0,0.0,162.9,BID
572,1712373679.135988,2095732.06619932,161.0,1.5890998402342385e-06,162.9,BID
573,1712373679.215757,2116042.25031032,161.0,1.006055745682813e-05,162.9,BID
574,1712373690.385798,2116042.25031032,161.0,0.0,162.9,BID
575,1712373720.3667977,2116042.25031032,161.0,0.0,162.9,BID
576,1712373725.0854733,2125161.3186333,161.0,4.508632709631371e-06,162.9,BID
577,1712373731.5647895,2156225.62498943,161.0,1.5358756265299202e-05,162.9,BID
578,1712373736.965472,2185372.78210902,161.0,1.4410882924408831e-05,162.9,BID
579,1712373736.9703643,2185437.12254658,161.0,3.1811078836369747e-08,162.9,BID
580,1712373750.3204038,2185437.12254658,161.0,0.0,162.9,BID
581,1712373780.4156709,2185437.12254658,161.0,0.0,162.9,BID
582,1712373810.4279015,2185437.12254658,161.0,0.0,162.9,BID
583,1712373814.565116,2185783.6686291,161.1,-1.703974039557998e-07,162.9,ASK
584,1712373840.2924824,2185783.6686291,161.1,-0.0,162.9,ASK
585,1712373870.3094862,2185783.6686291,161.1,-0.0,162.9,ASK
586,1712373900.3992925,2185783.6686291,161.1,-0.0,162.9,ASK
587,1712373908.6846418,2187223.6686291,161.3,-7.128459153842081e-07,162.9,ASK
588,1712373930.4053457,2187223.6686291,161.3,-0.0,162.9,ASK
589,1712373934.0322306,2224324.21809876,161.6,1.8363843451563696e-05,162.9,BID
590,1712373934.5245917,2233695.34609876,161.6,-4.638473823609993e-06,162.9,ASK
591,1712373934.7448833,2233695.34615667,161.6,-2.8663821319899084e-14,162.9,ASK
592,1712373934.75061,2235175.34609876,161.6,-7.325629305597396e-07,162.9,ASK
593,1712373935.1246636,2235175.34615667,161.6,-2.8663821319899084e-14,162.9,ASK
594,1712373935.1302075,2236655.34615667,161.5,-7.32562959223561e-07,162.9,ASK
595,1712373935.1349928,2237593.34609876,161.2,-4.642864954927329e-07,162.9,ASK
596,1712373935.2646315,2238798.65273862,161.7,5.965966208564789e-07,162.9,BID
597,1712373935.3644352,2239503.30487287,161.7,3.487851707360257e-07,162.9,BID
598,1712373936.5552323,2240943.30487287,161.8,-7.127639603256269e-07,162.9,ASK
599,1712373960.3547952,2240943.30487287,161.8,-0.0,162.9,ASK
600,1712373985.7242427,2241003.32888247,161.8,-2.9583266102744084e-08,162.9,ASK
601,1712373990.3099434,2241003.32888247,161.8,-0.0,162.9,ASK
602,1712374020.3941371,2241003.32888247,161.8,-0.0,162.9,ASK
603,1712374033.9239652,2241311.97085777,162.0,1.5211569574262877e-07,162.9,BID
604,1712374050.4040344,2241311.97085777,162.0,0.0,162.9,BID
605,1712374057.7940943,2241503.32888247,162.0,9.430940732456133e-08,162.9,BID
606,1712374080.3162522,2241503.32888247,162.0,0.0,162.9,BID
607,1712374104.443928,2248718.68897688,162.0,-3.555983288196741e-06,162.9,ASK
608,1712374107.240251,2250883.2970052,162.0,-1.0667949864573242e-06,162.9,ASK
609,1712374110.3405187,2250883.2970052,162.0,-0.0,162.9,ASK
610,1712374140.4236732,2250883.2970052,162.0,-0.0,162.9,ASK
611,1712374158.3140488,2281183.94776116,162.0,-1.4922051681620555e-05,162.9,ASK
612,1712374170.41338,2281183.94776116,162.0,-0.0,162.9,ASK
613,1712374200.3638055,2281183.94776116,162.0,-0.0,162.9,ASK
614,1712374230.3257482,2281183.94776116,162.0,-0.0,162.9,ASK
615,1712374260.4094732,2281183.94776116,162.0,-0.0,162.9,ASK
616,1712374290.422933,2281183.94776116,162.0,-0.0,162.9,ASK
617,1712374306.1428933,2281283.94776116,162.0,4.9295940916234375e-08,162.9,BID
618,1712374311.9931808,2281344.94776116,161.5,-3.0070523958902966e-08,162.9,ASK
619,1712374311.9985795,2281357.16707361,161.5,-6.023625045681252e-09,162.9,ASK
620,1712374312.0032496,2281358.94776116,161.8,-8.778066825915591e-10,162.9,ASK
621,1712374320.326861,2281358.94776116,161.8,-0.0,162.9,ASK
622,1712374328.662526,2281433.94776116,161.5,-3.697143967026264e-08,162.9,ASK
623,1712374350.3230946,2281433.94776116,161.5,-0.0,162.9,ASK
624,1712374380.403242,2281433.94776116,161.5,-0.0,162.9,ASK
625,1712374410.4557962,2281433.94776116,161.5,-0.0,162.9,ASK
626,1712374440.3786666,2281433.94776116,161.5,-0.0,162.9,ASK
627,1712374458.702845,2281483.26877966,162.0,2.4312775630592155e-08,162.9,BID
628,1712374470.3275049,2281483.26877966,162.0,0.0,162.9,BID
629,1712374500.40224,2281483.26877966,162.0,0.0,162.9,BID
630,1712374530.420745,2281483.26877966,162.0,0.0,162.9,BID
631,1712374560.333354,2281483.26877966,162.0,0.0,162.9,BID
632,1712374584.7027676,2281583.26877966,162.0,4.9477668075572486e-08,162.9,BID
633,1712374588.1517706,2281618.26877966,161.7,-1.7317183826450372e-08,162.9,ASK
634,1712374590.317179,2281618.26877966,161.7,-0.0,162.9,ASK
635,1712374620.4016583,2281618.26877966,161.7,-0.0,162.9,ASK
636,1712374650.4416492,2281618.26877966,161.7,-0.0,162.9,ASK
637,1712374680.3440652,2281618.26877966,161.7,-0.0,162.9,ASK
638,1712374710.3349478,2281618.26877966,161.7,-0.0,162.9,ASK
639,1712374740.3704083,2281618.26877966,161.7,-0.0,162.9,ASK
640,1712374770.381336,2281618.26877966,161.7,-0.0,162.9,ASK
641,1712374787.8917377,2281835.2252707,161.7,-1.0734385152018121e-07,162.9,ASK
642,1712374800.3576076,2281835.2252707,161.7,-0.0,162.9,ASK
643,1712374830.329399,2281835.2252707,161.7,-0.0,162.9,ASK
644,1712374860.4013455,2281835.2252707,161.7,-0.0,162.9,ASK
645,1712374890.4115443,2281835.2252707,161.7,-0.0,162.9,ASK
646,1712374920.3009913,2281835.2252707,161.7,-0.0,162.9,ASK
647,1712374950.328504,2281835.2252707,161.7,-0.0,162.9,ASK
648,1712374980.3827157,2281835.2252707,161.7,-0.0,162.9,ASK
649,1712375010.4033227,2281835.2252707,161.7,-0.0,162.9,ASK
650,1712375017.9136105,2282453.65446055,162.0,3.0598080098416365e-07,162.9,BID
651,1712375024.7737966,2282515.55078336,161.7,-3.0624502759985474e-08,162.9,ASK
652,1712375024.7784126,2306453.65446055,161.7,-1.184387842198928e-05,162.9,ASK
653,1712375040.3197565,2306453.65446055,161.7,-0.0,162.9,ASK
654,1712375070.311638,2306453.65446055,161.7,-0.0,162.9,ASK
655,1712375085.925246,2306718.98815247,161.7,-1.310213346175691e-07,162.9,ASK
656,1712375088.385286,2312823.71930441,161.5,-3.014506062989181e-06,162.9,ASK
657,1712375088.3952625,2337783.2945086,161.3,-1.2324996614921809e-05,162.9,ASK
658,1712375100.3395443,2337783.2945086,161.3,-0.0,162.9,ASK
659,1712375104.155733,2340682.91632149,161.3,-1.4298866329101357e-06,162.9,ASK
660,1712375106.9456496,2341794.71372729,161.9,5.482591702098568e-07,162.9,BID
661,1712375130.3512332,2341794.71372729,161.9,0.0,162.9,BID
662,1712375160.3867917,2341794.71372729,161.9,0.0,162.9,BID
663,1712375190.4473238,2341794.71372729,161.9,0.0,162.9,BID
664,1712375220.409565,2341794.71372729,161.9,0.0,162.9,BID
665,1712375250.297394,2341794.71372729,161.9,0.0,162.9,BID
666,1712375280.3885715,2341794.71372729,161.9,0.0,162.9,BID
667,1712375310.4192655,2341794.71372729,161.9,0.0,162.9,BID
668,1712375313.3597283,2342194.71372729,161.9,-1.971884831401576e-07,162.9,ASK
669,1712375340.3277345,2342194.71372729,161.9,-0.0,162.9,ASK
670,1712375370.3223605,2342194.71372729,161.9,-0.0,162.9,ASK
671,1712375400.3372004,2342194.71372729,161.9,-0.0,162.9,ASK
672,1712375430.3234854,2342194.71372729,161.9,-0.0,162.9,ASK
673,1712375460.400674,2342194.71372729,161.9,-0.0,162.9,ASK
674,1712375490.4210694,2342194.71372729,161.9,-0.0,162.9,ASK
675,1712375520.3331833,2342194.71372729,161.9,-0.0,162.9,ASK
676,1712375524.2214744,2342594.71372729,161.3,-1.974615079022447e-07,162.9,ASK
677,1712375550.3379269,2342594.71372729,161.3,-0.0,162.9,ASK
678,1712375580.4318168,2342594.71372729,161.3,-0.0,162.9,ASK
679,1712375610.4122908,2342594.71372729,161.3,-0.0,162.9,ASK
680,1712375640.3468206,2342594.71372729,161.3,-0.0,162.9,ASK
681,1712375670.3295832,2342594.71372729,161.3,-0.0,162.9,ASK
682,1712375700.3363764,2342594.71372729,161.3,-0.0,162.9,ASK
683,1712375730.3402338,2342594.71372729,161.3,-0.0,162.9,ASK
684,1712375760.4232428,2342594.71372729,161.3,-0.0,162.9,ASK
685,1712375790.4138277,2342594.71372729,161.3,-0.0,162.9,ASK
686,1712375792.643715,2345572.17497961,161.3,-1.4698569810647402e-06,162.9,ASK
687,1712375792.64951,2346192.13778184,161.3,-3.060515572278334e-07,162.9,ASK
688,1712375792.8034573,2346592.13778184,161.3,1.974644647240196e-07,162.9,BID
689,1712375820.3094518,2346592.13778184,161.3,0.0,162.9,BID
690,1712375850.358532,2346592.13778184,161.3,0.0,162.9,BID
691,1712375880.4340832,2346592.13778184,161.3,0.0,162.9,BID
692,1712375910.434165,2346592.13778184,161.3,0.0,162.9,BID
693,1712375940.32506,2346592.13778184,161.3,0.0,162.9,BID
694,1712375970.3097093,2346592.13778184,161.3,0.0,162.9,BID
695,1712375978.0845196,2346692.13778184,161.2,-4.935040769625629e-08,162.9,ASK
696,1712375987.414429,2347002.11918295,161.3,1.529770852303861e-07,162.9,BID
697,1712376000.4113464,2347002.11918295,161.3,0.0,162.9,BID
698,1712376015.5945692,2347102.11918295,161.3,4.963181044080445e-08,162.9,BID
699,1712376020.7948022,2347152.11918295,161.2,-2.4815905220402226e-08,162.9,ASK
700,1712376030.394399,2347152.11918295,161.2,-0.0,162.9,ASK
701,1712376060.415242,2347152.11918295,161.2,-0.0,162.9,ASK
702,1712376065.9856951,2347222.11918295,161.2,-3.4741850200169714e-08,162.9,ASK
703,1712376090.4588568,2347222.11918295,161.2,-0.0,162.9,ASK
704,1712376120.2940972,2347222.11918295,161.2,-0.0,162.9,ASK
705,1712376150.346427,2347222.11918295,161.2,-0.0,162.9,ASK
706,1712376180.4155793,2347222.11918295,161.2,-0.0,162.9,ASK
707,1712376210.4158535,2347222.11918295,161.2,-0.0,162.9,ASK
708,1712376240.3657358,2347222.11918295,161.2,-0.0,162.9,ASK
709,1712376270.3293166,2347222.11918295,161.2,-0.0,162.9,ASK
710,1712376300.416071,2347222.11918295,161.2,-0.0,162.9,ASK
711,1712376330.4217634,2347222.11918295,161.2,-0.0,162.9,ASK
712,1712376346.996519,2348473.37615753,161.3,6.210960115552779e-07,162.9,BID
713,1712376347.0960977,2349178.06000446,161.3,3.497893203612386e-07,162.9,BID
714,1712376360.315605,2349178.06000446,161.3,0.0,162.9,BID
715,1712376390.3105223,2349178.06000446,161.3,0.0,162.9,BID
716,1712376397.7765698,2349228.61521537,161.2,-2.5090548116104683e-08,162.9,ASK
717,1712376397.7825282,2354539.69369392,161.2,-2.6358879276007644e-06,162.9,ASK
718,1712376405.7665076,2354639.69369392,161.2,4.9629993950312776e-08,162.9,BID
719,1712376405.7863252,2359106.21276213,161.1,-2.2167331433421496e-06,162.9,ASK
720,1712376405.789908,2367902.92351705,161.1,-4.365807015493439e-06,162.9,ASK
721,1712376413.7764685,2376258.33256349,161.1,-4.146789004272018e-06,162.9,ASK
722,1712376420.406483,2376258.33256349,161.1,-0.0,162.9,ASK
723,1712376421.3163905,2397745.19061909,161.1,1.0640884103685137e-05,162.9,BID
724,1712376450.43128,2397745.19061909,161.1,0.0,162.9,BID
725,1712376460.0869372,2404154.17261784,161.1,-3.1684729192767214e-06,162.9,ASK
726,1712376460.0930912,2408316.06688998,161.1,-2.057557549192628e-06,162.9,ASK
727,1712376467.017056,2422445.71302968,161.1,6.985415337620532e-06,162.9,BID
728,1712376480.325815,2422445.71302968,161.1,0.0,162.9,BID
729,1712376483.5367477,2422510.8495061,161.2,-3.2138949469450813e-08,162.9,ASK
730,1712376483.546541,2422645.71302968,161.1,-6.654292967321322e-08,162.9,ASK
731,1712376510.329692,2422645.71302968,161.1,-0.0,162.9,ASK
732,1712376540.4166152,2422645.71302968,161.1,-0.0,162.9,ASK
733,1712376569.811755,2422955.69443079,161.1,-1.5294530384151557e-07,162.9,ASK
734,1712376570.4269412,2422955.69443079,161.1,-0.0,162.9,ASK
735,1712376600.3587751,2422955.69443079,161.1,-0.0,162.9,ASK
736,1712376630.326268,2422955.69443079,161.1,-0.0,162.9,ASK
737,1712376648.0869932,2441943.03620294,161.5,9.373117733425166e-06,162.9,BID
738,1712376660.427573,2441943.03620294,161.5,0.0,162.9,BID
739,1712376664.7870138,2442768.23307613,161.5,-4.067434407917996e-07,162.9,ASK
740,1712376690.423577,2442768.23307613,161.5,-0.0,162.9,ASK
741,1712376720.3919437,2442768.23307613,161.5,-0.0,162.9,ASK
742,1712376750.3245304,2442768.23307613,161.5,-0.0,162.9,ASK
743,1712376780.4171734,2442768.23307613,161.5,-0.0,162.9,ASK
744,1712376810.364043,2447962.39366908,161.9,2.5600581493596413e-06,162.9,BID
745,1712376810.4190257,2447962.39366908,161.9,0.0,162.9,BID
746,1712376821.5075834,2452636.87791861,161.9,2.302969527931251e-06,162.9,BID
747,1712376840.324845,2452636.87791861,161.9,0.0,162.9,BID
748,1712376870.331607,2452636.87791861,161.9,0.0,162.9,BID
749,1712376872.2880783,2452684.71941861,161.8,2.356119869720133e-08,162.9,BID
750,1712376872.2942772,2452698.67399118,161.9,6.872411129598141e-09,162.9,BID
751,1712376900.4066236,2452698.67399118,161.9,0.0,162.9,BID
752,1712376930.3225808,2452698.67399118,161.9,0.0,162.9,BID
753,1712376960.4270856,2452698.67399118,161.9,0.0,162.9,BID
754,1712376990.4068232,2452698.67399118,161.9,0.0,162.9,BID
755,1712377020.306568,2452698.67399118,161.9,0.0,162.9,BID
756,1712377050.3185267,2452698.67399118,161.9,0.0,162.9,BID
757,1712377080.4271455,2452698.67399118,161.9,0.0,162.9,BID
758,1712377097.5242667,2452883.97355881,161.9,9.134514704470929e-08,162.9,BID
759,1712377108.144146,2452934.52876972,161.5,-2.4921661898598355e-08,162.9,ASK
760,1712377110.4494731,2452934.52876972,161.5,-0.0,162.9,ASK
761,1712377140.303297,2452934.52876972,161.5,-0.0,162.9,ASK
762,1712377166.7730286,2453218.937543,161.5,-1.4019931504167828e-07,162.9,ASK
763,1712377170.3170395,2453218.937543,161.5,-0.0,162.9,ASK
764,1712377200.3691044,2453218.937543,161.5,-0.0,162.9,ASK
765,1712377230.3200245,2453218.937543,161.5,-0.0,162.9,ASK
766,1712377234.5016296,2453252.82540498,161.5,-1.6737995196062424e-08,162.9,ASK
767,1712377260.4127111,2453252.82540498,161.5,-0.0,162.9,ASK
768,1712377290.4008949,2453252.82540498,161.5,-0.0,162.9,ASK
769,1712377320.3431983,2453252.82540498,161.5,-0.0,162.9,ASK
770,1712377337.1708577,2453451.80502518,161.8,9.828034964194905e-08,162.9,BID
771,1712377350.5100002,2453451.80502518,161.8,0.0,162.9,BID
772,1712377380.407846,2453451.80502518,161.8,0.0,162.9,BID
773,1712377383.0598612,2454564.72816805,161.8,5.496881349630553e-07,162.9,BID
774,1712377410.4091394,2454564.72816805,161.8,0.0,162.9,BID
775,1712377440.3384786,2454564.72816805,161.8,0.0,162.9,BID
776,1712377470.3039143,2454564.72816805,161.8,0.0,162.9,BID
777,1712377500.397997,2454564.72816805,161.8,0.0,162.9,BID
778,1712377530.3979952,2454564.72816805,161.8,0.0,162.9,BID
779,1712377559.367669,2454581.71513856,161.7,-8.391251882692099e-09,162.9,ASK
780,1712377559.374136,2454640.35706805,161.7,-2.8968037646178847e-08,162.9,ASK
781,1712377560.4407218,2454640.35706805,161.7,-0.0,162.9,ASK
782,1712377585.6071792,2457040.51669157,161.8,1.1856276715348863e-06,162.9,BID
783,1712377585.757138,2457123.52972106,161.7,-4.1006666346860327e-08,162.9,ASK
784,1712377589.0871975,2457185.37264004,161.7,3.054908319954534e-08,162.9,BID
785,1712377590.2912896,2457185.37264004,161.7,0.0,162.9,BID
786,1712377620.436703,2457185.37264004,161.7,0.0,162.9,BID
787,1712377620.777003,2471740.63849527,161.5,-7.188528763448701e-06,162.9,ASK
788,1712377620.7820594,2471802.55799904,161.5,-3.0580694182785875e-08,162.9,ASK
789,1712377620.8567488,2471802.55799991,161.5,-4.2960257794199576e-16,162.9,ASK
790,1712377650.4178195,2471802.55799991,161.5,-0.0,162.9,ASK
791,1712377656.576454,2471871.55799991,161.1,-3.4037912711724445e-08,162.9,ASK
792,1712377680.3215716,2471871.55799991,161.1,-0.0,162.9,ASK
793,1712377683.201809,2473391.55799991,161.6,7.498165741985085e-07,162.9,BID
794,1712377683.2079618,2474272.36254813,161.6,4.345012163716894e-07,162.9,BID
795,1712377710.3425183,2474272.36254813,161.6,0.0,162.9,BID
796,1712377712.306142,2477631.78187287,161.1,-1.6568857176317726e-06,162.9,ASK
797,1712377740.359744,2477631.78187287,161.1,-0.0,162.9,ASK
798,1712377770.6047,2477631.78187287,161.1,-0.0,162.9,ASK
799,1712377800.381284,2477631.78187287,161.1,-0.0,162.9,ASK
800,1712377809.5352905,2477831.78187287,161.1,-9.861973105060988e-08,162.9,ASK
801,1712377819.495067,2477931.42296197,161.6,4.9132887043122296e-08,162.9,BID
802,1712377830.3385537,2477931.42296197,161.6,0.0,162.9,BID
803,1712377839.73488,2478942.6423174,161.1,-4.986190234770096e-07,162.9,ASK
804,1712377851.884899,2479042.18413065,161.6,4.9082764734881227e-08,162.9,BID
805,1712377860.4106576,2479042.18413065,161.6,0.0,162.9,BID
806,1712377860.5946949,2482831.92894696,161.0,-1.8685086335678853e-06,162.9,ASK
807,1712377890.3961225,2482831.92894696,161.0,-0.0,162.9,ASK
808,1712377901.8643534,2492122.90711281,161.0,-4.579477732671462e-06,162.9,ASK
809,1712377920.3103805,2492122.90711281,161.0,-0.0,162.9,ASK
810,1712377950.352741,2492122.90711281,161.0,-0.0,162.9,ASK
811,1712377980.4221456,2492122.90711281,161.0,-0.0,162.9,ASK
812,1712378002.4341788,2492186.50087282,161.0,-3.1321959971427595e-08,162.9,ASK
813,1712378010.4136243,2492186.50087282,161.0,-0.0,162.9,ASK
814,1712378030.8039446,2493118.17789145,161.1,-4.588784044229017e-07,162.9,ASK
815,1712378030.81186,2495219.50087282,161.0,-1.0349635309094134e-06,162.9,ASK
816,1712378040.302703,2495219.50087282,161.0,-0.0,162.9,ASK
817,1712378062.9439094,2498881.09257486,161.0,-1.803008162514033e-06,162.9,ASK
818,1712378070.3474014,2498881.09257486,161.0,-0.0,162.9,ASK
819,1712378079.51345,2498915.25406554,161.0,-1.6816613409680544e-08,162.9,ASK
820,1712378079.5197892,2499723.39088172,160.9,-3.9782000577948e-07,162.9,ASK
821,1712378079.524851,2504929.18368936,161.0,-2.5626459324200072e-06,162.9,ASK
822,1712378100.390506,2504929.18368936,161.0,-0.0,162.9,ASK
823,1712378130.4195883,2504929.18368936,161.0,-0.0,162.9,ASK
824,1712378160.2902734,2504929.18368936,161.0,-0.0,162.9,ASK
825,1712378173.552932,2517359.26448488,160.9,-6.154748539122748e-06,162.9,ASK
826,1712378190.3221896,2517359.26448488,160.9,-0.0,162.9,ASK
827,1712378220.3453662,2517359.26448488,160.9,-0.0,162.9,ASK
828,1712378250.331705,2517359.26448488,160.9,-0.0,162.9,ASK
829,1712378280.3920808,2517359.26448488,160.9,-0.0,162.9,ASK
830,1712378310.4221618,2517359.26448488,160.9,-0.0,162.9,ASK
831,1712378340.3110454,2517359.26448488,160.9,-0.0,162.9,ASK
832,1712378370.3435776,2517359.26448488,160.9,-0.0,162.9,ASK
833,1712378390.3718176,2550726.77730561,161.5,1.6505562513154558e-05,162.9,BID
834,1712378390.375872,2555371.7880861,161.5,2.297699448669225e-06,162.9,BID
835,1712378390.3796842,2556652.60518375,161.6,6.33568548748527e-07,162.9,BID
836,1712378390.3834844,2579263.97520493,161.6,1.118493258391126e-05,162.9,BID
837,1712378400.312038,2579263.97520493,161.6,0.0,162.9,BID
838,1712378430.3253431,2579263.97520493,161.6,0.0,162.9,BID
839,1712378460.41143,2579263.97520493,161.6,0.0,162.9,BID
840,1712378490.4114895,2579263.97520493,161.6,0.0,162.9,BID
841,1712378520.3406188,2579263.97520493,161.6,0.0,162.9,BID
842,1712378550.3517084,2579263.97520493,161.6,0.0,162.9,BID
843,1712378580.426196,2579263.97520493,161.6,0.0,162.9,BID
844,1712378610.3806322,2579263.97520493,161.6,0.0,162.9,BID
845,1712378640.3319614,2579263.97520493,161.6,0.0,162.9,BID
846,1712378670.3062832,2579263.97520493,161.6,0.0,162.9,BID
847,1712378684.8105264,2580783.97520493,161.0,-7.574966354679204e-07,162.9,ASK
848,1712378684.8170202,2582263.97520493,161.0,-7.375625134819225e-07,162.9,ASK
849,1712378700.4611466,2582263.97520493,161.0,-0.0,162.9,ASK
850,1712378722.1403587,2584263.97520493,161.0,-9.96838844472606e-07,162.9,ASK
851,1712378730.3032808,2584263.97520493,161.0,-0.0,162.9,ASK
852,1712378760.399552,2584263.97520493,161.0,-0.0,162.9,ASK
853,1712378790.4099584,2584263.97520493,161.0,-0.0,162.9,ASK
854,1712378791.440173,2585954.00936522,161.0,-8.422106824512311e-07,162.9,ASK
855,1712378820.3031206,2585954.00936522,161.0,-0.0,162.9,ASK
856,1712378850.3439949,2585954.00936522,161.0,-0.0,162.9,ASK
857,1712378880.392809,2585954.00936522,161.0,-0.0,162.9,ASK
858,1712378910.4983711,2585954.00936522,161.0,-0.0,162.9,ASK
859,1712378940.3203547,2585954.00936522,161.0,-0.0,162.9,ASK
860,1712378957.9294348,2586022.00936522,161.0,-3.3882487811438126e-08,162.9,ASK
861,1712378970.3523755,2586022.00936522,161.0,-0.0,162.9,ASK
862,1712379000.3553412,2586022.00936522,161.0,-0.0,162.9,ASK
863,1712379030.307275,2586022.00936522,161.0,-0.0,162.9,ASK
864,1712379060.3907232,2586022.00936522,161.0,-0.0,162.9,ASK
865,1712379090.4011347,2586022.00936522,161.0,-0.0,162.9,ASK
866,1712379120.3416035,2586022.00936522,161.0,-0.0,162.9,ASK
867,1712379150.3141854,2586022.00936522,161.0,-0.0,162.9,ASK
868,1712379169.2031949,2589134.28780177,161.0,-1.5524208579392866e-06,162.9,ASK
869,1712379180.3970242,2589134.28780177,161.0,-0.0,162.9,ASK
870,1712379210.3939097,2589134.28780177,161.0,-0.0,162.9,ASK
871,1712379240.3154795,2589134.28780177,161.0,-0.0,162.9,ASK
872,1712379270.345911,2589134.28780177,161.0,-0.0,162.9,ASK
873,1712379278.4051373,2606285.68172666,161.0,-8.553067772031684e-06,162.9,ASK
874,1712379278.4086585,2612527.92396268,161.0,-3.112885234163857e-06,162.9,ASK
875,1712379278.4118311,2620408.97985943,160.9,-3.930129848061447e-06,162.9,ASK
876,1712379300.3995829,2620408.97985943,160.9,-0.0,162.9,ASK
877,1712379330.4033494,2620408.97985943,160.9,-0.0,162.9,ASK
878,1712379340.8576815,2621928.97985943,160.9,-7.589519720894612e-07,162.9,ASK
879,1712379340.8634348,2635461.45917251,160.9,-6.7569091196855616e-06,162.9,ASK
880,1712379340.8676372,2635495.60247251,161.0,-1.7048108466268082e-08,162.9,ASK
881,1712379340.8715894,2637015.60247251,160.8,-7.589519720894612e-07,162.9,ASK
882,1712379340.8754866,2651683.6719171,160.8,-7.3239212050767e-06,162.9,ASK
883,1712379360.3093123,2651683.6719171,160.8,-0.0,162.9,ASK
884,1712379390.303876,2651683.6719171,160.8,-0.0,162.9,ASK
885,1712379420.420828,2651683.6719171,160.8,-0.0,162.9,ASK
886,1712379450.4084835,2651683.6719171,160.8,-0.0,162.9,ASK
887,1712379458.898805,2665281.8200152,160.8,-6.772686783630772e-06,162.9,ASK
888,1712379480.3531013,2665281.8200152,160.8,-0.0,162.9,ASK
889,1712379510.365678,2665281.8200152,160.8,-0.0,162.9,ASK
890,1712379540.4206977,2665281.8200152,160.8,-0.0,162.9,ASK
891,1712379570.410775,2665281.8200152,160.8,-0.0,162.9,ASK
892,1712379600.3946729,2665281.8200152,160.8,-0.0,162.9,ASK
893,1712379630.3186443,2665281.8200152,160.8,-0.0,162.9,ASK
894,1712379660.4010017,2665281.8200152,160.8,-0.0,162.9,ASK
895,1712379690.4414625,2665281.8200152,160.8,-0.0,162.9,ASK
896,1712379720.3493683,2665281.8200152,160.8,-0.0,162.9,ASK
897,1712379750.362588,2665281.8200152,160.8,-0.0,162.9,ASK
898,1712379780.4221234,2665281.8200152,160.8,-0.0,162.9,ASK
899,1712379810.4124014,2665281.8200152,160.8,-0.0,162.9,ASK
900,1712379840.3193457,2665281.8200152,160.8,-0.0,162.9,ASK
901,1712379870.312255,2665281.8200152,160.8,-0.0,162.9,ASK
902,1712379900.4030857,2665281.8200152,160.8,-0.0,162.9,ASK
903,1712379913.1832683,2665321.8200152,161.5,2.0009692751829865e-08,162.9,BID
904,1712379930.515565,2665321.8200152,161.5,0.0,162.9,BID
905,1712379960.307922,2665321.8200152,161.5,0.0,162.9,BID
906,1712379990.320066,2665321.8200152,161.5,0.0,162.9,BID
907,1712380020.382218,2665321.8200152,161.5,0.0,162.9,BID
908,1712380050.3097825,2665321.8200152,161.5,0.0,162.9,BID
909,1712380055.5241532,2668826.73473605,161.5,1.7533010012325685e-06,162.9,BID
910,1712380055.531524,2670306.73473605,161.5,7.403562393081136e-07,162.9,BID
911,1712380060.2243364,2683823.00780106,161.5,6.761389929643525e-06,162.9,BID
912,1712380080.424058,2683823.00780106,161.5,0.0,162.9,BID
913,1712380095.3042717,2683888.14427748,161.4,3.253528653413276e-08,162.9,BID
914,1712380110.424411,2683888.14427748,161.4,0.0,162.9,BID
915,1712380140.2939725,2683888.14427748,161.4,0.0,162.9,BID
916,1712380170.348465,2683888.14427748,161.4,0.0,162.9,BID
917,1712380174.636413,2684012.06001477,161.5,6.18948563020602e-08,162.9,BID
918,1712380200.3498209,2684012.06001477,161.5,0.0,162.9,BID
919,1712380230.3162594,2684012.06001477,161.5,0.0,162.9,BID
920,1712380260.4148695,2684012.06001477,161.5,0.0,162.9,BID
921,1712380290.404925,2684012.06001477,161.5,0.0,162.9,BID
922,1712380320.323057,2684012.06001477,161.5,0.0,162.9,BID
923,1712380350.3446229,2684012.06001477,161.5,0.0,162.9,BID
924,1712380380.5875406,2684012.06001477,161.5,0.0,162.9,BID
925,1712380410.4658108,2684012.06001477,161.5,0.0,162.9,BID
926,1712380424.6353557,2684351.10893117,161.5,1.7016846668934208e-07,162.9,BID
927,1712380440.336172,2684351.10893117,161.5,0.0,162.9,BID
928,1712380452.2057369,2689111.96503877,161.5,2.389405424234476e-06,162.9,BID
929,1712380452.213372,2689976.0564166,161.5,4.3367507409552163e-07,162.9,BID
930,1712380470.32195,2689976.0564166,161.5,0.0,162.9,BID
931,1712380500.3821993,2689976.0564166,161.5,0.0,162.9,BID
932,1712380530.4695032,2689976.0564166,161.5,0.0,162.9,BID
933,1712380560.4054186,2689976.0564166,161.5,0.0,162.9,BID
934,1712380563.9955018,2691500.74701065,161.6,7.785646113129793e-07,162.9,BID
935,1712380570.3560228,2691684.23815277,161.6,9.36975084002786e-08,162.9,BID
936,1712380570.363418,2705780.95368865,161.6,7.19831544499018e-06,162.9,BID
937,1712380570.4358077,2706568.01715218,161.6,4.019043351832829e-07,162.9,BID
938,1712380590.4154627,2706568.01715218,161.6,0.0,162.9,BID
939,1712380620.3035743,2706568.01715218,161.6,0.0,162.9,BID
940,1712380650.335117,2706568.01715218,161.6,0.0,162.9,BID
941,1712380680.420333,2706568.01715218,161.6,0.0,162.9,BID
942,1712380710.426832,2706568.01715218,161.6,0.0,162.9,BID
943,1712380740.310019,2706568.01715218,161.6,0.0,162.9,BID
944,1712380770.3428106,2706568.01715218,161.6,0.0,162.9,BID
945,1712380800.3534985,2706568.01715218,161.6,0.0,162.9,BID
946,1712380830.3026586,2706568.01715218,161.6,0.0,162.9,BID
947,1712380860.4162636,2706568.01715218,161.6,0.0,162.9,BID
948,1712380866.066572,2707943.06966675,161.5,-7.34818940093655e-07,162.9,ASK
949,1712380890.4364498,2707943.06966675,161.5,-0.0,162.9,ASK
950,1712380920.3301291,2707943.06966675,161.5,-0.0,162.9,ASK
951,1712380950.3310003,2707943.06966675,161.5,-0.0,162.9,ASK
952,1712380980.4065597,2707943.06966675,161.5,-0.0,162.9,ASK
953,1712381010.4169064,2707943.06966675,161.5,-0.0,162.9,ASK
954,1712381040.3318536,2707943.06966675,161.5,-0.0,162.9,ASK
955,1712381070.3091817,2707943.06966675,161.5,-0.0,162.9,ASK
956,1712381100.4180307,2707943.06966675,161.5,-0.0,162.9,ASK
957,1712381130.4153812,2707943.06966675,161.5,-0.0,162.9,ASK
958,1712381160.3359926,2707943.06966675,161.5,-0.0,162.9,ASK
959,1712381190.3581157,2707943.06966675,161.5,-0.0,162.9,ASK
960,1712381220.3666987,2707943.06966675,161.5,-0.0,162.9,ASK
961,1712381250.3332715,2707943.06966675,161.5,-0.0,162.9,ASK
962,1712381280.4025526,2707943.06966675,161.5,-0.0,162.9,ASK
963,1712381310.4121523,2707943.06966675,161.5,-0.0,162.9,ASK
964,1712381340.3545945,2707943.06966675,161.5,-0.0,162.9,ASK
965,1712381370.3573842,2707943.06966675,161.5,-0.0,162.9,ASK
966,1712381400.363967,2707943.06966675,161.5,-0.0,162.9,ASK
967,1712381412.2107203,2708152.09319616,161.5,1.1356608327232585e-07,162.9,BID
968,1712381430.311771,2708152.09319616,161.5,0.0,162.9,BID
969,1712381440.0304103,2709092.64737572,161.5,5.110099113178862e-07,162.9,BID
970,1712381453.7675388,2713847.4098152,161.5,2.5832969384848785e-06,162.9,BID
971,1712381453.771836,2715284.59784011,161.6,7.808346835477977e-07,162.9,BID
972,1712381460.419953,2715284.59784011,161.6,0.0,162.9,BID
973,1712381471.0999706,2732253.50811238,161.6,9.213565199309118e-06,162.9,BID
974,1712381490.3997884,2732253.50811238,161.6,0.0,162.9,BID
975,1712381520.3410888,2732253.50811238,161.6,0.0,162.9,BID
976,1712381550.3141584,2732253.50811238,161.6,0.0,162.9,BID
977,1712381580.4407618,2732253.50811238,161.6,0.0,162.9,BID
978,1712381610.4185054,2732253.50811238,161.6,0.0,162.9,BID
979,1712381640.295249,2732253.50811238,161.6,0.0,162.9,BID
980,1712381670.3344429,2732253.50811238,161.6,0.0,162.9,BID
981,1712381683.398772,2738226.38154621,161.6,3.238254121029146e-06,162.9,BID
982,1712381700.4074488,2738226.38154621,161.6,0.0,162.9,BID
983,1712381730.417383,2738226.38154621,161.6,0.0,162.9,BID
984,1712381760.3268044,2738226.38154621,161.6,0.0,162.9,BID
985,1712381790.342524,2738226.38154621,161.6,0.0,162.9,BID
986,1712381820.4062655,2738226.38154621,161.6,0.0,162.9,BID
987,1712381828.3711002,2738350.14392244,161.8,6.812930454501307e-08,162.9,BID
988,1712381850.3972104,2738350.14392244,161.8,0.0,162.9,BID
989,1712381865.3061502,2738387.22674073,161.8,2.041330207401656e-08,162.9,BID
990,1712381877.4363365,2738987.22674073,161.5,-3.302872275929624e-07,162.9,ASK
991,1712381877.4440267,2739805.87379955,161.5,-4.506477790579217e-07,162.9,ASK
992,1712381877.4562707,2740305.87379955,161.6,-2.752393563274686e-07,162.9,ASK
993,1712381877.4597614,2744272.39208839,161.5,-2.1834838813629488e-06,162.9,ASK
994,1712381877.4632175,2744583.01360566,161.4,-1.7099053294964257e-07,162.9,ASK
995,1712381880.3302915,2744583.01360566,161.4,-0.0,162.9,ASK
996,1712381888.6260097,2744620.05935966,161.8,2.03816048499323e-08,162.9,BID
997,1712381910.3459249,2744620.05935966,161.8,0.0,162.9,BID
998,1712381940.4054215,2744620.05935966,161.8,0.0,162.9,BID
999,1712381970.408275,2744620.05935966,161.8,0.0,162.9,BID
1000,1712382000.3499331,2744620.05935966,161.8,0.0,162.9,BID
1201,1712382030.3039658,2744620.05935966,161.8,0.0,162.9,BID
1202,1712382060.445296,2744620.05935966,161.8,0.0,162.9,BID
1203,1712382090.4056282,2744620.05935966,161.8,0.0,162.9,BID
1204,1712382120.33097,2744620.05935966,161.8,0.0,162.9,BID
1205,1712382131.0549817,2744653.14541243,161.8,1.8363893631882043e-08,162.9,BID
1206,1712382131.2149794,2746439.98234689,161.8,9.917557597391363e-07,162.9,BID
1207,1712382131.217388,2747046.15527017,161.8,3.364467548587495e-07,162.9,BID
1208,1712382131.2199626,2765237.45330457,161.9,1.009679409173468e-05,162.9,BID
1209,1712382131.2222846,2771456.3587772,161.8,3.45170575042884e-06,162.9,BID
1210,1712382131.2247124,2775828.04967432,161.9,2.426438329879657e-06,162.9,BID
1211,1712382150.324191,2775828.04967432,161.9,0.0,162.9,BID
1212,1712382180.4147236,2775828.04967432,161.9,0.0,162.9,BID
1213,1712382208.2248943,2777328.04967432,161.9,8.302235865320301e-07,162.9,BID
1214,1712382210.4044778,2777328.04967432,161.9,0.0,162.9,BID
1215,1712382240.3081272,2777328.04967432,161.9,0.0,162.9,BID
1216,1712382270.3455703,2777328.04967432,161.9,0.0,162.9,BID
1217,1712382300.3592489,2777328.04967432,161.9,0.0,162.9,BID
1218,1712382330.299084,2777328.04967432,161.9,0.0,162.9,BID
1219,1712382360.4042451,2777328.04967432,161.9,0.0,162.9,BID
1220,1712382390.4148493,2777328.04967432,161.9,0.0,162.9,BID
1221,1712382420.3230512,2777328.04967432,161.9,0.0,162.9,BID
1222,1712382446.669859,2777675.26424983,161.9,2.0489814722595977e-07,162.9,BID
1223,1712382446.6713495,2778904.20161996,161.9,7.252201029478246e-07,162.9,BID
1224,1712382446.7435808,2778966.00631711,161.8,-3.647216686475444e-08,162.9,ASK
1225,1712382450.347683,2778966.00631711,161.8,-0.0,162.9,ASK
1226,1712382455.1537616,2779389.59342496,161.8,2.499279694758264e-07,162.9,BID
1227,1712382455.1652026,2780541.55352496,161.8,6.796879399169748e-07,162.9,BID
1228,1712382480.4132984,2780541.55352496,161.8,0.0,162.9,BID
1229,1712382486.0132997,2781216.33282496,161.8,3.9807835175449563e-07,162.9,BID
1230,1712382486.016051,2789965.35574992,161.8,5.161386286494191e-06,162.9,BID
1231,1712382498.2633717,2793040.29446583,161.8,1.8140250238492369e-06,162.9,BID
1232,1712382498.2660522,2795392.30562344,161.8,1.3875421562716785e-06,162.9,BID
1233,1712382510.4044116,2795392.30562344,161.8,0.0,162.9,BID
1234,1712382530.313093,2796208.12122344,161.9,4.805998412609534e-07,162.9,BID
1235,1712382530.3160686,2796764.08442344,161.9,3.275198778584694e-07,162.9,BID
1236,1712382540.2875166,2796764.08442344,161.9,0.0,162.9,BID
1237,1712382551.5829992,2803020.02335043,161.9,-3.684913525835809e-06,162.9,ASK
1238,1712382570.3460286,2803020.02335043,161.9,-0.0,162.9,ASK
1239,1712382600.3277802,2803020.02335043,161.9,-0.0,162.9,ASK
1240,1712382630.3184676,2803020.02335043,161.9,-0.0,162.9,ASK
1241,1712382660.3988698,2803020.02335043,161.9,-0.0,162.9,ASK
1242,1712382690.4120908,2803020.02335043,161.9,-0.0,162.9,ASK
1243,1712382720.314044,2803020.02335043,161.9,-0.0,162.9,ASK
1244,1712382745.8041706,2809192.8628566,162.0,3.6760623109976825e-06,162.9,BID
1245,1712382745.8056884,2811013.68933936,162.1,1.084342400519451e-06,162.9,BID
1246,1712382745.807133,2812226.03518593,162.0,7.219787376643683e-07,162.9,BID
1247,1712382750.311366,2812226.03518593,162.0,0.0,162.9,BID
1248,1712382780.6182775,2812226.03518593,162.0,0.0,162.9,BID
1249,1712382810.4019802,2812226.03518593,162.0,0.0,162.9,BID
1250,1712382830.0422792,2812823.32252931,162.0,3.553821398736947e-07,162.9,BID
1251,1712382830.181848,2814819.34960208,162.0,-1.187623311005777e-06,162.9,ASK
1252,1712382830.2617812,2815226.03518593,162.0,-2.419753149739871e-07,162.9,ASK
1253,1712382830.3620214,2815280.07298593,161.8,-3.2152144543041275e-08,162.9,ASK
1254,1712382830.365004,2815359.01048593,161.8,-4.696730640151913e-08,162.9,ASK
1255,1712382840.3294756,2815359.01048593,161.8,-0.0,162.9,ASK
1256,1712382857.7719588,2815394.84278463,162.0,2.1313551972649843e-08,162.9,BID
1257,1712382870.3024116,2815394.84278463,162.0,0.0,162.9,BID
1258,1712382900.3923984,2815394.84278463,162.0,0.0,162.9,BID
1259,1712382930.4015684,2815394.84278463,162.0,0.0,162.9,BID
1260,1712382960.3042092,2815394.84278463,162.0,0.0,162.9,BID
1261,1712382990.309013,2815394.84278463,162.0,0.0,162.9,BID
1262,1712383020.412179,2815394.84278463,162.0,0.0,162.9,BID
1263,1712383050.4020655,2815394.84278463,162.0,0.0,162.9,BID
1264,1712383080.330274,2815394.84278463,162.0,0.0,162.9,BID
1265,1712383103.3745422,2815430.69709334,161.8,2.1437215987814903e-08,162.9,BID
1266,1712383110.3435266,2815430.69709334,161.8,0.0,162.9,BID
1267,1712383140.3242466,2815430.69709334,161.8,0.0,162.9,BID
1268,1712383170.3193958,2815430.69709334,161.8,0.0,162.9,BID
1269,1712383187.683555,2815670.14422068,161.8,1.4316443872145758e-07,162.9,BID
1270,1712383200.3936386,2815670.14422068,161.8,0.0,162.9,BID
1271,1712383230.308702,2815670.14422068,161.8,0.0,162.9,BID
1272,1712383260.4150157,2815670.14422068,161.8,0.0,162.9,BID
1273,1712383290.4056108,2815670.14422068,161.8,0.0,162.9,BID
1274,1712383320.289013,2815670.14422068,161.8,0.0,162.9,BID
1275,1712383320.8567088,2815705.99852939,161.8,2.176327584287012e-08,162.9,BID
1276,1712383350.309463,2815705.99852939,161.8,0.0,162.9,BID
1277,1712383380.4278636,2815705.99852939,161.8,0.0,162.9,BID
1278,1712383382.108508,2818081.91214662,161.8,1.4421553005366055e-06,162.9,BID
1279,1712383382.112225,2818583.63845696,162.0,3.0454274626339417e-07,162.9,BID
1280,1712383382.1158652,2822395.39536154,162.1,2.3136975117409835e-06,162.9,BID
1281,1712383382.119569,2823095.39536154,162.0,4.248928509246765e-07,162.9,BID
1282,1712383410.407899,2823095.39536154,162.0,0.0,162.9,BID
1283,1712383440.346773,2823095.39536154,162.0,0.0,162.9,BID
1284,1712383470.328613,2823095.39536154,162.0,0.0,162.9,BID
1285,1712383500.422246,2823095.39536154,162.0,0.0,162.9,BID
1286,1712383530.4094994,2823095.39536154,162.0,0.0,162.9,BID
1287,1712383550.6495426,2824055.23491738,162.0,5.825795582636453e-07,162.9,BID
1288,1712383560.309178,2824055.23491738,162.0,0.0,162.9,BID
1289,1712383584.6601868,2834768.20626266,162.0,6.50167947790474e-06,162.9,BID
1290,1712383584.6641762,2835017.87357717,162.0,1.515225610836245e-07,162.9,BID
1291,1712383584.759955,2836184.46457717,162.0,-7.080015916545901e-07,162.9,ASK
1292,1712383584.7801478,2836979.47467717,162.0,-4.824899353599666e-07,162.9,ASK
1293,1712383584.8601186,2838215.91017717,162.0,-7.503900698513838e-07,162.9,ASK
1294,1712383584.8798168,2839058.51807717,162.0,-5.113769387393264e-07,162.9,ASK
1295,1712383584.960897,2841116.34984709,162.1,1.2488937155015693e-06,162.9,BID
1296,1712383585.0599508,2841523.03543181,162.1,2.4681661463605724e-07,162.9,BID
1297,1712383587.810927,2841558.84574751,162.1,2.1733204279047972e-08,162.9,BID
1298,1712383590.3265753,2841558.84574751,162.1,0.0,162.9,BID
1299,1712383620.410271,2841558.84574751,162.1,0.0,162.9,BID
1300,1712383633.5306797,2841722.80234751,162.1,9.933395120525596e-08,162.9,BID
1301,1712383633.534222,2846558.84574751,162.1,2.9299418207113605e-06,162.9,BID
1302,1712383650.3923852,2846558.84574751,162.1,0.0,162.9,BID
1303,1712383680.3237088,2846558.84574751,162.1,0.0,162.9,BID
1304,1712383710.3208966,2846558.84574751,162.1,0.0,162.9,BID
1305,1712383740.4117885,2846558.84574751,162.1,0.0,162.9,BID
1306,1712383770.4017675,2846558.84574751,162.1,0.0,162.9,BID
1307,1712383786.8719797,2846761.00769776,162.2,1.224207454105379e-07,162.9,BID
1308,1712383800.352734,2846761.00769776,162.2,0.0,162.9,BID
1309,1712383816.2420986,2847063.48469776,162.2,1.833501815534129e-07,162.9,BID
1310,1712383816.2454352,2849271.63240861,162.2,1.338496096169824e-06,162.9,BID
1311,1712383816.3619175,2849418.36530861,162.2,-8.894396550749277e-08,162.9,ASK
1312,1712383816.381887,2849518.41300861,162.2,-6.064515304966421e-08,162.9,ASK
1313,1712383816.4700463,2850047.12370861,162.2,-3.2048454207849733e-07,162.9,ASK
1314,1712383816.48182,2850671.24110861,162.2,-3.783164954711844e-07,162.9,ASK
1315,1712383818.7120223,2850912.77160645,162.3,1.4640670407892974e-07,162.9,BID
1316,1712383825.1224542,2851036.80462961,161.5,-7.518415388607741e-08,162.9,ASK
1317,1712383830.3261094,2851036.80462961,161.5,-0.0,162.9,ASK
1318,1712383857.2922585,2851129.28305131,162.2,5.603338722418543e-08,162.9,BID
1319,1712383860.4221582,2851129.28305131,162.2,0.0,162.9,BID
1320,1712383890.4027376,2851129.28305131,162.2,0.0,162.9,BID
1321,1712383920.3395257,2851129.28305131,162.2,0.0,162.9,BID
1322,1712383950.334197,2851129.28305131,162.2,0.0,162.9,BID
1323,1712383980.4236467,2851129.28305131,162.2,0.0,162.9,BID
1324,1712384010.4132206,2851129.28305131,162.2,0.0,162.9,BID
1325,1712384040.3586688,2851129.28305131,162.2,0.0,162.9,BID
1326,1712384069.5138223,2851190.24733427,162.2,3.693839237710625e-08,162.9,BID
1327,1712384069.5171888,2851314.23989471,162.2,7.512736354842645e-08,162.9,BID
1328,1712384070.334296,2851314.23989471,162.2,0.0,162.9,BID
1329,1712384100.3476343,2851314.23989471,162.2,0.0,162.9,BID
1330,1712384130.320295,2851314.23989471,162.2,0.0,162.9,BID
1331,1712384160.4046612,2851314.23989471,162.2,0.0,162.9,BID
1332,1712384190.4148204,2851314.23989471,162.2,0.0,162.9,BID
1333,1712384217.9851022,2851389.98280469,162.2,4.6517998746743227e-08,162.9,BID
1334,1712384220.3151257,2851389.98280469,162.2,0.0,162.9,BID
1335,1712384224.4951663,2851465.72571467,161.7,-4.651764776088504e-08,162.9,ASK
1336,1712384250.3268263,2851465.72571467,161.7,-0.0,162.9,ASK
1337,1712384263.9754586,2852393.36949946,161.7,-5.697098548039246e-07,162.9,ASK
1338,1712384280.4151056,2852393.36949946,161.7,-0.0,162.9,ASK
1339,1712384297.2253726,2852693.36949946,161.7,-1.842271956498505e-07,162.9,ASK
1340,1712384302.525331,2852842.830042,162.1,9.178232204153845e-08,162.9,BID
1341,1712384310.4253972,2852842.830042,162.1,0.0,162.9,BID
1342,1712384340.3212368,2852842.830042,162.1,0.0,162.9,BID
1343,1712384370.343368,2852842.830042,162.1,0.0,162.9,BID
1344,1712384376.845719,2852888.3555787,162.1,2.7955557818875776e-08,162.9,BID
1345,1712384394.395689,2853043.81574541,162.1,9.546237109990945e-08,162.9,BID
1346,1712384400.357711,2853043.81574541,162.1,0.0,162.9,BID
1347,1712384424.23604,2853354.66738083,162.1,1.927390753861356e-07,162.9,BID
1348,1712384424.239933,2853660.71889161,162.1,1.897628273006651e-07,162.9,BID
1349,1712384430.3253627,2853660.71889161,162.1,0.0,162.9,BID
1350,1712384460.3475964,2853660.71889161,162.1,0.0,162.9,BID
1351,1712384490.331776,2853660.71889161,162.1,0.0,162.9,BID
1352,1712384520.428884,2853660.71889161,162.1,0.0,162.9,BID
1353,1712384550.4158144,2853660.71889161,162.1,0.0,162.9,BID
1354,1712384580.3083544,2853660.71889161,162.1,0.0,162.9,BID
1355,1712384610.357081,2853660.71889161,162.1,0.0,162.9,BID
1356,1712384640.3958764,2853660.71889161,162.1,0.0,162.9,BID
1357,1712384670.416022,2853660.71889161,162.1,0.0,162.9,BID
1358,1712384700.307372,2853660.71889161,162.1,0.0,162.9,BID
1359,1712384708.2263937,2853691.58308914,162.0,1.935220754368414e-08,162.9,BID
1360,1712384730.3329227,2853691.58308914,162.0,0.0,162.9,BID
1361,1712384760.3962572,2853691.58308914,162.0,0.0,162.9,BID
1362,1712384790.4162872,2853691.58308914,162.0,0.0,162.9,BID
1363,1712384802.866427,2854463.18802741,162.0,4.838036718546053e-07,162.9,BID
1364,1712384820.300057,2854463.18802741,162.0,0.0,162.9,BID
1365,1712384826.4965136,2855234.01866147,162.0,4.832802980429338e-07,162.9,BID
1366,1712384850.3311875,2855234.01866147,162.0,0.0,162.9,BID
1367,1712384880.3965125,2855234.01866147,162.0,0.0,162.9,BID
1368,1712384910.42653,2855234.01866147,162.0,0.0,162.9,BID
1369,1712384940.3424113,2855234.01866147,162.0,0.0,162.9,BID
1370,1712384970.3273098,2855234.01866147,162.0,0.0,162.9,BID
1371,1712384990.2968862,2855339.92142708,162.0,6.639164450552944e-08,162.9,BID
1372,1712385000.4075358,2855339.92142708,162.0,0.0,162.9,BID
1373,1712385030.320976,2855339.92142708,162.0,0.0,162.9,BID
1374,1712385060.4219482,2855339.92142708,162.0,0.0,162.9,BID
1375,1712385090.4072554,2855339.92142708,162.0,0.0,162.9,BID
1376,1712385120.3591893,2855339.92142708,162.0,0.0,162.9,BID
1377,1712385150.3356302,2855339.92142708,162.0,0.0,162.9,BID
1378,1712385164.378132,2855648.94491286,161.8,-1.9674213798553122e-07,162.9,ASK
1379,1712385164.382338,2855929.99300285,161.8,-1.7893139080274389e-07,162.9,ASK
1380,1712385180.427176,2855929.99300285,161.8,-0.0,162.9,ASK
1381,1712385210.4262908,2855929.99300285,161.8,-0.0,162.9,ASK
1382,1712385210.7163131,2856050.58587235,161.8,-7.67716953829435e-08,162.9,ASK
1383,1712385210.7181382,2856102.45116343,161.8,-3.3018422600724455e-08,162.9,ASK
1384,1712385240.3389454,2856102.45116343,161.8,-0.0,162.9,ASK
1385,1712385270.33584,2856102.45116343,161.8,-0.0,162.9,ASK
1386,1712385299.2046654,2856720.88035328,161.7,-3.9369669361378644e-07,162.9,ASK
1387,1712385300.4043534,2856720.88035328,161.7,-0.0,162.9,ASK
1388,1712385327.7758985,2857129.49197974,161.7,-2.619823270029401e-07,162.9,ASK
1389,1712385327.7794356,2858615.32641062,161.7,-9.526463187432284e-07,162.9,ASK
1390,1712385330.40366,2858615.32641062,161.7,-0.0,162.9,ASK
1391,1712385360.3711102,2858615.32641062,161.7,-0.0,162.9,ASK
1392,1712385382.5526505,2868548.4518724,161.6,-6.367396687246681e-06,162.9,ASK
1393,1712385390.3245702,2868548.4518724,161.6,-0.0,162.9,ASK
1394,1712385420.391905,2868548.4518724,161.6,-0.0,162.9,ASK
1395,1712385450.4113388,2868548.4518724,161.6,-0.0,162.9,ASK
1396,1712385480.3186452,2868548.4518724,161.6,-0.0,162.9,ASK
1397,1712385510.3131857,2868548.4518724,161.6,-0.0,162.9,ASK
1398,1712385540.4204006,2868548.4518724,161.6,-0.0,162.9,ASK
1399,1712385570.4095712,2868548.4518724,161.6,-0.0,162.9,ASK
1400,1712385600.3594246,2868548.4518724,161.6,-0.0,162.9,ASK
1401,1712385630.303965,2868548.4518724,161.6,-0.0,162.9,ASK
1402,1712385660.408111,2868548.4518724,161.6,-0.0,162.9,ASK
1403,1712385682.2379372,2869108.04896249,162.0,3.6084465401279633e-07,162.9,BID
1404,1712385682.241869,2873256.07781329,162.0,2.674770941465812e-06,162.9,BID
1405,1712385690.4077563,2873256.07781329,162.0,0.0,162.9,BID
1406,1712385720.316089,2873256.07781329,162.0,0.0,162.9,BID
1407,1712385750.3366094,2873256.07781329,162.0,0.0,162.9,BID
1408,1712385780.396753,2873256.07781329,162.0,0.0,162.9,BID
1409,1712385810.3862228,2873256.07781329,162.0,0.0,162.9,BID
1410,1712385840.298659,2873256.07781329,162.0,0.0,162.9,BID
1411,1712385870.3454769,2873256.07781329,162.0,0.0,162.9,BID
1412,1712385890.5963857,2873878.05058546,162.0,-4.008691921256976e-07,162.9,ASK
1413,1712385900.3814583,2873878.05058546,162.0,-0.0,162.9,ASK
1414,1712385930.2916048,2873878.05058546,162.0,-0.0,162.9,ASK
1415,1712385960.4151466,2873878.05058546,162.0,-0.0,162.9,ASK
1416,1712385964.5551777,2876843.67079395,162.0,-1.9190593259540794e-06,162.9,ASK
1417,1712385964.5577157,2883878.05058546,162.0,-4.551962554932992e-06,162.9,ASK
1418,1712385990.3950796,2883878.05058546,162.0,-0.0,162.9,ASK
1419,1712386020.2899835,2883878.05058546,162.0,-0.0,162.9,ASK
1420,1712386050.307844,2883878.05058546,162.0,-0.0,162.9,ASK
1421,1712386080.3964596,2883878.05058546,162.0,-0.0,162.9,ASK
1422,1712386110.4043474,2883878.05058546,162.0,-0.0,162.9,ASK
1423,1712386140.2994084,2883878.05058546,162.0,-0.0,162.9,ASK
1424,1712386170.3208015,2883878.05058546,162.0,-0.0,162.9,ASK
1425,1712386200.346823,2883878.05058546,162.0,-0.0,162.9,ASK
1426,1712386230.393546,2883878.05058546,162.0,-0.0,162.9,ASK
1427,1712386260.327109,2883878.05058546,162.0,-0.0,162.9,ASK
1428,1712386290.2798424,2883878.05058546,162.0,-0.0,162.9,ASK
1429,1712386320.4027066,2883878.05058546,162.0,-0.0,162.9,ASK
1430,1712386329.9227028,2883940.17480906,162.0,-4.024820656588492e-08,162.9,ASK
1431,1712386350.402594,2883940.17480906,162.0,-0.0,162.9,ASK
1432,1712386380.4629233,2883940.17480906,162.0,-0.0,162.9,ASK
1433,1712386410.2918794,2883940.17480906,162.0,-0.0,162.9,ASK
1434,1712386440.3920257,2883940.17480906,162.0,-0.0,162.9,ASK
1435,1712386470.401936,2883940.17480906,162.0,-0.0,162.9,ASK
1436,1712386482.082214,2883990.17480906,162.2,3.2393116411330755e-08,162.9,BID
1437,1712386491.5418415,2884065.94854518,162.2,4.909094910096131e-08,162.9,BID
1438,1712386500.320095,2884065.94854518,162.2,0.0,162.9,BID
1439,1712386530.2984433,2884065.94854518,162.2,0.0,162.9,BID
1440,1712386560.4310958,2884065.94854518,162.2,0.0,162.9,BID
1441,1712386590.401294,2884065.94854518,162.2,0.0,162.9,BID
1442,1712386590.5657344,2884312.86212543,162.0,-1.6025226162407941e-07,162.9,ASK
1443,1712386620.3186662,2884312.86212543,162.0,-0.0,162.9,ASK
1444,1712386650.3097825,2884312.86212543,162.0,-0.0,162.9,ASK
1445,1712386680.4011989,2884312.86212543,162.0,-0.0,162.9,ASK
1446,1712386701.6008391,2884388.97317649,162.2,4.9396438296368135e-08,162.9,BID
1447,1712386710.400731,2884388.97317649,162.2,0.0,162.9,BID
1448,1712386740.2999218,2884388.97317649,162.2,0.0,162.9,BID
1449,1712386740.454281,2884450.62545762,162.2,4.00123064699028e-08,162.9,BID
1450,1712386770.3188078,2884450.62545762,162.2,0.0,162.9,BID
1451,1712386782.3208084,2891491.58124331,162.0,-4.569547909569533e-06,162.9,ASK
1452,1712386782.3261793,2895581.31230135,162.0,-2.6542166398698103e-06,162.9,ASK
1453,1712386800.3486896,2895581.31230135,162.0,-0.0,162.9,ASK
1454,1712386807.000332,2895642.96458248,162.2,4.03009617129502e-08,162.9,BID
1455,1712386830.3262737,2895642.96458248,162.2,0.0,162.9,BID
1456,1712386845.0563526,2901738.16203799,162.2,3.9842923745268805e-06,162.9,BID
1457,1712386845.059733,2905886.1908888,162.2,2.711472407618235e-06,162.9,BID
1458,1712386845.0620265,2906250.83331425,162.3,2.3835848563629081e-07,162.9,BID
1459,1712386845.0638847,2906342.30857641,162.2,5.979530476937238e-08,162.9,BID
1460,1712386845.0658877,2909387.34852001,162.3,1.990473568078768e-06,162.9,BID
1461,1712386845.0677586,2917058.61750811,162.2,5.014534599630157e-06,162.9,BID
1462,1712386846.0102837,2923553.47212667,162.3,-4.245539200210236e-06,162.9,ASK
1463,1712386846.3711886,2925159.65312667,162.3,-1.0499241012486497e-06,162.9,ASK
1464,1712386846.3754475,2927516.54922667,162.3,-1.5406495404497792e-06,162.9,ASK
1465,1712386852.9603183,3018947.52685128,162.3,-5.976635697272731e-05,162.9,ASK
1466,1712386852.9648547,3020427.52685128,162.3,-9.67442442569132e-07,162.9,ASK
1467,1712386853.0603683,3021987.52685128,162.2,-1.01973662865395e-06,162.9,ASK
1468,1712386860.40275,3021987.52685128,162.2,-0.0,162.9,ASK
1469,1712386884.401846,3022110.83141354,162.2,7.953539582047901e-08,162.9,BID
1470,1712386890.410004,3022110.83141354,162.2,0.0,162.9,BID
1471,1712386920.2826111,3022110.83141354,162.2,0.0,162.9,BID
1472,1712386950.3642569,3022110.83141354,162.2,0.0,162.9,BID
1473,1712386970.60982,3022172.30655832,162.2,3.9652927737155394e-08,162.9,BID
1474,1712386980.392514,3022172.30655832,162.2,0.0,162.9,BID
1475,1712387010.3896222,3022172.30655832,162.2,0.0,162.9,BID
1476,1712387040.3089569,3022172.30655832,162.2,0.0,162.9,BID
1477,1712387070.3473215,3022172.30655832,162.2,0.0,162.9,BID
1478,1712387100.389223,3022172.30655832,162.2,0.0,162.9,BID
1479,1712387119.3694491,3022321.62191912,162.3,1.0078061587059513e-07,162.9,BID
1480,1712387130.4296138,3022321.62191912,162.3,0.0,162.9,BID
1481,1712387160.3132732,3022321.62191912,162.3,0.0,162.9,BID
1482,1712387190.3133922,3022321.62191912,162.3,0.0,162.9,BID
1483,1712387220.416403,3022321.62191912,162.3,0.0,162.9,BID
1484,1712387250.3696969,3022321.62191912,162.3,0.0,162.9,BID
1485,1712387280.307448,3022321.62191912,162.3,0.0,162.9,BID
1486,1712387310.2885125,3022321.62191912,162.3,0.0,162.9,BID
1487,1712387328.4805148,3022937.76486428,162.3,4.158597580854144e-07,162.9,BID
1488,1712387336.7503822,3024331.28355427,162.2,-9.4054204443835e-07,162.9,ASK
1489,1712387336.753914,3024454.58811653,162.2,-8.32232290170145e-08,162.9,ASK
1490,1712387336.8516142,3025346.73341653,162.1,-6.021448943781561e-07,162.9,ASK
1491,1712387336.8599956,3030837.21811653,162.1,-3.705749870303306e-06,162.9,ASK
1492,1712387336.8650546,3032337.21811653,162.1,-1.012410581064833e-06,162.9,ASK
1493,1712387340.3802717,3032337.21811653,162.1,-0.0,162.9,ASK
1494,1712387341.010353,3033199.78723196,162.1,-5.815453764681581e-07,162.9,ASK
1495,1712387341.0704808,3033261.51562702,162.0,-4.1617375468122425e-08,162.9,ASK
1496,1712387341.0748675,3036121.53349945,162.0,-1.9282282898564626e-06,162.9,ASK
1497,1712387341.09033,3038693.54606071,162.0,-1.7340546820690298e-06,162.9,ASK
1498,1712387346.130281,3039265.82176071,162.0,-3.858291253960591e-07,162.9,ASK
1499,1712387346.15068,3040597.04446071,162.0,-8.975123180117581e-07,162.9,ASK
1500,1712387351.6303132,3040674.34336071,162.0,-5.21150329832739e-08,162.9,ASK
1501,1712387351.6503444,3040787.92286071,162.0,-7.657546729302973e-08,162.9,ASK
1502,1712387370.3908002,3040787.92286071,162.0,-0.0,162.9,ASK
1503,1712387377.4806006,3040882.12746099,162.3,6.345430970550045e-08,162.9,BID
1504,1712387400.3406277,3040882.12746099,162.3,0.0,162.9,BID
1505,1712387430.2958686,3040882.12746099,162.3,0.0,162.9,BID
1506,1712387460.3906846,3040882.12746099,162.3,0.0,162.9,BID
1507,1712387490.400879,3040882.12746099,162.3,0.0,162.9,BID
1508,1712387520.2861214,3040882.12746099,162.3,0.0,162.9,BID
1509,1712387550.3110533,3040882.12746099,162.3,0.0,162.9,BID
1510,1712387580.3911824,3040882.12746099,162.3,0.0,162.9,BID
1511,1712387610.3914168,3040882.12746099,162.3,0.0,162.9,BID
1512,1712387627.711663,3040972.19356675,162.0,-6.11981386023667e-08,162.9,ASK
1513,1712387637.8119977,3052370.92744085,162.0,-7.745214358216337e-06,162.9,ASK
1514,1712387637.8173697,3052470.92744085,162.0,-6.794802338367335e-08,162.9,ASK
1515,1712387640.3028395,3052470.92744085,162.0,-0.0,162.9,ASK
1516,1712387643.352095,3064182.27028519,161.7,-7.947487790191748e-06,162.9,ASK
1517,1712387643.3585894,3081573.71318821,161.6,-1.1802086401421302e-05,162.9,ASK
1518,1712387643.3627577,3082181.15359655,161.8,-4.1221790641078297e-07,162.9,ASK
1519,1712387670.3108182,3082181.15359655,161.8,-0.0,162.9,ASK
1520,1712387700.3702464,3082181.15359655,161.8,-0.0,162.9,ASK
1521,1712387710.2319522,3082242.15359655,161.9,4.1458940761301535e-08,162.9,BID
1522,1712387710.2376077,3082281.15359655,162.0,2.650653589656983e-08,162.9,BID
1523,1712387730.3000395,3082281.15359655,162.0,0.0,162.9,BID
1524,1712387758.0621665,3082898.43754716,162.0,4.195353618485406e-07,162.9,BID
1525,1712387760.401922,3082898.43754716,162.0,0.0,162.9,BID
1526,1712387762.7220516,3082998.43754716,162.0,6.796010972989258e-08,162.9,BID
1527,1712387762.7268426,3087986.15029702,162.0,3.389655057816868e-06,162.9,BID
1528,1712387783.302127,3088025.41879702,162.3,2.6686915689128435e-08,162.9,BID
1529,1712387783.307962,3094175.05339702,162.3,4.179298422147434e-06,162.9,BID
1530,1712387790.4221582,3094175.05339702,162.3,0.0,162.9,BID
1531,1712387803.822348,3094675.05339702,162.4,3.3937878055295616e-07,162.9,BID
1532,1712387803.8271854,3094706.90617306,162.8,2.162031257958253e-08,162.9,BID
1533,1712387803.8318172,3095312.07777306,162.4,4.107647992665637e-07,162.9,BID
1534,1712387803.835318,3095387.85150918,162.7,5.1431996324514984e-08,162.9,BID
1535,1712387803.8373706,3095800.26470918,162.4,2.799285778000892e-07,162.9,BID
1536,1712387803.839469,3096575.05339702,162.9,5.25893680130483e-07,162.9,BID
1537,1712387804.2464645,3098937.3610179,162.3,-1.6034341593305505e-06,162.9,ASK
1538,1712387804.2486508,3100377.3610179,162.3,-9.774108879925138e-07,162.9,ASK
1539,1712387804.3621268,3100496.2660179,162.2,-8.070766780315945e-08,162.9,ASK
1540,1712387804.3887365,3102600.08491407,162.3,1.4279829829730446e-06,162.9,BID
1541,1712387804.4821146,3103947.52757427,162.3,9.145868937673764e-07,162.9,BID
1542,1712387804.4867232,3104199.01457427,162.3,1.706987027699766e-07,162.9,BID
1543,1712387810.572576,3104299.01457427,162.7,6.787575611059126e-08,162.9,BID
1544,1712387820.3185687,3104299.01457427,162.7,0.0,162.9,BID
1545,1712387850.3112438,3104299.01457427,162.7,0.0,162.9,BID
1546,1712387880.4020257,3104299.01457427,162.7,0.0,162.9,BID
1547,1712387910.402203,3104299.01457427,162.7,0.0,162.9,BID
1548,1712387940.291407,3104299.01457427,162.7,0.0,162.9,BID
1549,1712387970.2988048,3104299.01457427,162.7,0.0,162.9,BID
1550,1712388000.345931,3104299.01457427,162.7,0.0,162.9,BID
1551,1712388007.1424098,3104344.37880565,162.6,3.0904527785933234e-08,162.9,BID
1552,1712388030.296847,3104344.37880565,162.6,0.0,162.9,BID
1553,1712388060.3927562,3104344.37880565,162.6,0.0,162.9,BID
1554,1712388090.3823092,3104344.37880565,162.6,0.0,162.9,BID
1555,1712388120.3052473,3104344.37880565,162.6,0.0,162.9,BID
1556,1712388150.302957,3104344.37880565,162.6,0.0,162.9,BID
1557,1712388180.3970966,3104344.37880565,162.6,0.0,162.9,BID
1558,1712388210.3839145,3104344.37880565,162.6,0.0,162.9,BID
1559,1712388238.712672,3110202.96968443,162.6,3.9911637268499145e-06,162.9,BID
1560,1712388238.7185798,3110494.44030626,162.6,1.985642959816891e-07,162.9,BID
1561,1712388240.307452,3110494.44030626,162.6,0.0,162.9,BID
1562,1712388270.2939613,3110494.44030626,162.6,0.0,162.9,BID
1563,1712388300.3822677,3110494.44030626,162.6,0.0,162.9,BID
1564,1712388330.402383,3110494.44030626,162.6,0.0,162.9,BID
1565,1712388360.2955186,3110494.44030626,162.6,0.0,162.9,BID
1566,1712388390.3150291,3110494.44030626,162.6,0.0,162.9,BID
1567,1712388395.462793,3110588.58732692,162.1,-6.440460103215297e-08,162.9,ASK
1568,1712388395.4682007,3110735.9708041,162.2,-1.0082288297514813e-07,162.9,ASK
1569,1712388414.3524928,3110882.49095062,162.2,1.002322910868321e-07,162.9,BID
1570,1712388414.4421332,3111204.16446918,162.4,-2.2005215332550618e-07,162.9,ASK
1571,1712388420.4023056,3111204.16446918,162.4,-0.0,162.9,ASK
1572,1712388450.392192,3111204.16446918,162.4,-0.0,162.9,ASK
1573,1712388480.2896438,3111204.16446918,162.4,-0.0,162.9,ASK
1574,1712388501.1425183,3111293.65416918,162.4,6.121377314068307e-08,162.9,BID
1575,1712388501.1480656,3111585.12479101,162.6,1.9937508475171925e-07,162.9,BID
1576,1712388501.1528003,3111783.00299101,162.4,1.353549206704553e-07,162.9,BID
1577,1712388501.252328,3111804.16446918,162.6,-1.4475117516704438e-08,162.9,ASK
1578,1712388510.2945282,3111804.16446918,162.6,-0.0,162.9,ASK
1579,1712388536.022437,3111997.98636918,162.5,1.325714418976735e-07,162.9,BID
1580,1712388536.028443,3112282.39886918,162.5,1.9453413272061001e-07,162.9,BID
1581,1712388536.033951,3112304.16446918,162.6,1.48873629645342e-08,162.9,BID
1582,1712388540.3921924,3112304.16446918,162.6,0.0,162.9,BID
1583,1712388570.3921998,3112304.16446918,162.6,0.0,162.9,BID
1584,1712388581.6424558,3112435.01736918,162.6,8.94965615224073e-08,162.9,BID
1585,1712388581.646372,3112692.42786918,162.6,1.760553617826994e-07,162.9,BID
1586,1712388581.7425022,3112791.92556918,162.6,-6.805123944042993e-08,162.9,ASK
1587,1712388600.502304,3112791.92556918,162.6,-0.0,162.9,ASK
1588,1712388630.3921208,3112791.92556918,162.6,-0.0,162.9,ASK
1589,1712388660.2882445,3112791.92556918,162.6,-0.0,162.9,ASK
1590,1712388690.3053908,3112791.92556918,162.6,-0.0,162.9,ASK
1591,1712388705.0123513,3112853.72164175,162.6,-4.232838530816266e-08,162.9,ASK
1592,1712388706.452273,3113304.16446918,162.6,-3.0853930947015455e-07,162.9,ASK
1593,1712388720.3919885,3113304.16446918,162.6,-0.0,162.9,ASK
1594,1712388750.3824382,3113304.16446918,162.6,-0.0,162.9,ASK
1595,1712388780.3276594,3113304.16446918,162.6,-0.0,162.9,ASK
1596,1712388810.313764,3113304.16446918,162.6,-0.0,162.9,ASK
1597,1712388840.3918834,3113304.16446918,162.6,-0.0,162.9,ASK
1598,1712388870.3967066,3113304.16446918,162.6,-0.0,162.9,ASK
1599,1712388900.2913334,3113304.16446918,162.6,-0.0,162.9,ASK
1600,1712388930.2814877,3113304.16446918,162.6,-0.0,162.9,ASK
1601,1712388960.347643,3113304.16446918,162.6,-0.0,162.9,ASK
1602,1712388990.284739,3113304.16446918,162.6,-0.0,162.9,ASK
1603,1712389020.40172,3113304.16446918,162.6,-0.0,162.9,ASK
1604,1712389050.4116402,3113304.16446918,162.6,-0.0,162.9,ASK
1605,1712389080.3084817,3113304.16446918,162.6,-0.0,162.9,ASK
1606,1712389110.3369672,3113304.16446918,162.6,-0.0,162.9,ASK
1607,1712389125.281748,3114914.42158734,162.6,1.1118221086052127e-06,162.9,BID
1608,1712389125.2882345,3116394.42158734,162.7,1.0218844569469e-06,162.9,BID
1609,1712389125.2942708,3117161.7196572,162.9,5.297905212399611e-07,162.9,BID
1610,1712389125.297353,3118721.7196572,162.8,1.0771214546197051e-06,162.9,BID
1611,1712389140.391561,3118721.7196572,162.8,0.0,162.9,BID
1612,1712389170.4224873,3118721.7196572,162.8,0.0,162.9,BID
1613,1712389200.3517532,3118721.7196572,162.8,0.0,162.9,BID
1614,1712389230.2934802,3118721.7196572,162.8,0.0,162.9,BID
1615,1712389260.3913815,3118721.7196572,162.8,0.0,162.9,BID
1616,1712389290.4451246,3118721.7196572,162.8,0.0,162.9,BID
1617,1712389320.2999256,3118721.7196572,162.8,0.0,162.9,BID
1618,1712389350.3081012,3118721.7196572,162.8,0.0,162.9,BID
1619,1712389380.4241168,3118721.7196572,162.8,0.0,162.9,BID
1620,1712389410.384859,3118721.7196572,162.8,0.0,162.9,BID
1621,1712389440.3401515,3118721.7196572,162.8,0.0,162.9,BID
1622,1712389470.3206382,3118721.7196572,162.8,0.0,162.9,BID
1623,1712389486.7468774,3123007.96396271,162.7,2.98023176339817e-06,162.9,BID
1624,1712389486.7523053,3124447.96396271,162.6,1.0012340485997242e-06,162.9,BID
1625,1712389486.7563832,3126524.03471588,162.7,1.4434949481778165e-06,162.9,BID
1626,1712389500.3517635,3126524.03471588,162.7,0.0,162.9,BID
1627,1712389530.337417,3126524.03471588,162.7,0.0,162.9,BID
1628,1712389542.9275029,3129333.95735136,162.7,1.9633682641710665e-06,162.9,BID
1629,1712389560.4077182,3129333.95735136,162.7,0.0,162.9,BID
1630,1712389590.4081612,3129333.95735136,162.7,0.0,162.9,BID
1631,1712389604.0586784,3131258.55129286,162.7,1.3443359401394626e-06,162.9,BID
1632,1712389620.3082376,3131258.55129286,162.7,0.0,162.9,BID
1633,1712389650.3270357,3131258.55129286,162.7,0.0,162.9,BID
1634,1712389680.389271,3131258.55129286,162.7,0.0,162.9,BID
1635,1712389690.739695,3132727.68765276,162.7,1.0259727414886608e-06,162.9,BID
1636,1712389693.18962,3132774.39939215,162.7,3.262118658924218e-08,162.9,BID
1637,1712389710.392445,3132774.39939215,162.7,0.0,162.9,BID
1638,1712389713.2701032,3132835.93785368,162.5,-4.296804124263313e-08,162.9,ASK
1639,1712389718.7599614,3132897.47631521,162.5,-4.296804124263313e-08,162.9,ASK
1640,1712389726.1400056,3132959.01477674,162.5,4.296804124263313e-08,162.9,BID
1641,1712389728.990233,3133020.55323827,162.5,4.2968041242307983e-08,162.9,BID
1642,1712389732.9703286,3133082.0916998,162.5,4.296804124263313e-08,162.9,BID
1643,1712389735.2803736,3133143.63016133,162.5,4.296804124263313e-08,162.9,BID
