,time,acc_trade_volume,trade_price,dev,high,ask_bid
0,1712365207.2198975,44823864.89578058,165.2,0.0,171.3,ASK
1,1712365207.3386528,44824364.89578058,165.2,-3.9908929695426455e-08,171.3,ASK
2,1712365207.339855,44827025.4789127,165.2,-2.1236205033766325e-07,171.3,ASK
3,1712365211.7288969,44828025.4789127,165.3,-7.98178593908529e-08,171.3,ASK
4,1712365211.730184,44849839.99685199,165.2,-1.7411881255570438e-06,171.3,ASK
5,1712365211.8485217,44858057.17182257,165.2,6.558773163919601e-07,171.3,BID
6,1712365214.1988692,44864789.52455157,165.3,5.373619834929589e-07,171.3,BID
7,1712365214.2189922,44864789.52455193,165.3,2.854509093434318e-17,171.3,BID
8,1712365214.2987487,44886437.03763893,165.4,1.727858155740167e-06,171.3,BID
9,1712365214.300076,44905358.90116893,165.4,1.510302642650055e-06,171.3,BID
10,1712365214.3185656,44907980.32152613,165.4,2.0923616147570602e-07,171.3,BID
11,1712365214.3198864,44922827.53234807,165.4,1.185072585731481e-06,171.3,BID
12,1712365215.5889325,44930875.95117102,165.2,-6.424075619290457e-07,171.3,ASK
13,1712365215.5902095,44936398.27056441,165.3,-4.407797128528976e-07,171.3,ASK
14,1712365215.7284758,44947837.62664327,165.2,9.130649150245968e-07,171.3,BID
15,1712365215.8285685,44953223.65679706,165.2,4.299013974899944e-07,171.3,BID
16,1712365217.2084785,44957648.50542031,165.2,3.531819452366493e-07,171.3,BID
17,1712365217.30847,44964967.28405831,165.2,5.841692442404868e-07,171.3,BID
18,1712365217.408691,44973664.81540278,165.2,6.942183339007106e-07,171.3,BID
19,1712365217.4887812,44980945.3693026,165.2,5.811182274631325e-07,171.3,BID
20,1712365217.5687516,44986684.02571221,165.2,4.580472703943754e-07,171.3,BID
21,1712365217.6485755,44991246.32956381,165.2,3.641533273257115e-07,171.3,BID
22,1712365217.8286376,44991461.89842609,165.1,-1.7206245138650033e-08,171.3,ASK
23,1712365217.8386545,44998996.53334345,165.1,-6.013984303949377e-07,171.3,ASK
24,1712365217.8400068,45001631.89217818,165.1,-2.103487009148092e-07,171.3,ASK
25,1712365217.888632,45017972.55356661,165.2,1.3042766130556017e-06,171.3,BID
26,1712365218.4480605,45037869.52568409,165.2,1.5881337227764332e-06,171.3,BID
27,1712365218.4488497,45044399.67171831,165.2,5.212222779609776e-07,171.3,BID
28,1712365218.4496331,45044520.73709362,165.2,9.663179103846862e-09,171.3,BID
29,1712365218.4527688,45045760.73709362,165.5,9.89741456446576e-08,171.3,BID
30,1712365222.2489457,45050594.43729773,165.1,-3.858156032293195e-07,171.3,ASK
31,1712365222.2504926,45063293.5898401,165.2,-1.013619172009687e-06,171.3,ASK
32,1712365222.2520068,45081760.39659182,165.1,-1.4739809847068884e-06,171.3,ASK
33,1712365228.0187168,45087142.7131574,165.4,4.296049868285759e-07,171.3,BID
34,1712365228.0202484,45094459.54913419,165.4,5.840141851811116e-07,171.3,BID
35,1712365228.1386137,45096718.87725319,165.5,1.803347341203244e-07,171.3,BID
36,1712365230.6785405,45096718.87725319,165.5,0.0,171.3,BID
37,1712365235.159816,45096718.87725359,165.5,3.197466722931657e-17,171.3,BID
38,1712365236.0341172,45097179.07623588,165.7,3.6573608386025936e-08,171.3,BID
39,1712365236.037061,45098495.81917159,165.7,1.0464612554329168e-07,171.3,BID
40,1712365236.7687418,45098552.70539913,165.5,-4.520945696736992e-09,171.3,ASK
41,1712365248.538647,45099552.70539913,165.2,-7.947346646435047e-08,171.3,ASK
42,1712365248.5401802,45112073.37731196,165.2,-9.950611993751591e-07,171.3,ASK
43,1712365248.6386192,45121865.45451237,165.2,7.782103190033335e-07,171.3,BID
44,1712365253.0085995,45121986.51988768,165.2,9.621485044352524e-09,171.3,BID
45,1712365254.69847,45126870.68118768,165.2,-3.881612292823088e-07,171.3,ASK
46,1712365255.95862,45129034.44982214,165.2,-1.719621940074391e-07,171.3,ASK
47,1712365256.868571,45129388.27529888,165.2,-2.8119737159597827e-08,171.3,ASK
48,1712365257.168578,45137296.68563163,165.2,-6.285087833664679e-07,171.3,ASK
49,1712365257.3285558,45143671.87002763,165.2,5.066580032994544e-07,171.3,BID
50,1712365260.2705555,45145229.6867248,165.2,1.2380509303977726e-07,171.3,BID
51,1712365260.271212,45145229.68672563,165.2,6.63178283274714e-17,171.3,BID
52,1712365260.4688165,45145229.68672563,165.2,0.0,171.3,BID
53,1712365260.6201482,45145229.68672586,165.2,1.834414279299731e-17,171.3,BID
54,1712365260.8987525,45173433.71425181,165.2,-2.240044991614708e-06,171.3,ASK
55,1712365260.908592,45178768.97640281,165.2,-4.237418662746271e-07,171.3,ASK
56,1712365261.048766,45178814.40341674,165.1,-3.6079441113791406e-09,171.3,ASK
57,1712365261.050603,45180711.79100603,165.1,-1.506959799494093e-07,171.3,ASK
58,1712365261.3887055,45210327.79212303,165.2,2.3521879955888224e-06,171.3,BID
59,1712365262.0486348,45210327.79212381,165.2,6.2133386879507e-17,171.3,BID
60,1712365263.468578,45234799.47511938,165.1,-1.9436114533708173e-06,171.3,ASK
61,1712365263.478665,45237647.54543439,165.1,-2.262019365509915e-07,171.3,ASK
62,1712365263.4804995,45237692.94494934,165.2,-3.605760063063925e-09,171.3,ASK
63,1712365263.5086627,45242949.01744508,165.1,4.174523960743874e-07,171.3,BID
64,1712365263.518646,45258005.93230738,165.1,1.1958634877742212e-06,171.3,BID
65,1712365263.5205898,45302280.71211938,165.1,3.5164303637654968e-06,171.3,BID
66,1712365264.8185787,45312280.71211938,165.1,7.942287638011849e-07,171.3,BID
67,1712365265.6386096,45318337.64731017,165.1,4.810592149004561e-07,171.3,BID
68,1712365266.9486735,45321909.17436147,165.1,2.83660951483634e-07,171.3,BID
69,1712365274.9188304,45325369.92048946,165.1,-2.748624119065513e-07,171.3,ASK
70,1712365274.920853,45328920.11966468,165.1,-2.8196703021799944e-07,171.3,ASK
71,1712365278.7286465,45330186.43062335,165.2,1.0057405872971649e-07,171.3,BID
72,1712365278.8085504,45340466.4031207,165.1,-8.164649848475717e-07,171.3,ASK
73,1712365278.818579,45342452.96362407,165.1,-1.5777834928086566e-07,171.3,ASK
74,1712365280.7589686,45344356.96498791,165.0,-1.5122126494813356e-07,171.3,ASK
75,1712365280.7609792,45345895.28685639,165.1,-1.221779475930605e-07,171.3,ASK
76,1712365280.7630143,45351598.83722917,165.0,-4.529923761850346e-07,171.3,ASK
77,1712365281.1986082,45362972.08385972,165.1,9.032959611787266e-07,171.3,BID
78,1712365283.7887082,45363154.81451395,165.2,-1.451299416194251e-08,171.3,ASK
79,1712365285.7187624,45364971.89507119,165.2,-1.4431776447055102e-07,171.3,ASK
80,1712365287.048565,45366279.32921991,165.2,-1.0384018076845321e-07,171.3,ASK
81,1712365287.188819,45367520.79110072,165.2,9.86004734902464e-08,171.3,BID
82,1712365290.4185743,45367520.79110072,165.2,0.0,171.3,BID
83,1712365292.4286077,45368718.39589113,165.2,-9.4840725395028e-08,171.3,ASK
84,1712365292.8286712,45371984.42914528,165.2,-2.5864372409617064e-07,171.3,ASK
85,1712365302.6686018,45372014.66493729,165.4,-2.3944330134420474e-09,171.3,ASK
86,1712365304.8587456,45372154.60423729,165.2,-1.1082073844052648e-08,171.3,ASK
87,1712365312.2885406,45377483.37314231,165.3,-4.219958975288239e-07,171.3,ASK
88,1712365315.0986722,45385473.98034916,165.2,-6.327922115140086e-07,171.3,ASK
89,1712365315.968806,45385567.43824916,165.2,-7.401118550213891e-09,171.3,ASK
90,1712365317.0486622,45389922.56975572,165.2,-3.448915991145455e-07,171.3,ASK
91,1712365317.4687514,45389987.33843322,165.5,5.129161478333954e-09,171.3,BID
92,1712365317.4786053,45444164.31601205,165.5,4.290383517519903e-06,171.3,BID
93,1712365317.480019,45450491.92166365,165.3,5.010957828627509e-07,171.3,BID
94,1712365318.2187326,45458126.70261618,165.3,6.046136167515458e-07,171.3,BID
95,1712365318.2206426,45460402.72283517,165.3,1.8024260616775965e-07,171.3,BID
96,1712365318.4985964,45460573.00581868,165.3,-1.3485051001777948e-08,171.3,ASK
97,1712365318.558604,45466369.15055249,165.3,-4.590083268287112e-07,171.3,ASK
98,1712365320.1334822,45468217.57938797,165.3,-1.4638078688533854e-07,171.3,ASK
99,1712365320.5487683,45469234.83854794,165.3,-8.055879319992912e-08,171.3,ASK
100,1712365320.6686792,45469234.83854794,165.3,-0.0,171.3,ASK
101,1712365325.469408,45475373.73824398,165.3,-4.855049871627537e-07,171.3,ASK
102,1712365325.918507,45477247.61087633,165.3,-1.481983015455471e-07,171.3,ASK
103,1712365326.8087645,45487583.98655363,165.4,8.174692842353392e-07,171.3,BID
104,1712365326.8107605,45487737.24123879,165.4,1.2120399034579333e-08,171.3,BID
105,1712365327.3718858,45493731.89160601,165.4,-4.74096791556783e-07,171.3,ASK
106,1712365329.2790928,45494148.20205822,165.4,-3.2924597364761794e-08,171.3,ASK
107,1712365343.778874,45494648.20205822,165.4,-3.954332300587767e-08,171.3,ASK
108,1712365349.9464316,45495314.76389053,165.4,-5.2716139676750666e-08,171.3,ASK
109,1712365350.6498332,45495314.76389053,165.4,-0.0,171.3,ASK
110,1712365357.2088351,45500451.02126303,165.4,-4.060708634200259e-07,171.3,ASK
111,1712365357.2108564,45513811.32142382,165.4,-1.0562610532102175e-06,171.3,ASK
112,1712365357.971422,45518557.6646701,165.4,-3.752443774375826e-07,171.3,ASK
113,1712365367.648691,45518858.3261253,165.5,2.377019838674125e-08,171.3,BID
114,1712365380.4687235,45518858.3261253,165.5,0.0,171.3,BID
115,1712365384.168808,45532330.32728484,165.5,1.0647642903990756e-06,171.3,BID
116,1712365394.8486924,45554070.17924858,165.5,1.7182167500894548e-06,171.3,BID
117,1712365396.4194503,45554668.29243566,165.4,-4.727208346258022e-08,171.3,ASK
118,1712365401.3187876,45555266.40562274,165.4,-4.727208346258022e-08,171.3,ASK
119,1712365403.8289778,45557052.11990845,165.4,-1.4113454874013196e-07,171.3,ASK
120,1712365405.6786797,45567916.61235557,165.5,8.586789337385196e-07,171.3,BID
121,1712365408.2087803,45567977.07184771,165.5,4.778436958508581e-09,171.3,BID
122,1712365410.458708,45567977.07184771,165.5,0.0,171.3,BID
123,1712365415.0287197,45568097.91776916,165.5,9.544967046306593e-09,171.3,BID
124,1712365416.9792392,45589248.92534694,165.5,1.6706039219596397e-06,171.3,BID
125,1712365417.598698,45600102.55593345,165.5,8.572696954812446e-07,171.3,BID
126,1712365418.714318,45649274.7130573,165.5,3.883843275088204e-06,171.3,BID
127,1712365420.879177,45651620.38389729,165.5,1.85271878443547e-07,171.3,BID
128,1712365420.8810556,45674582.2765054,165.5,1.8136359559069755e-06,171.3,BID
129,1712365420.8831463,45701822.41838375,165.5,2.151551773093628e-06,171.3,BID
130,1712365422.9194996,45705320.08484895,165.6,2.762617947623436e-07,171.3,BID
131,1712365422.9207172,45732015.65509872,165.6,2.108538999582381e-06,171.3,BID
132,1712365424.308792,45736599.1230235,165.6,3.620233912335302e-07,171.3,BID
133,1712365430.0886903,45736599.12302395,165.7,3.53088687250176e-17,171.3,BID
134,1712365436.7812054,45739013.00359121,165.7,-1.9065939662574185e-07,171.3,ASK
135,1712365436.7822914,45755213.26706795,165.7,-1.279571368006249e-06,171.3,ASK
136,1712365439.2888856,45779799.34562987,165.6,1.941921637544102e-06,171.3,BID
137,1712365439.2915106,45782759.32949335,166.0,2.3379314829717374e-07,171.3,BID
138,1712365439.294034,45785580.01630567,165.7,2.227908261084056e-07,171.3,BID
139,1712365439.2965596,45799325.2152961,166.0,1.0856590759128452e-06,171.3,BID
140,1712365439.2990274,45825175.16938995,166.2,2.041748343801036e-06,171.3,BID
141,1712365440.6586306,45825175.16938995,166.2,0.0,171.3,BID
142,1712365447.778535,45825283.7734814,166.2,8.549282827685889e-09,171.3,BID
143,1712365455.3287082,45825767.20832336,166.2,3.805585164864999e-08,171.3,BID
144,1712365455.3308432,45825848.30631449,166.2,6.3840105255494315e-09,171.3,BID
145,1712365455.3386383,45830283.7734814,166.2,3.491586990538942e-07,171.3,BID
146,1712365470.1086702,45832181.30992741,165.7,-1.493735230056825e-07,171.3,ASK
147,1712365470.1108584,45834076.7734814,165.7,-1.4921034554194934e-07,171.3,ASK
148,1712365470.628819,45834076.7734814,165.7,-0.0,171.3,ASK
149,1712365477.9241252,45835048.18078301,165.8,-7.64600100151525e-08,171.3,ASK
150,1712365482.1589208,45844408.15182118,165.8,-7.367285361477879e-07,171.3,ASK
151,1712365482.1616566,45848625.44943972,165.7,-3.319458455944715e-07,171.3,ASK
152,1712365487.0600002,45850805.62125857,165.8,-1.716025387368947e-07,171.3,ASK
153,1712365489.9088256,45852324.49452335,165.8,-1.195513610446194e-07,171.3,ASK
154,1712365498.2188735,45854794.94252916,165.9,-1.9445033916533534e-07,171.3,ASK
155,1712365500.4188898,45854794.94252916,165.9,-0.0,171.3,ASK
156,1712365502.6188872,45855522.79290279,165.9,-5.7464497605046024e-08,171.3,ASK
157,1712365502.6211858,45855568.3191234,165.9,-3.594339564983929e-09,171.3,ASK
158,1712365504.3888054,45855996.21240547,165.8,-3.37825923754509e-08,171.3,ASK
159,1712365505.209166,45856394.1531578,165.8,-3.141781090929875e-08,171.3,ASK
160,1712365505.8364732,45857409.82374324,165.9,8.01881843284801e-08,171.3,BID
161,1712365508.9990275,45857477.70397382,165.8,-5.359210476612185e-09,171.3,ASK
162,1712365509.0179906,45857533.94945029,165.8,-4.440635280210993e-09,171.3,ASK
163,1712365518.1988816,45869603.9554853,165.7,-9.529387605166138e-07,171.3,ASK
164,1712365524.570248,45872659.39407105,165.8,2.412298593965156e-07,171.3,BID
165,1712365530.6828628,45872659.39407105,165.8,0.0,171.3,BID
166,1712365532.3790684,45873544.06289078,165.9,6.982914336329988e-08,171.3,BID
167,1712365532.3813598,45881265.98237725,165.9,6.095105997104885e-07,171.3,BID
168,1712365532.9191146,45881507.09147911,165.9,1.9031350109818493e-08,171.3,BID
169,1712365534.889109,45885229.75200136,165.9,2.9383899319489946e-07,171.3,BID
170,1712365537.0091636,45889252.59057495,165.9,-3.175328046120311e-07,171.3,ASK
171,1712365537.0127616,45910485.43267799,165.8,-1.6759618313112372e-06,171.3,ASK
172,1712365538.6424618,45910845.31845482,165.8,-2.8406692927109697e-08,171.3,ASK
173,1712365538.644364,45922778.47195896,165.8,-9.419139323441156e-07,171.3,ASK
174,1712365539.8090053,45923984.0174683,166.2,9.515675055497333e-08,171.3,BID
175,1712365556.1558092,45935378.08507699,166.2,8.993625216474903e-07,171.3,BID
176,1712365556.1582265,45937268.51479984,166.2,1.492163905756189e-07,171.3,BID
177,1712365556.1605868,45937901.68504694,166.1,4.9977726095838064e-08,171.3,BID
178,1712365556.1622932,45940254.86519726,166.2,1.8574245006865897e-07,171.3,BID
179,1712365557.2392187,45943297.86519726,166.1,-2.4019167231265295e-07,171.3,ASK
180,1712365557.2790215,45945254.86519726,166.1,-1.5447095061316528e-07,171.3,ASK
181,1712365560.4634244,45945254.86519726,166.1,-0.0,171.3,ASK
182,1712365562.9991229,45948386.95627705,166.2,2.46989005673905e-07,171.3,BID
183,1712365563.0017138,45953341.48639369,166.2,3.907020696134366e-07,171.3,BID
184,1712365563.118944,45955164.48639369,166.2,-1.4375730011473118e-07,171.3,ASK
185,1712365568.5991197,45955260.8188991,166.2,-7.596544646941481e-09,171.3,ASK
186,1712365569.296947,45955550.8188991,166.2,2.2868687346830522e-08,171.3,BID
187,1712365573.7191708,45955585.8188991,166.0,-2.760013990134718e-09,171.3,ASK
188,1712365573.74623,45957772.2497791,166.0,-1.724165662071254e-07,171.3,ASK
189,1712365573.7552218,45957772.24978004,166.0,-7.402934405568975e-17,171.3,ASK
190,1712365576.011578,45957809.83348004,165.9,-2.9637582229842286e-09,171.3,ASK
191,1712365576.0135438,45968580.31761771,165.8,-8.49333911442602e-07,171.3,ASK
192,1712365582.3190794,45978895.62481793,165.8,-8.134397767186698e-07,171.3,ASK
193,1712365582.321626,45980873.35689867,165.8,-1.5595909175966125e-07,171.3,ASK
194,1712365582.5188334,45982183.87853471,165.8,-1.0334451570976945e-07,171.3,ASK
195,1712365583.9026551,45985024.82919656,166.2,2.2403038777074522e-07,171.3,BID
196,1712365585.4089162,45986140.25946362,165.8,-8.796008977489179e-08,171.3,ASK
197,1712365590.4589272,45986140.25946362,165.8,-0.0,171.3,ASK
198,1712365591.548917,45991061.94921066,165.8,-3.8790482616098804e-07,171.3,ASK
199,1712365591.6310098,45993125.47707866,165.8,-1.6263772404549928e-07,171.3,ASK
200,1712365594.5302958,45993185.79070954,166.1,4.75364147350403e-09,171.3,BID
201,1712365597.289121,45993246.10434042,165.8,-4.75364147350403e-09,171.3,ASK
202,1712365597.3021424,45999056.05321504,165.8,-4.579133029610784e-07,171.3,ASK
203,1712365597.3041365,45999658.8881064,165.8,-4.751265840685776e-08,171.3,ASK
204,1712365602.7689836,46005878.92360935,165.7,-4.902344346151349e-07,171.3,ASK
205,1712365602.789261,46006219.91506425,165.8,2.6875369605483893e-08,171.3,BID
206,1712365603.6850417,46006480.15399528,165.7,-2.051082910342558e-08,171.3,ASK
207,1712365603.686302,46006530.8027581,165.7,-3.991901266580147e-09,171.3,ASK
208,1712365603.6874895,46007530.8027581,165.7,-7.88153756328578e-08,171.3,ASK
209,1712365607.1490862,46007591.11638898,165.7,4.75364147350403e-09,171.3,BID
210,1712365608.6991117,46008222.11638898,165.7,4.9732502024333264e-08,171.3,BID
211,1712365611.4489913,46008698.42422912,165.6,-3.754038133799197e-08,171.3,ASK
212,1712365618.775747,46012731.2259219,165.7,3.178467802689953e-07,171.3,BID
213,1712365620.649092,46012731.2259219,165.7,0.0,171.3,BID
214,1712365621.6977918,46015148.46293965,165.7,-1.9044928581608013e-07,171.3,ASK
215,1712365628.2993855,46033361.46587064,165.7,-1.434966192930923e-06,171.3,ASK
216,1712365628.3028278,46051831.31212111,165.7,-1.4552023660498858e-06,171.3,ASK
217,1712365630.7491555,46052172.30357601,165.7,-2.6866036957926698e-08,171.3,ASK
218,1712365632.42905,46054003.62106412,165.7,-1.4428585411863334e-07,171.3,ASK
219,1712365632.4316893,46059855.82500027,165.7,-4.61083481638606e-07,171.3,ASK
220,1712365638.179677,46060951.25211931,165.8,8.630651895223308e-08,171.3,BID
221,1712365645.7090523,46069542.26331788,165.8,-6.76868645975227e-07,171.3,ASK
222,1712365650.66884,46069542.26331788,165.8,-0.0,171.3,ASK
223,1712365654.6878383,46077030.63646096,165.8,-5.895566855549793e-07,171.3,ASK
224,1712365654.68918,46092007.23978487,165.8,-1.1791021157482172e-06,171.3,ASK
225,1712365660.0191114,46109167.03310741,165.8,-1.350983809533935e-06,171.3,ASK
226,1712365662.209186,46116734.1425374,165.7,-5.957555625954381e-07,171.3,ASK
227,1712365662.212033,46117030.05684035,165.7,-2.3297217209098173e-08,171.3,ASK
228,1712365662.529036,46120823.40766404,165.7,2.9864902509924574e-07,171.3,BID
229,1712365665.709033,46133796.53742559,165.8,1.021369426624748e-06,171.3,BID
230,1712365673.1791582,46143796.53742559,165.8,-7.87296084597537e-07,171.3,ASK
231,1712365675.468864,46144801.79138885,165.8,-7.914325092963396e-08,171.3,ASK
232,1712365678.759133,46145161.64158423,166.0,2.833086498686752e-08,171.3,BID
233,1712365680.4190173,46145161.64158423,166.0,0.0,171.3,BID
234,1712365681.249278,46145617.18886625,166.0,3.58296951834709e-08,171.3,BID
235,1712365681.2516124,46145652.18886625,166.0,2.752819259214833e-09,171.3,BID
236,1712365681.2538054,46148664.23705902,166.0,2.3690355070681522e-07,171.3,BID
237,1712365685.0992086,46153497.93726313,166.1,3.801800861471195e-07,171.3,BID
238,1712365685.1090205,46165225.3917598,166.1,9.223875028568554e-07,171.3,BID
239,1712365689.6790705,46169564.00814934,166.1,-3.412407644422456e-07,171.3,ASK
240,1712365691.2491453,46169927.61126684,166.1,-2.8598104701512124e-08,171.3,ASK
241,1712365691.4891574,46178109.89766875,166.2,6.43553016902759e-07,171.3,BID
242,1712365691.492025,46178170.06614048,166.2,4.732369365122741e-09,171.3,BID
243,1712365693.380237,46183911.81124478,166.1,-4.51599614417543e-07,171.3,ASK
244,1712365693.842235,46189921.33617352,166.1,-4.726610275020088e-07,171.3,ASK
245,1712365694.7991097,46190407.03982432,166.1,-3.820155326284946e-08,171.3,ASK
246,1712365710.469047,46190407.03982432,166.1,-0.0,171.3,ASK
247,1712365714.0590298,46197718.68709344,166.1,-5.74735784186725e-07,171.3,ASK
248,1712365714.079245,46198071.49503802,166.1,-2.7732649460887493e-08,171.3,ASK
249,1712365714.0814266,46219575.75017796,166.1,-1.6903530061428614e-06,171.3,ASK
250,1712365714.0990183,46228941.16055256,166.0,-7.361728865963521e-07,171.3,ASK
251,1712365714.1012986,46232025.75017796,166.1,-2.424657497818176e-07,171.3,ASK
252,1712365716.376611,46232627.43489516,166.2,4.7295735837018014e-08,171.3,BID
253,1712365718.7593217,46253943.73314421,166.0,-1.675578558319808e-06,171.3,ASK
254,1712365718.763014,46261074.51422376,166.0,-5.605187045787202e-07,171.3,ASK
255,1712365724.4393415,46278727.57606794,166.1,-1.3876279816132858e-06,171.3,ASK
256,1712365724.4423318,46281852.24327494,166.1,-2.45616068642301e-07,171.3,ASK
257,1712365724.4489355,46288802.82983534,166.1,-5.463544219676035e-07,171.3,ASK
258,1712365729.9391837,46303504.98913653,166.1,-1.155670773520702e-06,171.3,ASK
259,1712365729.9418273,46315626.0684647,166.1,-9.527836582446976e-07,171.3,ASK
260,1712365734.1991858,46315837.93755663,166.1,1.665407865240125e-08,171.3,BID
261,1712365738.5392404,46316126.0684647,166.1,-2.264867782864974e-08,171.3,ASK
262,1712365738.5422382,46335589.76623591,166.0,-1.5299539474455934e-06,171.3,ASK
263,1712365740.6490142,46335589.76623591,166.0,-0.0,171.3,ASK
264,1712365745.6713254,46342199.09257705,166.0,-5.18546781735401e-07,171.3,ASK
265,1712365745.674764,46360188.18115626,166.0,-1.411366833416175e-06,171.3,ASK
266,1712365747.5381372,46363156.48013929,166.0,-2.328833235693769e-07,171.3,ASK
267,1712365747.5397985,46421322.04101085,166.0,-4.563485420601902e-06,171.3,ASK
268,1712365747.541547,46438464.65815695,166.0,-1.3449553695515e-06,171.3,ASK
269,1712365747.5889337,46442762.38710285,166.0,-3.37186181865223e-07,171.3,ASK
270,1712365747.8091917,46442762.38710306,166.1,-1.6367369827595414e-17,171.3,ASK
271,1712365747.8191843,46449090.91459106,166.1,-4.965161943360927e-07,171.3,ASK
272,1712365750.273421,46502326.38028654,166.0,4.176685790011296e-06,171.3,BID
273,1712365750.5591211,46502628.31265368,165.6,-2.3688655878713475e-08,171.3,ASK
274,1712365750.7890606,46506412.69835368,165.6,2.969108989767533e-07,171.3,BID
275,1712365750.8499217,46508580.3278783,165.6,1.7006533736872314e-07,171.3,BID
276,1712365751.0891216,46512604.36894809,166.2,3.157134991691151e-07,171.3,BID
277,1712365751.091633,46514532.3430783,166.2,1.5126273524559626e-07,171.3,BID
278,1712365751.4089468,46519889.1560783,166.0,-4.2027855762239537e-07,171.3,ASK
279,1712365762.9901345,46525909.62567493,166.1,4.723469492553556e-07,171.3,BID
280,1712365763.1375186,46527803.39512281,166.1,-1.4857914435754554e-07,171.3,ASK
281,1712365766.179155,46528302.61838259,166.1,-3.916747356133527e-08,171.3,ASK
282,1712365770.6390738,46528302.61838259,166.1,-0.0,171.3,ASK
283,1712365781.3499298,46529264.77241387,166.2,7.529856377919333e-08,171.3,BID
284,1712365781.5110943,46530213.92352765,166.1,-7.428095019416334e-08,171.3,ASK
285,1712365781.7291946,46531168.96564558,166.2,7.474198256266646e-08,171.3,BID
286,1712365781.8490677,46532124.92591048,166.1,-7.481383711585886e-08,171.3,ASK
287,1712365782.069117,46532857.78061037,166.5,5.73535053287647e-08,171.3,BID
288,1712365782.0723536,46532944.27093808,166.2,6.768768041334206e-09,171.3,BID
289,1712365782.0758443,46533004.40322913,166.3,4.705977427212215e-09,171.3,BID
290,1712365782.0793395,46533064.49938298,166.4,4.703149315249171e-09,171.3,BID
291,1712365782.229076,46535930.49938298,166.3,-2.2429431959365162e-07,171.3,ASK
292,1712365782.2690716,46577935.02207778,166.3,-3.287290941271959e-06,171.3,ASK
293,1712365782.4292102,46578734.26412997,166.5,6.254900638052723e-08,171.3,BID
294,1712365782.4322596,46578875.86892462,166.5,1.1082048523204933e-08,171.3,BID
295,1712365782.569252,46579820.93213955,166.3,-7.39610295767327e-08,171.3,ASK
296,1712365782.7889955,46580768.2894969,166.5,7.414057008996983e-08,171.3,BID
297,1712365782.9715066,46581729.90298275,166.3,-7.525626047484074e-08,171.3,ASK
298,1712365783.1691337,46582672.34742719,166.5,7.37560835382258e-08,171.3,BID
299,1712365783.3293076,46583637.06747535,166.3,-7.54993812980665e-08,171.3,ASK
300,1712365783.5293374,46584594.86927715,166.5,7.495795653889316e-08,171.3,BID
301,1712365783.6691077,46585542.50925306,166.3,-7.41626879333989e-08,171.3,ASK
302,1712365783.8590963,46586479.13152206,166.5,7.330043773237053e-08,171.3,BID
303,1712365783.8610735,46586490.50842609,166.6,8.90361112767591e-10,171.3,BID
304,1712365784.0194683,46587443.34406727,166.3,-7.456930279903746e-08,171.3,ASK
305,1712365784.2486594,46588390.74502765,166.6,7.414398248096085e-08,171.3,BID
306,1712365784.2591631,46595597.22762068,166.6,5.639822434992217e-07,171.3,BID
307,1712365784.2991006,46596438.22762068,166.3,-6.581700027154952e-08,171.3,ASK
308,1712365784.3791585,46597386.26494759,166.3,-7.419378478317281e-08,171.3,ASK
309,1712365784.5990677,46598339.44622009,166.6,7.459635204627818e-08,171.3,BID
310,1712365784.678856,46604341.84718047,166.6,4.697503277516895e-07,171.3,BID
311,1712365784.759057,46629221.00449015,166.6,1.9470529172499515e-06,171.3,BID
312,1712365784.7622678,46630184.8756521,166.6,-7.543294711948112e-08,171.3,ASK
313,1712365784.8050258,46660044.85402038,166.6,-2.3368539885537457e-06,171.3,ASK
314,1712365784.878972,46662526.85402038,166.3,-1.942423242259048e-07,171.3,ASK
315,1712365784.939359,46663727.33421245,166.6,9.395006555010466e-08,171.3,BID
316,1712365784.9591253,46664689.66314402,166.6,7.53122515463331e-08,171.3,BID
317,1712365785.1389802,46665651.99908622,166.3,-7.53128002011723e-08,171.3,ASK
318,1712365785.3592346,46666593.7697945,166.6,7.370335667355385e-08,171.3,BID
319,1712365785.502783,46667539.60362953,166.3,-7.402133861698689e-08,171.3,ASK
320,1712365785.719087,46668396.60843121,166.6,6.706954252687e-08,171.3,BID
321,1712365785.72703,46668480.72960721,166.7,6.583357269244862e-09,171.3,BID
322,1712365785.739126,46669080.6096312,166.7,4.694685339129694e-08,171.3,BID
323,1712365785.87905,46670034.77579616,166.3,-7.467343012851056e-08,171.3,ASK
324,1712365786.0990176,46670451.77459617,166.7,3.2634494807919585e-08,171.3,BID
325,1712365786.1090786,46670993.5040505,166.7,4.239596628158904e-08,171.3,BID
326,1712365786.239225,46671954.75630817,166.3,-7.522799061109186e-08,171.3,ASK
327,1712365786.490501,46672014.74431057,166.7,4.694685339537854e-09,171.3,BID
328,1712365786.4932451,46672898.49955951,166.7,6.916304335205043e-08,171.3,BID
329,1712365786.6308525,46673842.09980032,166.3,-7.384653662989086e-08,171.3,ASK
330,1712365786.8491175,46674800.51611705,166.7,7.500604872610919e-08,171.3,BID
331,1712365787.0090916,46675757.56608694,166.3,-7.489911786930499e-08,171.3,ASK
332,1712365787.2090306,46676700.11557704,166.7,7.376430445418337e-08,171.3,BID
333,1712365787.412678,46677640.320273,166.3,-7.358079991554939e-08,171.3,ASK
334,1712365787.5690968,46678990.05032698,166.7,1.0563042013027237e-07,171.3,BID
335,1712365787.5948431,46679928.30467611,166.7,7.342816498371152e-08,171.3,BID
336,1712365787.749149,46680870.17102168,166.3,-7.371084128669509e-08,171.3,ASK
337,1712365787.9690738,46681815.8158927,166.7,7.400655021716473e-08,171.3,BID
338,1712365788.109089,46682415.39597668,166.7,4.69233799645701e-08,171.3,BID
339,1712365788.129046,46683362.74094958,166.3,-7.413960087833442e-08,171.3,ASK
340,1712365788.3797033,46684309.18965983,166.7,7.406945900046617e-08,171.3,BID
341,1712365788.4991152,46685251.17039432,166.3,-7.371979340988515e-08,171.3,ASK
342,1712365788.7190928,46686187.64909857,166.7,7.32892022972787e-08,171.3,BID
343,1712365788.8790126,46687148.96156094,166.4,-7.523270225582744e-08,171.3,ASK
344,1712365789.0990374,46688105.05034318,166.7,7.482389493466227e-08,171.3,BID
345,1712365789.2606895,46689068.79507526,166.4,-7.542305266722732e-08,171.3,ASK
346,1712365789.4194946,46705229.8503508,166.7,1.2647707246831751e-06,171.3,BID
347,1712365789.4591973,46705263.9796275,166.8,2.670971003391925e-09,171.3,BID
348,1712365789.46197,46706188.63931962,166.8,7.2364241626142e-08,171.3,BID
349,1712365789.4991302,46706188.63931974,166.7,-9.329367232740779e-18,171.3,ASK
350,1712365789.5026467,46746408.90148374,166.7,-3.147653990213512e-06,171.3,ASK
351,1712365789.639072,46747349.94904544,166.4,-7.364676293018598e-08,171.3,ASK
352,1712365789.8591228,46747354.64217212,166.8,3.672859927123252e-10,171.3,BID
353,1712365789.8627367,46748310.13489675,166.8,7.477724722503654e-08,171.3,BID
354,1712365790.024048,46749269.03917128,166.4,-7.504423650080577e-08,171.3,ASK
355,1712365790.2391572,46750215.91567008,166.8,7.410293790591388e-08,171.3,BID
356,1712365790.379108,46751160.94878266,166.4,-7.395867375407337e-08,171.3,ASK
357,1712365790.5993378,46752104.50993373,166.8,7.384347745107563e-08,171.3,BID
358,1712365790.7590978,46753057.32149303,166.4,-7.456741814149307e-08,171.3,ASK
359,1712365790.987753,46754015.19919087,166.8,7.496389619366044e-08,171.3,BID
360,1712365791.14929,46754979.90719809,166.4,-7.549843896900277e-08,171.3,ASK
361,1712365791.3744352,46755920.75851703,166.8,7.363140489202849e-08,171.3,BID
362,1712365791.5290682,46756875.68326116,166.4,-7.473279684203333e-08,171.3,ASK
363,1712365791.7343934,46757823.02139065,166.8,7.413906530968203e-08,171.3,BID
364,1712365791.8892577,46758766.09183014,166.4,-7.380507416449746e-08,171.3,ASK
365,1712365792.137345,46759707.73451599,166.8,7.369333758620158e-08,171.3,BID
366,1712365792.2489722,46760649.99219208,166.6,-7.374146697193712e-08,171.3,ASK
367,1712365792.469153,46761602.82792349,166.8,7.456930986078538e-08,171.3,BID
368,1712365792.629244,46762543.51425702,166.6,-7.361849306702019e-08,171.3,ASK
369,1712365792.8290844,46763488.70610354,166.8,7.397109633656843e-08,171.3,BID
370,1712365793.0090995,46764443.10706681,166.6,-7.469180553942254e-08,171.3,ASK
371,1712365793.229041,46765394.96557999,166.8,7.449283236648105e-08,171.3,BID
372,1712365793.389189,46766349.81205801,166.6,-7.472667170428521e-08,171.3,ASK
373,1712365793.5184388,46786698.02228501,166.6,-1.5924591653220648e-06,171.3,ASK
374,1712365793.5289717,46786698.02228575,166.6,-5.830854520462986e-17,171.3,ASK
375,1712365793.5957923,46787649.78487567,166.8,7.448532537335396e-08,171.3,BID
376,1712365793.7593968,46788602.61449638,166.5,-7.456883163508867e-08,171.3,ASK
377,1712365794.0074446,46789562.30274578,166.8,7.51055906914123e-08,171.3,BID
378,1712365794.1663709,46790523.98847726,166.5,-7.526191444689079e-08,171.3,ASK
379,1712365794.3391695,46793302.515281,166.8,2.1744863186233255e-07,171.3,BID
380,1712365794.3590724,46794238.9301491,166.8,7.328420645436143e-08,171.3,BID
381,1712365794.5191276,46795183.40335801,166.5,-7.39148554666037e-08,171.3,ASK
382,1712365794.5991418,46795782.9237417,166.8,4.6918707795302694e-08,171.3,BID
383,1712365794.7390945,46796722.98968894,166.8,7.356994138514449e-08,171.3,BID
384,1712365794.8790867,46797682.11070037,166.5,-7.506119841812216e-08,171.3,ASK
385,1712365795.1267247,46798620.42604809,166.8,7.343293875853438e-08,171.3,BID
386,1712365795.2591648,46799567.10876934,166.5,-7.408777279615533e-08,171.3,ASK
387,1712365795.4853263,46800527.92411706,166.8,7.519379786153019e-08,171.3,BID
388,1712365795.6391168,46801471.10894547,166.5,-7.381402628710444e-08,171.3,ASK
389,1712365795.7191062,46810282.69236239,166.8,6.895980834060169e-07,171.3,BID
390,1712365795.8591597,46811074.83818276,166.8,6.199365240727468e-08,171.3,BID
391,1712365795.8630412,46811234.63480843,166.8,1.2505748578921404e-08,171.3,BID
392,1712365795.9991913,46812189.36087706,166.5,-7.471724841656329e-08,171.3,ASK
393,1712365796.219312,46813141.50716003,166.8,7.451535334702847e-08,171.3,BID
394,1712365796.3992095,46813726.05121645,166.5,-4.574665436423997e-08,171.3,ASK
395,1712365796.4111495,46814098.15977893,166.5,-2.91213666558742e-08,171.3,ASK
396,1712365796.6290135,46815039.35881969,166.8,7.365861774255147e-08,171.3,BID
397,1712365796.7689488,46815988.40758549,166.5,-7.427294039945396e-08,171.3,ASK
398,1712365796.9892223,46816937.62221378,166.8,7.428592086586472e-08,171.3,BID
399,1712365797.128979,46817886.1712806,166.6,-7.42338337555537e-08,171.3,ASK
400,1712365797.3863194,46818842.77200002,166.8,7.486395934597972e-08,171.3,BID
401,1712365797.5291054,46819800.31564842,166.6,-7.493775334925643e-08,171.3,ASK
402,1712365797.7410867,46820753.52308247,166.8,7.459839945988168e-08,171.3,BID
403,1712365797.8990507,46821701.31959059,166.6,-7.417493820714589e-08,171.3,ASK
404,1712365798.1089854,46822641.28361936,166.8,7.356196520414521e-08,171.3,BID
405,1712365798.2792232,46823604.94406487,166.6,-7.541645636611353e-08,171.3,ASK
406,1712365798.3490827,46826463.88314033,166.6,-2.237417287824735e-07,171.3,ASK
407,1712365798.352888,46846606.30946187,166.6,-1.5763544336197637e-06,171.3,ASK
408,1712365798.4894118,46847554.57085275,166.8,7.42113201201337e-08,171.3,BID
409,1712365798.6291673,46847554.57085292,166.6,-1.341096539706487e-17,171.3,ASK
410,1712365798.633995,46848515.73882385,166.5,-7.522139429715016e-08,171.3,ASK
411,1712365798.8708334,46849467.96903967,166.8,7.452192196557735e-08,171.3,BID
412,1712365799.0151467,46850420.00395839,166.5,-7.450663793554086e-08,171.3,ASK
413,1712365799.2374372,46851375.76534927,166.8,7.479827315466001e-08,171.3,BID
414,1712365799.4086704,46855326.19109678,166.6,-3.0916191735654e-07,171.3,ASK
415,1712365799.619071,46856263.77957908,166.7,7.337605397622633e-08,171.3,BID
416,1712365799.779277,46857207.60859774,166.5,-7.386444087685409e-08,171.3,ASK
417,1712365799.979103,46858151.7597675,166.7,7.38896525524499e-08,171.3,BID
418,1712365800.1394303,46859101.33231415,166.5,-7.431393170089856e-08,171.3,ASK
419,1712365800.2824705,46859161.33231415,166.7,4.695624276210429e-09,171.3,BID
420,1712365800.3606262,46860122.56806699,166.7,7.522669893687506e-08,171.3,BID
421,1712365800.5232165,46861063.33266662,166.5,-7.362461820360212e-08,171.3,ASK
422,1712365800.5712745,46861063.33266662,166.5,-0.0,171.3,ASK
423,1712365800.7411234,46862020.4052521,166.7,7.474011117367244e-08,171.3,BID
424,1712365800.9063916,46862973.02415637,166.5,-7.43923124448372e-08,171.3,ASK
425,1712365800.9190028,46863534.98073057,166.7,4.388454696945168e-08,171.3,BID
426,1712365801.119224,46864481.94533764,166.7,7.395075471143195e-08,171.3,BID
427,1712365801.2791283,46865441.07839001,166.5,-7.49010180129137e-08,171.3,ASK
428,1712365801.4790063,46866390.59248719,166.7,7.414985055602858e-08,171.3,BID
429,1712365801.648961,46867340.16503384,166.5,-7.415441501577637e-08,171.3,ASK
430,1712365801.8702838,46868300.05705543,166.7,7.49602877533252e-08,171.3,BID
431,1712365802.0891385,46869249.43694706,166.5,-7.413937012029573e-08,171.3,ASK
432,1712365802.2734685,46870211.86046235,166.7,7.51579782143435e-08,171.3,BID
433,1712365802.2819064,46870951.77048034,166.7,5.7781361457982673e-08,171.3,BID
434,1712365802.4106948,46871898.09197341,166.5,-7.390053238490371e-08,171.3,ASK
435,1712365802.6110728,46884131.72042441,166.6,-9.553536109577548e-07,171.3,ASK
436,1712365802.6289258,46885084.80380773,166.7,7.442858473590382e-08,171.3,BID
437,1712365802.8365686,46886035.93565563,166.5,-7.42761846193359e-08,171.3,ASK
438,1712365802.8392324,46886035.93565601,166.6,-2.967352608271673e-17,171.3,ASK
439,1712365803.0294075,46886980.12881737,166.7,7.373432581841222e-08,171.3,BID
440,1712365803.1807134,46887941.04994921,166.5,-7.50406534594573e-08,171.3,ASK
441,1712365803.4135778,46888878.17052509,166.7,7.31820105259639e-08,171.3,BID
442,1712365803.5314834,46889838.08021804,166.5,-7.496166775265651e-08,171.3,ASK
443,1712365803.7690578,46890790.08981612,166.7,7.434473025221762e-08,171.3,BID
444,1712365803.9290102,46891737.59132123,166.5,-7.399268237685008e-08,171.3,ASK
445,1712365804.149089,46892689.87686412,166.7,7.436627944904832e-08,171.3,BID
446,1712365804.2709882,46897872.66896412,166.7,4.04736760430977e-07,171.3,BID
447,1712365804.2970068,46898820.79659807,166.5,-7.404157829152591e-08,171.3,ASK
448,1712365804.5231934,46899765.35568625,166.7,7.3762901927898e-08,171.3,BID
449,1712365804.6989856,46900718.13112273,166.5,-7.440453642365161e-08,171.3,ASK
450,1712365804.886608,46901660.0267436,166.7,7.355490532878433e-08,171.3,BID
451,1712365805.0406637,46902618.61795371,166.5,-7.485870424139251e-08,171.3,ASK
452,1712365805.2613342,46903566.44038922,166.7,7.401774460788785e-08,171.3,BID
453,1712365805.400014,46904508.463267,166.5,-7.356484312823672e-08,171.3,ASK
454,1712365805.5025492,46916469.007604,166.6,-9.340278125284372e-07,171.3,ASK
455,1712365805.5624557,46917262.93688762,166.7,6.199985646026049e-08,171.3,BID
456,1712365805.5658343,46917406.23615828,166.7,1.1190586359609485e-08,171.3,BID
457,1712365805.7205656,46917406.23615895,166.6,-5.236504602832364e-17,171.3,ASK
458,1712365805.7250197,46918358.45771156,166.5,-7.43612822934342e-08,171.3,ASK
459,1712365805.968707,46919312.36892931,166.7,7.449323232755955e-08,171.3,BID
460,1712365806.0836654,46920258.70848379,166.5,-7.390194284440048e-08,171.3,ASK
461,1712365806.2269363,46921027.06062621,166.5,-6.000247569100535e-08,171.3,ASK
462,1712365806.3234143,46921870.61162715,166.7,6.587493628734448e-08,171.3,BID
463,1712365806.331102,46921977.62630426,166.8,8.357034760091323e-09,171.3,BID
464,1712365806.39919,46924421.94622291,166.7,1.908828496768677e-07,171.3,BID
465,1712365806.462694,46925363.6500158,166.7,-7.353992501860598e-08,171.3,ASK
466,1712365806.499059,46925936.83446266,166.7,-4.4761358679656254e-08,171.3,ASK
467,1712365806.8590312,46926873.24333556,166.8,7.312643192026305e-08,171.3,BID
468,1712365806.9494967,46966229.57116868,166.8,3.073430753598217e-06,171.3,BID
469,1712365806.9558184,47019886.83340838,166.8,4.1902252827197656e-06,171.3,BID
470,1712365806.9884,47028704.43038538,166.8,-6.885874575713594e-07,171.3,ASK
471,1712365806.9917395,47029657.09745288,166.5,-7.439607362768807e-08,171.3,ASK
472,1712365806.9937515,47029657.09745341,166.8,-4.1310202977899764e-17,171.3,ASK
473,1712365806.9974625,47069290.88424019,166.5,-3.0950981938290262e-06,171.3,ASK
474,1712365806.9994988,47085301.08934784,166.5,-1.250275608992624e-06,171.3,ASK
475,1712365807.0015645,47123921.59791177,166.5,-3.01596884859977e-06,171.3,ASK
476,1712365807.0690362,47124881.28035634,166.9,7.49439213776158e-08,171.3,BID
477,1712365807.1311083,47143183.74280234,166.7,-1.4292835242814455e-06,171.3,ASK
478,1712365807.2291434,47143183.74280238,166.7,-3.4910030685549095e-18,171.3,ASK
479,1712365807.231467,47144145.5128204,166.5,-7.510694503311438e-08,171.3,ASK
480,1712365807.4527323,47145088.46069337,166.9,7.363707823818445e-08,171.3,BID
481,1712365807.5892313,47146051.63950131,166.5,-7.521696084302597e-08,171.3,ASK
482,1712365807.809477,47146998.82344379,166.9,7.396788314401948e-08,171.3,BID
483,1712365807.9577627,47147940.47907292,166.5,-7.353616379386306e-08,171.3,ASK
484,1712365808.1692312,47148885.92544799,166.9,7.383219230577367e-08,171.3,BID
485,1712365808.3090107,47149829.84477369,166.7,-7.371294132943364e-08,171.3,ASK
486,1712365808.5512054,47150774.70397081,166.9,7.37863381608367e-08,171.3,BID
487,1712365808.6891162,47151731.63353131,166.7,-7.472894200725356e-08,171.3,ASK
488,1712365808.9191446,47152678.31818358,166.8,7.3928892364644e-08,171.3,BID
489,1712365808.9390795,47168181.97640158,166.7,-1.210718138199505e-06,171.3,ASK
490,1712365809.083038,47168181.97640195,166.7,-2.850985839319843e-17,171.3,ASK
491,1712365809.08654,47169124.78796088,166.6,-7.362643314580086e-08,171.3,ASK
492,1712365809.279355,47170086.7064261,166.8,7.51185376337685e-08,171.3,BID
493,1712365809.459175,47170490.81503523,166.6,-3.155781790333155e-08,171.3,ASK
494,1712365809.4629598,47171034.06946041,166.5,-4.242405095420089e-08,171.3,ASK
495,1712365809.5791688,47172909.97321824,166.9,1.4649385797782293e-07,171.3,BID
496,1712365809.583068,47173510.21331427,166.9,4.687419970967826e-08,171.3,BID
497,1712365809.5867045,47177636.71061644,166.8,3.222481469027328e-07,171.3,BID
498,1712365809.590386,47181884.00839957,166.9,3.316817484016251e-07,171.3,BID
499,1712365809.6647844,47182841.48593102,166.9,7.477173438307691e-08,171.3,BID
500,1712365809.8436294,47183673.25078924,166.5,-6.495452791901073e-08,171.3,ASK
501,1712365809.8478286,47183784.6767799,166.7,-8.701524896004855e-09,171.3,ASK
502,1712365810.0398855,47184735.76725323,166.9,7.427295357846554e-08,171.3,BID
503,1712365810.179111,47185695.05683781,166.7,-7.491324199172812e-08,171.3,ASK
504,1712365810.3990955,47186645.26654422,166.9,7.420417236164189e-08,171.3,BID
505,1712365810.55922,47187589.76985547,166.7,-7.375854617253215e-08,171.3,ASK
506,1712365810.7703292,47191198.33165359,167.0,2.818013116879636e-07,171.3,BID
507,1712365810.774236,47192466.05124457,166.9,9.89992865795485e-08,171.3,BID
508,1712365810.7763958,47193454.41651403,167.0,7.718383249134058e-08,171.3,BID
509,1712365810.7785609,47193589.10853083,167.0,1.0518425104040493e-08,171.3,BID
510,1712365810.780737,47194118.78327559,167.0,4.136358089250355e-08,171.3,BID
511,1712365810.900597,47195070.79411243,166.7,-7.434482698965815e-08,171.3,ASK
512,1712365811.089033,47196009.09351362,167.0,7.327406784341548e-08,171.3,BID
513,1712365811.2490025,47196954.56612048,166.7,-7.383424080950111e-08,171.3,ASK
514,1712365811.489113,47197912.33724091,166.9,7.479466145612727e-08,171.3,BID
515,1712365811.6090193,47198869.1102692,166.7,-7.471671802843912e-08,171.3,ASK
516,1712365811.8094716,47199744.57908776,166.9,6.836747580181446e-08,171.3,BID
517,1712365811.8133266,47213287.7782146,167.0,1.05762114989611e-06,171.3,BID
518,1712365811.8288991,47214234.67043016,167.0,7.394510148346548e-08,171.3,BID
519,1712365811.9891143,47215197.42780523,166.7,-7.518405013132563e-08,171.3,ASK
520,1712365812.2090988,47216139.09247588,167.0,7.35368698684342e-08,171.3,BID
521,1712365812.3491092,47217101.63311404,166.7,-7.516712462201895e-08,171.3,ASK
522,1712365812.3690915,47237678.71095835,167.0,1.6069137378373624e-06,171.3,BID
523,1712365812.5892556,47238620.6989823,167.0,7.356212130892911e-08,171.3,BID
524,1712365812.7522266,47239574.7567788,166.7,-7.45046790165039e-08,171.3,ASK
525,1712365812.9500773,47240522.24779676,167.0,7.399186341022172e-08,171.3,BID
526,1712365813.11044,47241473.17494907,166.9,-7.426019944603393e-08,171.3,ASK
527,1712365813.2115507,47276826.45638707,166.9,-2.760823186372474e-06,171.3,ASK
528,1712365813.2137668,47276826.45638749,166.9,-3.258269530651249e-17,171.3,ASK
529,1712365813.3090558,47277781.6839324,167.0,7.459602749683725e-08,171.3,BID
530,1712365813.4490707,47278723.50211421,166.7,-7.354885792526123e-08,171.3,ASK
531,1712365813.6290703,47279677.43860312,166.9,7.449520581370389e-08,171.3,BID
532,1712365813.7892382,47280642.00211907,166.7,-7.532509603794784e-08,171.3,ASK
533,1712365814.000295,47281324.64356549,167.0,5.330912030210614e-08,171.3,BID
534,1712365814.0041313,47281582.93522784,166.9,2.0170620130806213e-08,171.3,BID
535,1712365814.1790397,47282524.06105565,166.7,-7.349479032867307e-08,171.3,ASK
536,1712365814.3591852,47283422.26464846,167.0,7.014288926626518e-08,171.3,BID
537,1712365814.3992193,47284375.24069636,167.0,7.442020265425856e-08,171.3,BID
538,1712365814.5436633,47285339.18410394,166.7,-7.527667027643758e-08,171.3,ASK
539,1712365814.7591376,47286299.72302609,167.0,7.50108057811955e-08,171.3,BID
540,1712365814.9322534,47287240.39731868,166.7,-7.345952885230842e-08,171.3,ASK
541,1712365815.1396592,47288190.7027079,167.0,7.421164446329962e-08,171.3,BID
542,1712365815.245115,47288789.5051031,167.0,4.6761926176734346e-08,171.3,BID
543,1712365815.299126,47289737.02466962,166.7,-7.399409283634688e-08,171.3,ASK
544,1712365815.5228674,47290685.17437021,167.0,7.404330152860628e-08,171.3,BID
545,1712365815.6689963,47291640.79748881,166.7,-7.462691880232074e-08,171.3,ASK
546,1712365815.8794117,47292599.27653072,167.0,7.484994475555117e-08,171.3,BID
547,1712365815.9393623,47393976.30126088,167.0,7.916776860765245e-06,171.3,BID
548,1712365815.9451804,47394576.18138088,167.0,4.6846088311466134e-08,171.3,BID
549,1712365815.9497063,47395176.42147691,167.2,4.6874199709096425e-08,171.3,BID
550,1712365815.9543862,47396526.15163691,167.2,1.0540369011074937e-07,171.3,BID
551,1712365816.0277295,47397571.15163691,167.2,-8.160657546934657e-08,171.3,ASK
552,1712365816.039151,47398432.78037941,167.2,-6.72866708142291e-08,171.3,ASK
553,1712365816.0606642,47399393.77375689,166.7,-7.504629529686258e-08,171.3,ASK
554,1712365816.279088,47400344.78271211,167.5,7.426658763254907e-08,171.3,BID
555,1712365816.3992207,47401306.486505,166.8,-7.510177335294754e-08,171.3,ASK
556,1712365816.6289556,47402150.30740052,167.5,6.58960130071652e-08,171.3,BID
557,1712365816.6735256,47403097.28053484,167.5,7.395142062550377e-08,171.3,BID
558,1712365816.8091395,47404042.56048667,166.8,-7.381919591227497e-08,171.3,ASK
559,1712365817.0090816,47404981.29405895,167.4,7.330797331294919e-08,171.3,BID
560,1712365817.1735735,47405932.81723775,166.8,-7.430674459488179e-08,171.3,ASK
561,1712365817.3891358,47405955.78745836,167.4,1.7938000399983323e-09,171.3,BID
562,1712365817.3942475,47406885.18916026,167.5,7.257922500213194e-08,171.3,BID
563,1712365817.4972422,47410010.35493558,167.5,2.440517480363509e-07,171.3,BID
564,1712365817.55182,47410971.13157615,166.8,-7.50293697875559e-08,171.3,ASK
565,1712365817.7491128,47411924.41114604,167.4,7.444390541946321e-08,171.3,BID
566,1712365817.9622853,47412890.68447535,167.0,-7.54586194950842e-08,171.3,ASK
567,1712365818.1491697,47413833.32485766,167.4,7.361306554987306e-08,171.3,BID
568,1712365818.3164957,47414776.23274447,167.0,-7.363395562263288e-08,171.3,ASK
569,1712365818.3693078,47427009.86119585,167.4,9.553536109868466e-07,171.3,BID
570,1712365818.3744252,47427010.74437428,167.4,6.896953840233079e-11,171.3,BID
571,1712365818.3786416,47437245.46159766,167.5,7.992538023893371e-07,171.3,BID
572,1712365818.5292072,47438189.63473198,167.5,7.373276185834685e-08,171.3,BID
573,1712365818.6691656,47439144.64376268,167.0,-7.457896319397607e-08,171.3,ASK
574,1712365818.8891184,47440082.83372683,167.4,7.326552164040663e-08,171.3,BID
575,1712365819.0492232,47441045.19977138,167.0,-7.515349018545326e-08,171.3,ASK
576,1712365819.2691777,47441067.7864478,167.4,1.7638481471492675e-09,171.3,BID
577,1712365819.288062,47441996.70579327,167.5,7.25415566228645e-08,171.3,BID
578,1712365819.319404,47447904.08850789,167.5,4.6132179265750323e-07,171.3,BID
579,1712365819.3259013,47447966.855047,167.5,4.901590728202264e-09,171.3,BID
580,1712365819.361777,47449923.10579326,167.5,1.527683484798436e-07,171.3,BID
581,1712365819.419073,47450884.93601601,167.0,-7.511164656593399e-08,171.3,ASK
582,1712365819.659032,47451838.35691153,167.5,7.445494188005516e-08,171.3,BID
583,1712365819.8290071,47452785.12391935,167.4,-7.393532370868458e-08,171.3,ASK
584,1712365819.859256,47455829.30302382,167.5,2.377273031876705e-07,171.3,BID
585,1712365819.8993032,47456990.30302382,167.4,-9.06652958085276e-08,171.3,ASK
586,1712365819.904493,47466638.03222249,167.4,-7.534144889556237e-07,171.3,ASK
587,1712365819.9096787,47467799.03222182,167.4,-9.066529575616257e-08,171.3,ASK
588,1712365819.9191022,47470465.17151782,167.4,-2.082052609292188e-07,171.3,ASK
589,1712365819.9429183,47477034.41650082,167.4,-5.130082167292088e-07,171.3,ASK
590,1712365819.9466949,47482407.47724908,167.4,-4.195952989990409e-07,171.3,ASK
591,1712365820.0392263,47483359.2623237,167.5,7.432719667243264e-08,171.3,BID
592,1712365820.179192,47484304.93360606,167.0,-7.384975585931102e-08,171.3,ASK
593,1712365820.3190255,47485024.33202737,167.0,-5.6179561302539866e-08,171.3,ASK
594,1712365820.399542,47485965.34816604,167.3,7.348622443873422e-08,171.3,BID
595,1712365820.4227777,47488974.49433922,167.3,2.349914969185068e-07,171.3,BID
596,1712365820.5393522,47489935.13852946,167.0,-7.501902642082204e-08,171.3,ASK
597,1712365820.7619336,47490881.00822461,167.3,7.386525039365954e-08,171.3,BID
598,1712365820.9028573,47492811.0560429,167.3,1.507220985102318e-07,171.3,BID
599,1712365820.9191408,47493777.16681954,167.0,-7.544592536426786e-08,171.3,ASK
600,1712365821.1392615,47494731.15964679,167.3,7.449960541024992e-08,171.3,BID
601,1712365821.3012135,47495673.42334335,167.0,-7.358364924962393e-08,171.3,ASK
602,1712365821.5190902,47496619.08981077,167.3,7.3849379848607e-08,171.3,BID
603,1712365821.6390934,47497582.13014791,167.1,-7.520614732370831e-08,171.3,ASK
604,1712365821.8896616,47498525.0590182,167.3,7.363559427329074e-08,171.3,BID
605,1712365822.059062,47499471.87418978,167.1,-7.393908493284565e-08,171.3,ASK
606,1712365822.2689726,47500425.07203795,167.3,7.443752357319148e-08,171.3,BID
607,1712365822.3891757,47501376.16174294,167.1,-7.42728935774321e-08,171.3,ASK
608,1712365822.6290345,47502321.26036816,167.3,7.380503567944578e-08,171.3,BID
609,1712365822.7922738,47503271.69384197,167.1,-7.422164689867382e-08,171.3,ASK
610,1712365822.9889588,47504217.99390174,167.3,7.389885860660932e-08,171.3,BID
611,1712365823.1293511,47505166.04929006,167.1,-7.403593645586615e-08,171.3,ASK
612,1712365823.372691,47506102.57648671,167.3,7.313567210733575e-08,171.3,BID
613,1712365823.533579,47507044.87028562,167.1,-7.358600001487008e-08,171.3,ASK
614,1712365823.7292154,47507986.41840277,167.3,7.352776792333751e-08,171.3,BID
615,1712365823.9090672,47508942.52315894,167.1,-7.46645310439315e-08,171.3,ASK
616,1712365824.134344,47509892.1884309,167.3,7.416165615965309e-08,171.3,BID
617,1712365824.2856796,47510832.3449631,167.1,-7.341909569228593e-08,171.3,ASK
618,1712365824.5203445,47511780.74902765,167.3,7.40631654245051e-08,171.3,BID
619,1712365824.6319203,47512746.25173686,167.1,-7.539843990908882e-08,171.3,ASK
620,1712365824.866535,47513695.64803094,167.3,7.414065102692313e-08,171.3,BID
621,1712365825.0394568,47514645.6540514,167.1,-7.418826603380789e-08,171.3,ASK
622,1712365825.2592769,47514719.96519386,167.3,5.803136703670343e-09,171.3,BID
623,1712365825.2659042,47515586.46098505,167.3,6.766675040915471e-08,171.3,BID
624,1712365825.4020808,47516552.5296184,167.1,-7.544263429269053e-08,171.3,ASK
625,1712365825.5193498,47519496.22752228,167.1,-2.2988048339890693e-07,171.3,ASK
626,1712365825.5258002,47533760.21973784,167.0,-1.1139096241471635e-06,171.3,ASK
627,1712365825.530928,47536510.94129472,167.0,-2.1481049409248985e-07,171.3,ASK
628,1712365825.5360117,47564918.09358512,167.1,-2.2183831744071327e-06,171.3,ASK
629,1712365825.6260142,47565869.05765697,167.0,7.426308258226601e-08,171.3,BID
630,1712365825.6391878,47572255.53645831,167.0,4.987355639090177e-07,171.3,BID
631,1712365825.7391045,47573968.83592035,167.3,1.3379569555040613e-07,171.3,BID
632,1712365825.7793365,47574088.59639939,167.0,-9.352385235463232e-09,171.3,ASK
633,1712365825.7861178,47574208.42863426,166.9,-9.357988821947894e-09,171.3,ASK
634,1712365825.7913618,47574351.56952337,167.1,-1.1178217961489128e-08,171.3,ASK
635,1712365825.7965117,47574929.33561932,166.9,-4.511915073002037e-08,171.3,ASK
636,1712365825.9991944,47575872.00148901,167.3,7.361505592083559e-08,171.3,BID
637,1712365826.1592095,47576816.46265698,166.9,-7.37552551021185e-08,171.3,ASK
638,1712365826.379225,47576904.39711696,167.3,6.867014492303541e-09,171.3,BID
639,1712365826.3845613,47577625.4957098,167.2,5.6312331806170415e-08,171.3,BID
640,1712365826.3897767,47577756.16444932,167.3,1.0204237658492204e-08,171.3,BID
641,1712365826.5037844,47578716.42332951,166.9,-7.498893662811523e-08,171.3,ASK
642,1712365826.723208,47579674.51657517,167.3,7.48198169941132e-08,171.3,BID
643,1712365826.8790464,47580174.51657517,167.1,-3.904620835853901e-08,171.3,ASK
644,1712365826.8853345,47580634.40820671,166.9,-3.591404893462072e-08,171.3,ASK
645,1712365827.0991616,47581572.06829049,167.1,7.322414200137769e-08,171.3,BID
646,1712365827.2791562,47582523.11585219,166.9,-7.426960250643662e-08,171.3,ASK
647,1712365827.4901447,47583481.84116637,167.1,7.486917675196657e-08,171.3,BID
648,1712365827.6191814,47584437.49438732,166.9,-7.462926956756685e-08,171.3,ASK
649,1712365827.8090775,47585397.39265183,167.1,7.496077527830388e-08,171.3,BID
650,1712365827.949543,47586353.85863617,166.9,-7.469274022455771e-08,171.3,ASK
651,1712365828.1690798,47587303.90052725,167.1,7.419106725656213e-08,171.3,BID
652,1712365828.3491323,47588263.3346031,166.9,-7.492452566421134e-08,171.3,ASK
653,1712365828.5340512,47589218.90013272,167.1,7.462242153972735e-08,171.3,BID
654,1712365828.6891408,47590178.95431694,166.9,-7.497295142455791e-08,171.3,ASK
655,1712365828.929134,47590916.78305076,167.1,5.761882894763297e-08,171.3,BID
656,1712365828.9358032,47591124.43887011,167.3,1.6216344778327678e-08,171.3,BID
657,1712365829.009287,47593767.87502411,167.1,-2.064323177031941e-07,171.3,ASK
658,1712365829.0893376,47593767.87502463,167.1,-4.072836913314061e-17,171.3,ASK
659,1712365829.0962586,47594711.68598136,166.9,-7.37044785352156e-08,171.3,ASK
660,1712365829.2291658,47598351.00210242,166.9,-2.84202991090738e-07,171.3,ASK
661,1712365829.3091848,47599299.96555358,166.9,7.410684927741791e-08,171.3,BID
662,1712365829.3493085,47601958.9332286,166.9,2.076452117145373e-07,171.3,BID
663,1712365829.4492185,47602904.28542607,166.9,-7.382483774968025e-08,171.3,ASK
664,1712365829.673972,47603856.95129576,167.3,7.439598008800637e-08,171.3,BID
665,1712365829.8201315,47604799.61836379,166.9,-7.36151495018275e-08,171.3,ASK
666,1712365830.031906,47605736.9046758,167.3,7.31949532604181e-08,171.3,BID
667,1712365830.274516,47606680.62532601,167.0,-7.369742628078742e-08,171.3,ASK
668,1712365830.419195,47606982.05383067,167.3,2.353928039637108e-08,171.3,BID
669,1712365830.4251816,47607635.30554119,167.3,5.1014004799008976e-08,171.3,BID
670,1712365830.4491315,47607635.30554119,167.3,0.0,171.3,BID
671,1712365830.579277,47608599.06231421,167.0,-7.453680539252807e-08,171.3,ASK
672,1712365830.7993567,47609545.16512353,167.3,7.317145046678848e-08,171.3,BID
673,1712365830.9619904,47610496.38125838,167.0,-7.356691430276027e-08,171.3,ASK
674,1712365831.197238,47611440.75924881,167.2,7.303805323032107e-08,171.3,BID
675,1712365831.3193665,47612405.50939932,167.0,-7.461363305932853e-08,171.3,ASK
676,1712365831.6570942,47613349.66609788,167.2,7.30209385506151e-08,171.3,BID
677,1712365831.719577,47614308.98578481,167.0,-7.419364181407581e-08,171.3,ASK
678,1712365831.898956,47615246.49176567,167.2,7.250657303365647e-08,171.3,BID
679,1712365832.0858471,47616187.21422202,167.0,-7.275533476910316e-08,171.3,ASK
680,1712365832.2790775,47617130.97020288,167.2,7.298994710291032e-08,171.3,BID
681,1712365832.4704554,47618088.1526231,167.0,-7.402834592535305e-08,171.3,ASK
682,1712365832.6724455,47618230.77962874,167.2,1.103075138916568e-08,171.3,BID
683,1712365832.676145,47619043.38431885,167.3,6.284672579560508e-08,171.3,BID
684,1712365832.8265662,47619990.47041156,167.2,-7.324749745807037e-08,171.3,ASK
685,1712365832.901436,47629459.45917256,167.2,-7.32330181532802e-07,171.3,ASK
686,1712365832.9220054,47633042.50915834,167.2,-2.771125526450753e-07,171.3,ASK
687,1712365833.0491734,47633995.13318703,167.3,7.367580060254217e-08,171.3,BID
688,1712365833.2091997,47634952.41193477,167.0,-7.403579588090762e-08,171.3,ASK
689,1712365833.4491992,47635892.1906429,167.2,7.268234542216176e-08,171.3,BID
690,1712365833.5948696,47636836.10394813,167.0,-7.300211454655985e-08,171.3,ASK
691,1712365833.8133216,47637794.93169932,167.2,7.415559557735631e-08,171.3,BID
692,1712365833.974101,47638752.1622833,167.0,-7.403207090313035e-08,171.3,ASK
693,1712365834.169025,47639699.75199621,167.2,7.32864473693751e-08,171.3,BID
694,1712365834.309248,47640160.66108717,167.0,-3.5646640498929543e-08,171.3,ASK
695,1712365834.3155386,47640647.71105701,167.0,-3.7668372180921866e-08,171.3,ASK
696,1712365834.529081,47641589.36177471,167.2,7.282712636411474e-08,171.3,BID
697,1712365834.636225,47642545.67724731,167.0,-7.396129632478578e-08,171.3,ASK
698,1712365834.8571565,47643505.59351525,167.2,7.423978130075724e-08,171.3,BID
699,1712365835.0702035,47644469.85600772,167.0,-7.45759176591895e-08,171.3,ASK
700,1712365835.2381682,47645420.74715604,167.2,7.354177989271668e-08,171.3,BID
701,1712365835.369119,47646364.66648174,167.0,-7.300258016892606e-08,171.3,ASK
702,1712365835.4315617,47652981.6439408,167.0,-5.117560518974148e-07,171.3,ASK
703,1712365835.4404187,47659900.74873121,167.0,-5.351225347395509e-07,171.3,ASK
704,1712365835.4431312,47660336.30441983,167.0,-3.3685812135312866e-08,171.3,ASK
705,1712365835.4458582,47719252.87629305,166.9,-4.556598900286989e-06,171.3,ASK
706,1712365835.4485795,47724306.25379591,167.0,-3.9082746399112693e-07,171.3,ASK
707,1712365835.4513276,47732179.89274587,166.9,-6.08946064578404e-07,171.3,ASK
708,1712365835.5833287,47733131.04912693,166.9,7.356229295349618e-08,171.3,BID
709,1712365835.6192253,47733928.66467322,166.9,6.168746764288914e-08,171.3,BID
710,1712365835.6791737,47734877.45455883,166.8,-7.337926854737383e-08,171.3,ASK
711,1712365835.8792405,47735837.10704534,166.9,7.42193804843475e-08,171.3,BID
712,1712365836.0247233,47736783.72956189,166.8,-7.321164454682e-08,171.3,ASK
713,1712365836.123073,47749242.8949165,166.9,9.63589994262962e-07,171.3,BID
714,1712365836.2068603,47750194.06118444,167.2,7.356305760357138e-08,171.3,BID
715,1712365836.359216,47751146.47539274,167.0,-7.365957312424983e-08,171.3,ASK
716,1712365836.4635997,47751457.66423615,167.2,2.406729883629297e-08,171.3,BID
717,1712365836.5295591,47752652.40426715,167.0,-9.240101618747105e-08,171.3,ASK
718,1712365836.581335,47753605.80139633,167.2,7.373559207979326e-08,171.3,BID
719,1712365836.7237933,47754561.29206382,166.8,-7.38975060202782e-08,171.3,ASK
720,1712365836.7298748,47754561.2920646,167.0,-6.050381342429914e-17,171.3,ASK
721,1712365836.919207,47755502.85306938,167.2,7.28201879798272e-08,171.3,BID
722,1712365837.1048057,47756461.99816269,166.9,-7.418013876948911e-08,171.3,ASK
723,1712365837.3233848,47757416.12495694,167.2,7.37920242677728e-08,171.3,BID
724,1712365837.4669936,47758379.18937596,166.9,-7.44832588365475e-08,171.3,ASK
725,1712365837.679042,47759319.78183556,167.1,7.274528084005435e-08,171.3,BID
726,1712365837.8438983,47760276.50670009,166.9,-7.399295863589266e-08,171.3,ASK
727,1712365838.049157,47761216.02196041,167.1,7.266197040745918e-08,171.3,BID
728,1712365838.1894214,47762179.23689117,166.9,-7.449489939282177e-08,171.3,ASK
729,1712365838.452207,47763126.18482653,167.1,7.3236812388966e-08,171.3,BID
730,1712365838.5795815,47764076.30523592,166.9,-7.348217105861527e-08,171.3,ASK
731,1712365838.811918,47765034.83306356,167.1,7.413239953432189e-08,171.3,BID
732,1712365838.9692566,47765997.24727186,166.9,-7.44329716365542e-08,171.3,ASK
733,1712365839.1704984,47766940.76612284,167.1,7.297160751370574e-08,171.3,BID
734,1712365839.3090951,47767882.11470802,166.9,-7.280375947963155e-08,171.3,ASK
735,1712365839.5293534,47768211.83044716,167.1,2.5500166194299683e-08,171.3,BID
736,1712365839.5490878,47769171.84840048,167.1,7.42476456331005e-08,171.3,BID
737,1712365839.7140262,47770137.14039325,166.9,-7.465553905903482e-08,171.3,ASK
738,1712365839.9090672,47770883.73616599,167.1,5.7741605950212113e-08,171.3,BID
739,1712365839.916248,47771097.33189534,167.1,1.6519461918581872e-08,171.3,BID
740,1712365840.0691493,47772057.56669365,166.9,-7.426441639242038e-08,171.3,ASK
741,1712365840.2692022,47772995.10708862,167.1,7.25092346154245e-08,171.3,BID
742,1712365840.4390504,47773956.66036977,166.9,-7.436638765892938e-08,171.3,ASK
743,1712365840.6641915,47774906.98352955,167.1,7.349785174377774e-08,171.3,BID
744,1712365840.799047,47775851.90225321,166.9,-7.307987345809276e-08,171.3,ASK
745,1712365841.0194094,47776808.26969785,167.1,7.39653158351268e-08,171.3,BID
746,1712365841.15945,47777767.86030591,166.9,-7.421459481421708e-08,171.3,ASK
747,1712365841.4041984,47778705.64606294,167.1,7.252821088049548e-08,171.3,BID
748,1712365841.5604992,47779657.10301658,166.9,-7.358553919164667e-08,171.3,ASK
749,1712365841.7882466,47780603.1712392,167.1,7.316877553672677e-08,171.3,BID
750,1712365841.943829,47781544.04420729,166.9,-7.27669753248012e-08,171.3,ASK
751,1712365842.151932,47782493.9424718,167.1,7.34649904067036e-08,171.3,BID
752,1712365842.282674,47783439.13211659,166.9,-7.3100826458234e-08,171.3,ASK
753,1712365842.49905,47784395.03277487,167.1,7.392921464734238e-08,171.3,BID
754,1712365842.6653695,47785358.68719991,166.9,-7.452888981460728e-08,171.3,ASK
755,1712365842.9090989,47786304.8369005,167.0,7.317507703079152e-08,171.3,BID
756,1712365843.071525,47787250.54430567,166.9,-7.314086996847543e-08,171.3,ASK
757,1712365843.2950156,47788207.55029369,167.0,7.401470068528028e-08,171.3,BID
758,1712365843.4409552,47789161.95125696,166.9,-7.3813228458427e-08,171.3,ASK
759,1712365843.649371,47790110.44227492,167.0,7.335615416777695e-08,171.3,BID
760,1712365843.8186944,47791051.70657353,166.9,-7.279724076880945e-08,171.3,ASK
761,1712365844.029276,47791998.80238191,167.0,7.324824886645383e-08,171.3,BID
762,1712365844.1690922,47792961.58383886,166.9,-7.446137459225003e-08,171.3,ASK
763,1712365844.3492503,47817366.86885009,167.0,1.887501110598752e-06,171.3,BID
764,1712365844.38917,47818325.71983752,167.1,7.415739266450379e-08,171.3,BID
765,1712365844.5544634,47819272.04735106,167.0,-7.318882905836631e-08,171.3,ASK
766,1712365844.7585268,47820231.56261138,167.1,7.420876743091544e-08,171.3,BID
767,1712365844.8533697,47821192.00210566,167.0,-7.428024754826192e-08,171.3,ASK
768,1712365845.071619,47822134.42580404,167.1,7.288690857448651e-08,171.3,BID
769,1712365845.2666802,47823090.19341391,167.0,-7.39189247032895e-08,171.3,ASK
770,1712365845.4290998,47824025.99832115,167.1,7.237501225272734e-08,171.3,BID
771,1712365845.6020205,47824980.35714113,167.0,-7.38099691024397e-08,171.3,ASK
772,1712365845.8190238,47825927.01183891,167.1,7.321413343860372e-08,171.3,BID
773,1712365845.9791577,47826879.57655895,167.0,-7.367121367994789e-08,171.3,ASK
774,1712365846.179383,47827822.82611011,167.1,7.295077990570101e-08,171.3,BID
775,1712365846.3413532,47828780.33965616,167.0,-7.40539551474278e-08,171.3,ASK
776,1712365846.5791354,47829727.47310918,167.1,7.325116029727882e-08,171.3,BID
777,1712365846.6833212,47829787.31751372,167.1,4.6283573407231354e-09,171.3,BID
778,1712365846.7191808,47830743.80757994,167.0,-7.39747993699487e-08,171.3,ASK
779,1712365846.9497793,47831700.80339083,167.1,7.401391358713786e-08,171.3,BID
780,1712365847.079106,47832664.28924272,167.0,-7.451585239238679e-08,171.3,ASK
781,1712365847.2824516,47833604.08577174,167.1,7.26837236869308e-08,171.3,BID
782,1712365847.4394023,47834547.55958269,167.0,-7.296812412419812e-08,171.3,ASK
783,1712365847.4791114,47835325.71646902,167.1,6.018253777799586e-08,171.3,BID
784,1712365847.4842205,47837930.53983403,167.1,2.0145665138136338e-07,171.3,BID
785,1712365847.6679907,47838881.15623139,167.1,7.352053069414e-08,171.3,BID
786,1712365847.8291264,47839821.9449129,167.0,-7.276045661340283e-08,171.3,ASK
787,1712365848.0553255,47840766.76238746,167.1,7.30720428678619e-08,171.3,BID
788,1712365848.189052,47841719.10435013,167.0,-7.365398565816014e-08,171.3,ASK
789,1712365848.4107828,47842658.7452837,167.1,7.267168995843762e-08,171.3,BID
790,1712365848.569023,47843607.09567503,167.0,-7.33452781250121e-08,171.3,ASK
791,1712365848.7891998,47844556.10225791,167.1,7.339602788184504e-08,171.3,BID
792,1712365848.954607,47845500.63567151,167.0,-7.30500736358745e-08,171.3,ASK
793,1712365849.1891055,47846436.78767629,167.1,7.240185672469056e-08,171.3,BID
794,1712365849.3091793,47847389.15372084,167.0,-7.365584814762503e-08,171.3,ASK
795,1712365849.4690971,47848349.5187717,167.1,7.42744901050637e-08,171.3,BID
796,1712365849.6463046,47849309.1214207,167.0,-7.421552605837328e-08,171.3,ASK
797,1712365849.8536212,47850255.64446079,167.1,7.32039510524681e-08,171.3,BID
798,1712365849.9890933,47851200.59328679,167.0,-7.308220156877138e-08,171.3,ASK
799,1712365850.2124617,47852146.34433406,167.1,7.31442452422783e-08,171.3,BID
800,1712365850.369109,47853106.18178138,167.0,-7.423368532604591e-08,171.3,ASK
801,1712365850.6006196,47854041.84306205,167.1,7.236390419512482e-08,171.3,BID
802,1712365850.7636192,47854309.14987954,167.0,-2.067346948191368e-08,171.3,ASK
803,1712365850.770439,47855001.22897415,167.0,-5.3525294177038084e-08,171.3,ASK
804,1712365850.9791856,47855960.36721472,167.1,7.417960877970881e-08,171.3,BID
805,1712365851.1348894,47856912.35999015,167.0,-7.362697956956297e-08,171.3,ASK
806,1712365851.339044,47857851.53413736,167.1,7.26355887706532e-08,171.3,BID
807,1712365851.4790852,47858810.22769545,167.0,-7.414521710297117e-08,171.3,ASK
808,1712365851.7390375,47859745.87102279,167.1,7.236251568734827e-08,171.3,BID
809,1712365851.8842158,47860429.95318882,167.0,-5.2906812910813123e-08,171.3,ASK
810,1712365851.8903902,47860707.71930695,167.0,-2.1482390237146152e-08,171.3,ASK
811,1712365852.099267,47861661.89644638,167.1,7.379591795553588e-08,171.3,BID
812,1712365852.2592754,47862610.13846925,167.0,-7.33368969247251e-08,171.3,ASK
813,1712365852.4592547,47863545.81770324,167.1,7.236529270232515e-08,171.3,BID
814,1712365852.639193,47864498.22589107,167.0,-7.365910750245985e-08,171.3,ASK
815,1712365852.819261,47867267.31533942,167.1,2.141609658199924e-07,171.3,BID
816,1712365852.8292916,47874443.31917327,167.1,5.549910685251255e-07,171.3,BID
817,1712365852.8491263,47875385.54538511,167.1,7.287163499470683e-08,171.3,BID
818,1712365853.0091257,47876333.58271202,167.0,-7.332106576945976e-08,171.3,ASK
819,1712365853.2290652,47877273.42711656,167.1,7.26874263727983e-08,171.3,BID
820,1712365853.380397,47878222.0123062,167.0,-7.336343739153227e-08,171.3,ASK
821,1712365853.4889977,47879120.41595064,167.0,-6.948240415429999e-08,171.3,ASK
822,1712365853.4924746,47881679.59694712,167.0,-1.9792667739186845e-07,171.3,ASK
823,1712365853.5930908,47882628.53770115,167.1,7.339093668877722e-08,171.3,BID
824,1712365853.7556598,47883575.76226466,167.0,-7.325820676903598e-08,171.3,ASK
825,1712365853.9691274,47884518.87417369,167.1,7.294013468383193e-08,171.3,BID
826,1712365854.1325915,47885480.43347531,167.0,-7.436685328071936e-08,171.3,ASK
827,1712365854.3690948,47886430.72671289,167.1,7.349553756511055e-08,171.3,BID
828,1712365854.489119,47887392.2679531,167.0,-7.436545641419693e-08,171.3,ASK
829,1712365854.649282,47888328.84485315,167.1,7.243471806176467e-08,171.3,BID
830,1712365854.832542,47889285.55165628,167.0,-7.39915617705227e-08,171.3,ASK
831,1712365855.0091083,47913754.00698389,167.0,-1.8923866934657944e-06,171.3,ASK
832,1712365855.029092,47914701.46958113,167.1,7.32766162620417e-08,171.3,BID
833,1712365855.188981,47915665.80431923,167.0,-7.458150512585541e-08,171.3,ASK
834,1712365855.3991437,47916621.5553665,167.1,7.391764375400643e-08,171.3,BID
835,1712365855.5626454,47917586.37776264,167.0,-7.461922052541822e-08,171.3,ASK
836,1712365855.7991598,47918533.19404031,167.1,7.322663000340656e-08,171.3,BID
837,1712365855.959348,47919361.52068133,167.0,-6.406265913863075e-08,171.3,ASK
838,1712365855.9663634,47919477.39030761,167.0,-8.961339652226578e-09,171.3,ASK
839,1712365856.0992055,47919537.27054714,167.0,-4.631128812974456e-09,171.3,ASK
840,1712365856.1618505,47920014.53760243,167.1,3.691176302623341e-08,171.3,BID
841,1712365856.1672242,47920494.48778232,167.1,3.711927548304168e-08,171.3,BID
842,1712365856.2811742,47922915.17533644,167.0,-1.8721561517159946e-07,171.3,ASK
843,1712365856.3191557,47923878.95017087,167.0,-7.453820225847425e-08,171.3,ASK
844,1712365856.5393078,47924828.6748866,167.1,7.345156816985767e-08,171.3,BID
845,1712365856.681991,47925785.77904072,167.0,-7.402229283632093e-08,171.3,ASK
846,1712365856.8811517,47926728.08305029,167.1,7.287765185981776e-08,171.3,BID
847,1712365857.0591683,47927672.45993168,167.0,-7.303796745781025e-08,171.3,ASK
848,1712365857.2591002,47928611.37674795,167.1,7.261568683411534e-08,171.3,BID
849,1712365857.5391147,47929571.18524585,167.1,7.423144638185394e-08,171.3,BID
850,1712365857.6791716,47930519.08410196,167.0,-7.331035645849415e-08,171.3,ASK
851,1712365857.9366102,47931472.97398825,167.1,7.377370184090708e-08,171.3,BID
852,1712365858.0693536,47932426.26116464,167.0,-7.372708834718333e-08,171.3,ASK
853,1712365858.2891016,47933381.21029689,167.1,7.385562376572566e-08,171.3,BID
854,1712365858.4334905,47934333.12480622,167.0,-7.362092648053083e-08,171.3,ASK
855,1712365858.6690698,47935267.82259197,167.1,7.228938764146499e-08,171.3,BID
856,1712365858.8137083,47935755.40002972,167.0,-3.7709166470883314e-08,171.3,ASK
857,1712365858.8198097,47936221.13987071,167.0,-3.6020249987554884e-08,171.3,ASK
858,1712365859.0491087,47937170.02676478,167.1,7.338677116717628e-08,171.3,BID
859,1712365859.1890943,47938116.85999777,167.0,-7.322794132502775e-08,171.3,ASK
860,1712365859.4294548,47939055.59129639,167.1,7.260133892637874e-08,171.3,BID
861,1712365859.5490975,47940013.21321089,167.0,-7.406233634713859e-08,171.3,ASK
862,1712365859.7902403,47940962.78233117,167.1,7.343953444078826e-08,171.3,BID
863,1712365859.9592917,47941925.3289898,167.0,-7.44432153251536e-08,171.3,ASK
864,1712365860.1593966,47942879.60188028,167.1,7.380332332842335e-08,171.3,BID
865,1712365860.3230822,47943839.34300008,167.0,-7.422623536933892e-08,171.3,ASK
866,1712365860.5389612,47944774.25622569,167.1,7.2306049728445e-08,171.3,BID
867,1712365860.6591876,47944774.25622569,167.1,0.0,171.3,BID
868,1712365860.6990364,47945734.25622569,167.0,-7.39243455462991e-08,171.3,ASK
869,1712365860.919143,47946675.9737601,167.1,7.251651293810817e-08,171.3,BID
870,1712365861.0991435,47947621.24769146,167.0,-7.27903716019724e-08,171.3,ASK
871,1712365861.2791655,47948559.7755191,167.1,7.227089107863343e-08,171.3,BID
872,1712365861.4433722,47949515.8140501,167.0,-7.361929450111177e-08,171.3,ASK
873,1712365861.6792717,47950460.26048935,167.1,7.272665096373454e-08,171.3,BID
874,1712365861.7643318,47951021.29700969,167.1,4.3202351660077153e-08,171.3,BID
875,1712365861.7695837,47965533.96633396,167.1,1.1175412311735548e-06,171.3,BID
876,1712365861.8062508,47966474.32154166,167.1,-7.24116076146064e-08,171.3,ASK
877,1712365862.024022,47967432.97584788,167.2,7.382072103365536e-08,171.3,BID
1078,1712365862.1789978,47967977.0869363,167.1,-4.189901678780913e-08,171.3,ASK
878,1712365862.1789978,47967977.0869363,167.1,-4.1899016787809133e-08,171.3,ASK
879,1712365862.1889231,47968384.19198273,167.0,-3.134893138108366e-08,171.3,ASK
880,1712365862.3891275,47969340.67523631,167.2,7.365354015269834e-08,171.3,BID
881,1712365862.4891198,47970299.52532661,167.0,-7.38357972944001e-08,171.3,ASK
882,1712365862.6694086,47983937.52532661,167.0,-1.0501877339171116e-06,171.3,ASK
883,1712365862.6952052,47984893.9607333,167.2,7.36498557260819e-08,171.3,BID
884,1712365862.8692112,48002847.28209776,167.0,-1.3824870127601248e-06,171.3,ASK
885,1712365862.8735194,48003789.90100203,167.0,-7.258592249765255e-08,171.3,ASK
886,1712365863.0691292,48004747.92731781,167.2,7.377236292771668e-08,171.3,BID
887,1712365863.235978,48005700.75091805,167.1,-7.337173028001493e-08,171.3,ASK
888,1712365863.4494796,48006660.55354962,167.2,7.390914728335079e-08,171.3,BID
889,1712365863.6091042,48007617.33259838,167.1,-7.367631772107428e-08,171.3,ASK
890,1712365863.8351195,48008553.94145005,167.2,7.212312124235998e-08,171.3,BID
891,1712365863.974279,48009516.88545968,167.1,-7.415104761376511e-08,171.3,ASK
892,1712365864.1998644,48009775.31514898,167.2,1.9900255886938213e-08,171.3,BID
893,1712365864.2032363,48009795.05926191,167.3,1.5203860696151915e-09,171.3,BID
894,1712365864.2065196,48010463.8174309,167.2,5.1497406219972926e-08,171.3,BID
895,1712365864.3291454,48011428.67594986,167.1,-7.42984734986962e-08,171.3,ASK
896,1712365864.5557327,48012364.65323617,167.3,7.20744878511926e-08,171.3,BID
897,1712365864.6991675,48013330.77605374,167.1,-7.439583021468384e-08,171.3,ASK
898,1712365864.9286268,48014280.38753012,167.3,7.312438220249889e-08,171.3,BID
899,1712365865.07927,48015241.03172036,167.1,-7.397395111111458e-08,171.3,ASK
900,1712365865.304905,48016199.14289788,167.3,7.37788976652952e-08,171.3,BID
901,1712365865.4592135,48017162.42405381,167.1,-7.417700940534536e-08,171.3,ASK
902,1712365865.6723711,48018099.08872804,167.3,7.212741983206695e-08,171.3,BID
903,1712365865.7990716,48019045.6510399,167.1,-7.288958273217707e-08,171.3,ASK
904,1712365865.9592564,48019982.68630588,167.3,7.215595707451336e-08,171.3,BID
905,1712365866.1392343,48020928.68871406,167.1,-7.284646761425265e-08,171.3,ASK
906,1712365866.3391836,48021886.41734526,167.3,7.374943986754771e-08,171.3,BID
907,1712365866.4867485,48022832.82914538,167.1,-7.287799264676288e-08,171.3,ASK
908,1712365866.7415273,48023788.28640778,167.3,7.357453418822263e-08,171.3,BID
909,1712365866.762475,48023973.20878338,167.3,1.4239859992582866e-08,171.3,BID
910,1712365866.8591676,48024934.12991522,167.1,-7.399527686772595e-08,171.3,ASK
911,1712365867.114885,48025886.03182909,167.2,7.330075625712838e-08,171.3,BID
912,1712365867.2239,48026842.38342451,167.1,-7.364340187904872e-08,171.3,ASK
913,1712365867.4038205,48027791.96476422,167.2,7.312206154270815e-08,171.3,BID
914,1712365867.5692992,48028752.66313869,167.1,-7.397812354138178e-08,171.3,ASK
915,1712365867.789129,48029689.7444784,167.2,7.215950496007404e-08,171.3,BID
916,1712365867.9401813,48030652.91726587,167.1,-7.416866454366355e-08,171.3,ASK
917,1712365868.149166,48031012.65105202,167.2,2.7701129908428303e-08,171.3,BID
918,1712365868.1550188,48031603.18042376,167.2,4.5473434720448855e-08,171.3,BID
919,1712365868.3092282,48032561.97030937,167.1,-7.383116126057867e-08,171.3,ASK
920,1712365868.5400312,48033507.46672085,167.2,7.280750357816044e-08,171.3,BID
921,1712365868.693471,48034463.34871964,167.1,-7.360724081271705e-08,171.3,ASK
922,1712365868.909119,48035422.44560959,167.2,7.385480198444726e-08,171.3,BID
923,1712365868.9691052,48037779.35213493,167.1,-1.814924712492509e-07,171.3,ASK
924,1712365868.9757428,48041647.19428059,167.1,-2.978413534314969e-07,171.3,ASK
925,1712365869.0499227,48041647.19428104,167.1,-3.4997434342312977e-17,171.3,ASK
926,1712365869.0582156,48042593.14250455,167.0,-7.284229514956178e-08,171.3,ASK
927,1712365869.2246592,48051868.77038375,167.1,-7.142653338552512e-07,171.3,ASK
928,1712365869.2887385,48052823.33378087,167.2,7.350570251492001e-08,171.3,BID
929,1712365869.4291682,48053769.07128839,167.1,-7.282606906474981e-08,171.3,ASK
930,1712365869.6494324,48054704.57966159,167.2,7.203837941870727e-08,171.3,BID
931,1712365869.7890606,48055664.8144599,167.1,-7.394242607860435e-08,171.3,ASK
932,1712365870.045413,48056602.70919674,167.2,7.222214022115944e-08,171.3,BID
933,1712365870.1791751,48069154.7168953,167.2,9.66561410841696e-07,171.3,BID
934,1712365870.18655,48077328.41018654,167.2,6.294113825531782e-07,171.3,BID
935,1712365870.1922405,48078269.3072365,167.2,7.245333192186803e-08,171.3,BID
936,1712365870.4248056,48079209.65989639,167.3,7.241141142185811e-08,171.3,BID
937,1712365870.579137,48080160.09939067,167.2,-7.31881433293259e-08,171.3,ASK
938,1712365870.5991905,48101111.53665778,167.2,-1.613355508568156e-06,171.3,ASK
939,1712365870.6051157,48188555.6515876,167.1,-6.733592675064718e-06,171.3,ASK
940,1712365870.7792456,48189491.61691933,167.3,7.207356729417035e-08,171.3,BID
941,1712365870.9242585,48190453.65785852,167.1,-7.408150710242734e-08,171.3,ASK
942,1712365871.159227,48191398.29623269,167.3,7.274143082145447e-08,171.3,BID
943,1712365871.2990923,48192356.12284316,167.1,-7.375698471427199e-08,171.3,ASK
944,1712365871.4991286,48230294.56611209,167.1,-2.921431864272108e-06,171.3,ASK
945,1712365871.539121,48231231.82253767,167.3,7.21729873642216e-08,171.3,BID
946,1712365871.6991608,48232180.2511951,167.1,-7.303329978982151e-08,171.3,ASK
947,1712365871.7992144,48245458.70633922,167.1,-1.0225011524943489e-06,171.3,ASK
948,1712365871.9152644,48246408.39552033,167.3,7.313036581884068e-08,171.3,BID
949,1712365872.0190785,48251055.85482078,167.1,-3.57875403373854e-07,171.3,ASK
950,1712365872.0591197,48252010.04506761,167.1,-7.34769682535564e-08,171.3,ASK
951,1712365872.2790632,48252948.34751829,167.3,7.225353603224124e-08,171.3,BID
952,1712365872.2996352,48254574.95827344,167.1,-1.2525639118047594e-07,171.3,ASK
953,1712365872.4390397,48255520.72588331,167.1,-7.28283870819474e-08,171.3,ASK
954,1712365872.5846949,48256090.03964762,167.2,-4.383973691319528e-08,171.3,ASK
955,1712365872.6490967,48257037.61286937,167.3,7.296742736990427e-08,171.3,BID
956,1712365872.8093238,48257993.47680675,167.2,-7.3605850002628e-08,171.3,ASK
957,1712365872.8313282,48258192.73662426,167.2,-1.5343907919962582e-08,171.3,ASK
958,1712365873.0490274,48259134.99006119,167.3,7.255777985816309e-08,171.3,BID
959,1712365873.168937,48259204.73099731,167.2,-5.370367770954192e-09,171.3,ASK
960,1712365873.1954522,48260163.26200272,167.2,-7.381122631348263e-08,171.3,ASK
961,1712365873.4341123,48261109.81310851,167.3,7.288871981420798e-08,171.3,BID
962,1712365873.56917,48262071.61322891,167.2,-7.406296296542037e-08,171.3,ASK
963,1712365873.788985,48263021.18286429,167.3,7.312116025665017e-08,171.3,BID
964,1712365873.9491684,48263618.33922052,167.2,-4.598374252353393e-08,171.3,ASK
965,1712365873.9553,48263981.64644044,167.1,-2.7976300484395122e-08,171.3,ASK
966,1712365874.169202,48264929.78152711,167.3,7.301069351208502e-08,171.3,BID
967,1712365874.3493094,48265886.68700573,167.1,-7.368605339227142e-08,171.3,ASK
968,1712365874.5152855,48266845.39591188,167.3,7.382492547567412e-08,171.3,BID
969,1712365874.6695826,48267801.16352175,167.1,-7.359843234805469e-08,171.3,ASK
970,1712365874.8902955,48268754.8933484,167.3,7.344151381583169e-08,171.3,BID
971,1712365874.9892497,48269720.02880896,167.1,-7.431979925530755e-08,171.3,ASK
972,1712365875.219102,48270675.79689025,167.3,7.359846864957375e-08,171.3,BID
973,1712365875.3391523,48271624.89984028,167.1,-7.308522337183458e-08,171.3,ASK
974,1712365875.5792527,48272571.4808325,167.3,7.289102120475561e-08,171.3,BID
975,1712365875.6991878,48273515.40617867,167.1,-7.268652443737254e-08,171.3,ASK
976,1712365875.8791938,48274464.84431375,167.3,7.311103413801109e-08,171.3,BID
977,1712365876.0391395,48275408.05322404,167.1,-7.263135563220084e-08,171.3,ASK
978,1712365876.2593312,48276362.90678052,167.3,7.352804609904571e-08,171.3,BID
979,1712365876.399175,48277305.3450707,167.2,-7.257201439504078e-08,171.3,ASK
980,1712365878.629073,48284917.17489558,167.3,5.861453523062887e-07,171.3,BID
981,1712365878.6329362,48292503.80820453,167.3,5.842051065252268e-07,171.3,BID
982,1712365879.7092552,48292756.98839546,167.6,1.9496020749646017e-08,171.3,BID
983,1712365879.8527982,48293356.56847944,167.3,-4.617038053218962e-08,171.3,ASK
984,1712365880.6191535,48308737.28137072,167.3,-1.1843845151285916e-06,171.3,ASK
985,1712365881.0415647,48315566.93339154,167.2,-5.259141207792078e-07,171.3,ASK
986,1712365881.0489416,48315943.76396375,167.2,-2.9017659825500324e-08,171.3,ASK
987,1712365881.5991445,48324283.73623702,167.3,6.422156168495863e-07,171.3,BID
988,1712365882.1267922,48324368.92974307,167.3,6.560285603467431e-09,171.3,BID
1189,1712365882.3591192,48324673.51146296,167.3,2.345417115442912e-08,171.3,BID
989,1712365882.3591192,48324673.51146296,167.3,2.3454171154429122e-08,171.3,BID
990,1712365882.6011982,48326171.14445758,167.3,1.153245197874738e-07,171.3,BID
991,1712365884.1691551,48337348.5845969,167.2,-8.607134866483562e-07,171.3,ASK
992,1712365884.8090825,48380806.55959427,167.1,-3.3464607921334506e-06,171.3,ASK
993,1712365885.0490203,48388580.81839788,167.2,5.986531189209689e-07,171.3,BID
994,1712365885.4992535,48388738.86863711,167.2,1.2170583852442324e-08,171.3,BID
995,1712365885.5593207,48398740.06488332,167.1,-7.701373824807175e-07,171.3,ASK
996,1712365885.5673344,48414237.05001731,167.1,-1.1933380041364425e-06,171.3,ASK
997,1712365885.5722892,48417935.14112735,167.1,-2.8476975529164746e-07,171.3,ASK
998,1712365886.3681138,48417972.69393912,167.0,-2.891736493376246e-09,171.3,ASK
999,1712365886.8505828,48429485.54313989,167.1,8.865415026460146e-07,171.3,BID
1000,1712365887.799254,48434712.28565486,167.0,-4.024828330812717e-07,171.3,ASK
1201,1712365887.815092,48452989.01198242,167.0,-1.407390658847656e-06,171.3,ASK
1202,1712365889.5890558,48457694.58857772,167.0,3.6235069815151763e-07,171.3,BID
1203,1712365889.6187396,48465079.43836993,166.9,-5.686668623406389e-07,171.3,ASK
1204,1712365889.62073,48474171.9154439,166.9,-7.001618927997633e-07,171.3,ASK
1205,1712365890.4707718,48485878.80417314,167.0,9.014834246799402e-07,171.3,BID
1206,1712365890.4790692,48487724.3966883,167.0,1.4211897794586586e-07,171.3,BID
1207,1712365890.6491368,48487724.3966883,167.0,0.0,171.3,BID
1208,1712365893.4893358,48493065.06253957,166.9,-4.084018560811678e-07,171.3,ASK
1209,1712365893.4920127,48526839.65517134,166.9,-2.582750298057716e-06,171.3,ASK
1210,1712365895.8398612,48527139.41536318,166.8,-2.2922725767551546e-08,171.3,ASK
1211,1712365895.8425725,48527768.00996276,166.8,-4.806876302340034e-08,171.3,ASK
1212,1712365895.848034,48527887.91403949,166.8,-9.169090306906669e-09,171.3,ASK
1213,1712365895.8506737,48534983.06249916,166.7,-5.425675151363991e-07,171.3,ASK
1214,1712365895.859141,48535598.00272741,166.7,-4.702461033728648e-08,171.3,ASK
1215,1712365896.2426257,48537516.45878759,166.7,-1.4670474386642125e-07,171.3,ASK
1216,1712365896.799171,48540641.62456291,166.9,2.389820930097082e-07,171.3,BID
1217,1712365896.8013034,48567357.09529357,166.9,2.042937741533041e-06,171.3,BID
1218,1712365897.2611554,48574968.92511845,166.9,-5.820782492718785e-07,171.3,ASK
1219,1712365897.5791287,48577287.72979088,166.9,-1.773194875853249e-07,171.3,ASK
1220,1712365899.9604585,48596777.26765517,166.9,-1.490369114937906e-06,171.3,ASK
1221,1712365901.8591905,48597287.72979088,166.9,3.903514832956091e-08,171.3,BID
1222,1712365901.8691118,48607256.25451055,167.0,7.622952102375531e-07,171.3,BID
1223,1712365903.109063,48609129.65395012,167.0,-1.4325925448374374e-07,171.3,ASK
1224,1712365904.1291006,48612776.59733164,167.0,-2.788825377800144e-07,171.3,ASK
1225,1712365904.132196,48615099.80320385,166.7,-1.7765604827013728e-07,171.3,ASK
1226,1712365908.2693467,48615535.35889247,166.9,-3.330703635326172e-08,171.3,ASK
1227,1712365908.329108,48615628.8207227,167.6,7.147046080217538e-09,171.3,BID
1228,1712365908.3314435,48616968.95593643,167.6,1.0248042546188396e-07,171.3,BID
1229,1712365909.313931,48620255.80353059,166.9,-2.513459361606961e-07,171.3,ASK
1230,1712365909.809301,48620570.97403131,166.9,-2.410115537271694e-08,171.3,ASK
1231,1712365909.8120625,48633050.36960776,166.7,-9.543020398815491e-07,171.3,ASK
1232,1712365909.8191206,48646244.67122934,166.7,-1.0089710575439609e-06,171.3,ASK
1233,1712365920.4470065,48646244.67122934,166.7,-0.0,171.3,ASK
1234,1712365923.329074,48650133.42572035,167.0,-2.967735752154466e-07,171.3,ASK
1235,1712365923.3308198,48651820.31938,166.9,-1.2873671082617177e-07,171.3,ASK
1236,1712365929.8921282,48652583.19871094,167.4,5.8219778858412884e-08,171.3,BID
1237,1712365930.4563415,48663364.1397784,167.1,-8.227566003906549e-07,171.3,ASK
1238,1712365933.329223,48694542.89588749,167.0,-2.3794330402339887e-06,171.3,ASK
1239,1712365936.2993925,48713311.57091612,167.0,-1.4323472472186114e-06,171.3,ASK
1240,1712365936.3017344,48714542.89588749,166.9,-9.39696025676955e-08,171.3,ASK
1241,1712365940.319126,48715401.89588749,167.0,6.55553086983219e-08,171.3,BID
1242,1712365945.6406426,48727764.55288234,167.0,9.434665839689312e-07,171.3,BID
1243,1712365949.2691376,48734650.13404385,166.9,-5.254789273689251e-07,171.3,ASK
1244,1712365950.4431996,48734650.13404385,166.9,-0.0,171.3,ASK
1245,1712365950.8192513,48735029.47717522,166.9,-2.8917308493873173e-08,171.3,ASK
1246,1712365950.82276,48749207.08392327,166.9,-1.0807582743272208e-06,171.3,ASK
1247,1712365953.9894855,48751152.81833574,166.8,-1.4832323983086885e-07,171.3,ASK
1248,1712365953.9924784,48751774.39603609,166.8,-4.738283793061869e-08,171.3,ASK
1249,1712365957.557731,48751810.39603609,166.7,-2.7442782528247207e-09,171.3,ASK
1250,1712365957.5592096,48753083.24537632,166.7,-9.70292434310029e-08,171.3,ASK
1251,1712365957.5606036,48753207.99308005,166.7,-9.50951140108248e-09,171.3,ASK
1252,1712365957.989539,48753499.62004286,166.8,2.2230709221635497e-08,171.3,BID
1253,1712365957.9926,48754156.99308005,166.8,5.011151472088283e-08,171.3,BID
1254,1712365958.5692744,48758882.94397977,166.7,-3.602590077227652e-07,171.3,ASK
1255,1712365958.5724156,48764303.60607945,166.7,-4.1321680877966493e-07,171.3,ASK
1256,1712365959.2005146,48764952.59481301,166.8,4.9472379662126243e-08,171.3,BID
1257,1712365959.2019506,48767295.22177582,166.8,1.7857833968117726e-07,171.3,BID
1258,1712365959.5091467,48772106.07069624,166.7,-3.667307797203716e-07,171.3,ASK
1259,1712365959.5190437,48773905.71076822,166.7,-1.3718647534578968e-07,171.3,ASK
1260,1712365963.1092155,48774504.40722642,166.7,4.56386019521198e-08,171.3,BID
1261,1712365963.111791,48774855.71076822,166.7,2.6779851941865884e-08,171.3,BID
1262,1712365964.3690398,48775470.65718481,166.7,4.687733549142223e-08,171.3,BID
1263,1712365965.999217,48776728.89565095,166.8,9.591545720848437e-08,171.3,BID
1264,1712365966.001683,48778467.21694422,166.9,1.3251214782022948e-07,171.3,BID
1265,1712365976.93925,48779051.30680442,166.8,4.452514169568644e-08,171.3,BID
1266,1712365976.9416866,48779396.12984604,166.8,2.628584372735542e-08,171.3,BID
1267,1712365976.9446225,48787981.68673944,166.8,6.544765853041476e-07,171.3,BID
1268,1712365980.6691127,48787981.68673944,166.8,0.0,171.3,BID
1269,1712365984.5291934,48788507.36761362,166.8,-4.004547298629813e-08,171.3,ASK
1270,1712365986.8021052,48818122.95526616,166.9,2.256064988391792e-06,171.3,BID
1271,1712365988.4493814,48836409.8700808,166.8,-1.3930660010206804e-06,171.3,ASK
1272,1712365992.2393858,48855520.16505321,166.8,1.4557896980105634e-06,171.3,BID
1273,1712365992.5193455,48856850.17297408,166.7,-1.0131773644876853e-07,171.3,ASK
1274,1712365992.5225103,48872624.11770365,166.7,-1.2016322232305325e-06,171.3,ASK
1275,1712365995.8951,48874441.19826088,166.7,-1.384220996848114e-07,171.3,ASK
1276,1712365996.26058,48884643.02134694,166.7,-7.771574939608901e-07,171.3,ASK
1277,1712365996.6191854,48921229.29655465,166.8,2.787080084993274e-06,171.3,BID
1278,1712365997.3392236,48922560.57858336,166.7,-1.0141479581261401e-07,171.3,ASK
1279,1712365998.379117,48923057.93018224,166.7,-3.7887397080240666e-08,171.3,ASK
1280,1712366001.2395236,48923177.97820144,166.6,-9.145053484053788e-09,171.3,ASK
1281,1712366001.24267,48929376.84755426,166.6,-4.722193014902505e-07,171.3,ASK
1282,1712366001.3265955,48930111.84755426,166.6,5.599104721211416e-08,171.3,BID
1283,1712366001.3590472,48933528.38879667,166.6,2.602662884436652e-07,171.3,BID
1284,1712366003.4890022,48934746.35197956,166.6,-9.278235928673556e-08,171.3,ASK
1285,1712366005.349209,48934999.53217049,166.6,-1.9286835406037303e-08,171.3,ASK
1286,1712366005.596731,48935600.13277109,166.5,-4.5752730046030344e-08,171.3,ASK
1287,1712366005.5994935,48941570.28202482,166.5,-4.547957941893306e-07,171.3,ASK
1288,1712366005.6009266,48945570.28202482,166.6,-3.047131821067437e-07,171.3,ASK
1289,1712366005.6023796,48963715.13713381,166.5,-1.382244134781066e-06,171.3,ASK
1290,1712366005.6038332,48963835.25725393,166.5,-9.150546009433096e-09,171.3,ASK
1291,1712366005.6052752,48964735.27544915,166.6,-6.856185205481323e-08,171.3,ASK
1292,1712366006.219093,48965722.27544915,166.6,7.5187977684839e-08,171.3,BID
1293,1712366007.4637082,48966761.27544915,166.6,7.914924905222668e-08,171.3,BID
1294,1712366008.709206,48966870.95974375,166.6,8.355562608961693e-09,171.3,BID
1295,1712366008.710734,48967711.27544915,166.6,6.401381814138992e-08,171.3,BID
1296,1712366009.8893778,48967891.34747796,166.6,1.3717580226648251e-08,171.3,BID
1297,1712366010.688969,48967891.34747796,166.6,0.0,171.3,BID
1298,1712366011.3318956,48970831.34747796,166.6,2.234535646485035e-07,171.3,BID
1299,1712366011.626017,48978748.95296319,166.5,-6.017745473317485e-07,171.3,ASK
1300,1712366011.7391148,48979488.86298118,166.5,-5.6236575183302406e-08,171.3,ASK
1301,1712366013.709195,48980233.86298118,166.6,5.6623437300386094e-08,171.3,BID
1302,1712366016.919273,48987489.01958464,166.6,5.514253758935153e-07,171.3,BID
1303,1712366016.9224794,48987876.94550648,166.6,2.948415988273929e-08,171.3,BID
1304,1712366016.9257753,48988445.54010606,166.6,4.321581296424438e-08,171.3,BID
1305,1712366017.279279,49002033.10667865,166.6,-1.032717750185189e-06,171.3,ASK
1306,1712366017.28258,49022057.69211388,166.5,-1.5219608830305712e-06,171.3,ASK
1307,1712366018.6890066,49028060.09307427,166.6,4.562101670236301e-07,171.3,BID
1308,1712366019.74925,49048283.1748107,166.6,-1.5370475177494725e-06,171.3,ASK
1309,1712366022.319022,49078018.91808937,166.5,-2.260053684724828e-06,171.3,ASK
1310,1712366025.709296,49086821.28935882,166.5,-6.690208290877837e-07,171.3,ASK
1311,1712366027.7656665,49089479.16280305,166.5,-2.020106447270908e-07,171.3,ASK
1312,1712366029.629172,49098801.63768428,166.5,-7.085511032508083e-07,171.3,ASK
1313,1712366029.7806587,49105796.91845886,166.6,5.316736138764285e-07,171.3,BID
1314,1712366030.3890488,49105828.41471055,166.6,2.393860447034866e-09,171.3,BID
1315,1712366030.5325985,49107690.68379266,166.6,1.4154104242565566e-07,171.3,BID
1316,1712366032.279165,49126390.87480067,166.5,-1.4213007960365668e-06,171.3,ASK
1317,1712366034.409199,49126566.58022446,166.5,-1.3354422882652637e-08,171.3,ASK
1318,1712366034.4114556,49137720.90550499,166.5,-8.477801854361167e-07,171.3,ASK
1319,1712366036.7394114,49137945.1455122,166.5,1.704327515266323e-08,171.3,BID
1320,1712366036.743057,49140351.90550499,166.6,1.829248638235996e-07,171.3,BID
1321,1712366036.9024386,49140472.09781268,166.4,-9.135169931273571e-09,171.3,ASK
1322,1712366036.9040272,49140509.95574422,166.4,-2.8773774669053e-09,171.3,ASK
1323,1712366040.408912,49140509.95574422,166.4,-0.0,171.3,ASK
1324,1712366042.6192114,49156933.60263719,166.4,-1.2455515016739938e-06,171.3,ASK
1325,1712366042.741415,49157724.60263719,166.4,5.998857892190548e-08,171.3,BID
1326,1712366046.3838627,49159393.26266661,166.3,-1.2654936013788088e-07,171.3,ASK
1327,1712366046.3873432,49159453.39495765,166.3,-4.560367492338737e-09,171.3,ASK
1328,1712366046.5992043,49174550.37535468,166.4,1.1449385588239402e-06,171.3,BID
1329,1712366051.699339,49184959.62993361,166.4,-7.894265358110436e-07,171.3,ASK
1330,1712366051.8190494,49185991.62993361,166.4,7.82657565706782e-08,171.3,BID
1331,1712366054.0792215,49193550.11659088,166.3,-5.732273999617812e-07,171.3,ASK
1332,1712366054.0819843,49198014.95024756,166.3,-3.386081241303942e-07,171.3,ASK
1333,1712366054.145192,49198568.21140872,166.3,-4.1958724185122244e-08,171.3,ASK
1334,1712366054.1487908,49201923.54916516,166.3,-2.54465162846843e-07,171.3,ASK
1335,1712366054.3093207,49202873.54916516,166.4,7.204696583541114e-08,171.3,BID
1336,1712366054.6293397,49203912.3129589,166.3,-7.877871532520696e-08,171.3,ASK
1337,1712366057.2844543,49207579.12576046,166.3,2.780870911983861e-07,171.3,BID
1338,1712366057.901611,49208529.12576046,166.4,7.204696583541114e-08,171.3,BID
1339,1712366062.1195574,49219438.6048356,166.2,-8.273630170619309e-07,171.3,ASK
1340,1712366062.1273816,49255017.08638063,166.2,-2.698233309842799e-06,171.3,ASK
1341,1712366063.559182,49256989.74987646,166.3,1.4960465209359217e-07,171.3,BID
1342,1712366066.3391078,49258708.58999743,166.3,-1.3035496365489073e-07,171.3,ASK
1343,1712366069.2890143,49265759.95807569,166.3,5.347680789756699e-07,171.3,BID
1344,1712366070.4690597,49265759.95807569,166.3,0.0,171.3,BID
1345,1712366070.949085,49266708.95807569,166.3,7.185761717772692e-08,171.3,BID
1346,1712366071.1723654,49267307.76047089,166.2,-4.534089913545525e-08,171.3,ASK
1347,1712366072.319141,49269664.66699668,166.2,-1.7846331596833916e-07,171.3,ASK
1348,1712366073.3837757,49271377.96645872,166.2,-1.2972983862410256e-07,171.3,ASK
1349,1712366076.7050335,49276894.43064119,166.2,-4.177028149613314e-07,171.3,ASK
1350,1712366076.88521,49279731.67159044,166.2,-2.1483390302658746e-07,171.3,ASK
1351,1712366076.8874726,49280825.43963682,166.1,-8.281935253734338e-08,171.3,ASK
1352,1712366076.889379,49281325.43963682,166.1,-3.785965077857056e-08,171.3,ASK
1353,1712366076.8913214,49286839.52392339,166.1,-4.175226109063288e-07,171.3,ASK
1354,1712366080.9092195,49288144.03522679,166.1,-9.877668476703189e-08,171.3,ASK
1355,1712366081.5192077,49302518.08967346,166.1,1.0883933632459769e-06,171.3,BID
1356,1712366087.2992384,49309761.18974961,166.1,-5.48442478874847e-07,171.3,ASK
1357,1712366087.3029478,49316932.57600823,166.1,-5.430123586989619e-07,171.3,ASK
1358,1712366088.0591834,49319942.81080655,166.1,-2.2793287645176453e-07,171.3,ASK
1359,1712366088.1192482,49320891.81080655,166.3,7.185761717772692e-08,171.3,BID
1360,1712366089.1292007,49322389.44380117,166.1,-1.1339972434170705e-07,171.3,ASK
1361,1712366095.2893343,49324255.78937612,166.2,-1.413183833991124e-07,171.3,ASK
1362,1712366095.2930422,49325619.40745079,166.1,-1.0325220820473877e-07,171.3,ASK
1363,1712366098.4396255,49325915.32175374,166.1,-2.24064243403382e-08,171.3,ASK
1364,1712366100.478979,49325915.32175374,166.1,-0.0,171.3,ASK
1365,1712366107.5993032,49326927.0013444,166.1,-7.680294539668206e-08,171.3,ASK
1366,1712366107.6024246,49371447.06929971,166.1,-3.3797976946504566e-06,171.3,ASK
1367,1712366107.699324,49372420.06929971,166.1,7.386653497913823e-08,171.3,BID
1368,1712366107.7590966,49381070.06929971,166.1,6.566757734527704e-07,171.3,BID
1369,1712366108.159342,49381190.55122742,166.0,-9.146539082612096e-09,171.3,ASK
1370,1712366108.169138,49384044.48928781,166.0,-2.166603448776381e-07,171.3,ASK
1371,1712366111.6678689,49385958.71817281,166.0,-1.4532112527452114e-07,171.3,ASK
1372,1712366111.6711037,49391160.00416876,166.0,-3.9486225483658564e-07,171.3,ASK
1373,1712366112.899216,49467765.83129733,166.1,5.815628991982164e-06,171.3,BID
1374,1712366112.9602745,49469608.90729972,166.1,1.3991946351458536e-07,171.3,BID
1375,1712366112.9636426,49471885.95196778,166.1,1.7286474781353985e-07,171.3,BID
1376,1712366116.6611383,49472885.95196778,166.0,-7.591627438760351e-08,171.3,ASK
1377,1712366116.663535,49473131.35501049,166.0,-1.8630084725459548e-08,171.3,ASK
1378,1712366116.6664574,49484801.37007072,166.0,-8.859440654199688e-07,171.3,ASK
1379,1712366118.1592422,49485801.37007072,165.9,-7.591627438760351e-08,171.3,ASK
1380,1712366118.1629384,49486801.37007072,165.9,-7.591627438760351e-08,171.3,ASK
1381,1712366118.1992638,49488007.96466524,166.0,9.160016631243086e-08,171.3,BID
1382,1712366118.2009668,49489488.86093234,165.9,1.124241273528301e-07,171.3,BID
1383,1712366126.2692063,49504818.136548,165.7,-1.163741493801256e-06,171.3,ASK
1384,1712366126.2791169,49530354.64360986,165.7,-1.938636477009249e-06,171.3,ASK
1385,1712366126.2893,49545421.63684975,165.7,-1.1438299929959988e-06,171.3,ASK
1386,1712366129.8291397,49545578.68551693,165.6,-1.1922549709658913e-08,171.3,ASK
1387,1712366129.831224,49624595.58404998,165.6,-5.998668550292165e-06,171.3,ASK
1388,1712366129.9890542,49630289.96469638,165.5,-4.3229616361957313e-07,171.3,ASK
1389,1712366129.990826,49630925.29978912,165.5,-4.823227322895771e-08,171.3,ASK
1390,1712366130.429107,49630925.29978912,165.5,-0.0,171.3,ASK
1391,1712366131.759185,49641934.66829327,165.6,8.32592374871611e-07,171.3,BID
1392,1712366132.659341,49644948.53206663,165.5,-2.279258792779478e-07,171.3,ASK
1393,1712366133.241356,49656461.3812674,165.5,-8.706685087341539e-07,171.3,ASK
1394,1712366134.373476,49659470.52744058,165.5,-2.275691069583096e-07,171.3,ASK
1395,1712366139.049,49687785.09025677,165.5,-2.1413116555879867e-06,171.3,ASK
1396,1712366139.238548,49688896.09025677,165.5,-8.402027129295914e-08,171.3,ASK
1397,1712366140.3313928,49725779.79002676,165.5,-2.789359550821333e-06,171.3,ASK
1398,1712366142.399231,49731807.51757348,165.5,-4.558517585558956e-07,171.3,ASK
1399,1712366143.228527,49734806.91769345,165.5,-2.2683205382162493e-07,171.3,ASK
1400,1712366144.809179,49736013.91829695,165.7,9.12803943803652e-08,171.3,BID
1401,1712366145.1492052,49736030.58618695,165.7,1.2605226283399162e-09,171.3,BID
1402,1712366147.3008037,49736047.25407695,165.7,1.2605226277764602e-09,171.3,BID
1403,1712366148.7790754,49736063.92196695,165.7,1.2605226277764602e-09,171.3,BID
1404,1712366150.209188,49736080.58985695,165.7,1.2605226283399162e-09,171.3,BID
1405,1712366152.5190983,49736097.25774695,165.7,1.2605226277764602e-09,171.3,BID
1406,1712366153.9591894,49736113.92563695,165.7,1.2605226277764602e-09,171.3,BID
1407,1712366155.4293544,49736130.59352695,165.7,1.2605226283399162e-09,171.3,BID
1408,1712366156.929151,49736147.26141695,165.7,1.2605226277764602e-09,171.3,BID
1409,1712366158.3992286,49736163.92930695,165.7,1.2605226277764602e-09,171.3,BID
1410,1712366159.8394222,49764109.23202795,165.7,2.113386062990451e-06,171.3,BID
1411,1712366159.876172,49770793.01593865,165.7,5.054665503514502e-07,171.3,BID
1412,1712366159.8793466,49772925.98204616,165.7,1.613072826387757e-07,171.3,BID
1413,1712366160.151147,49772942.64993616,166.0,1.2605226283399162e-09,171.3,BID
1414,1712366160.6391866,49772942.64993616,166.0,0.0,171.3,BID
1415,1712366161.969385,49772959.31782616,166.0,1.2582851957672659e-09,171.3,BID
1416,1712366163.420161,49772975.98571616,166.0,1.2582851957672659e-09,171.3,BID
1417,1712366164.9091775,49772992.65360616,166.0,1.258285196329722e-09,171.3,BID
1418,1712366166.8692212,49773009.32149616,166.0,1.2582851957672659e-09,171.3,BID
1419,1712366168.2791436,49773025.98938616,166.0,1.258285196329722e-09,171.3,BID
1420,1712366168.599246,49773788.8687171,165.5,-5.7590958928923294e-08,171.3,ASK
1421,1712366170.15929,49773805.5366071,166.0,1.258285196329722e-09,171.3,BID
1422,1712366171.7501326,49773822.2044971,166.0,1.2582851957672659e-09,171.3,BID
1423,1712366173.8991218,49773838.8723871,166.0,1.2582851957672659e-09,171.3,BID
1424,1712366175.619304,49789608.31741369,165.6,-1.1904601737571377e-06,171.3,ASK
1425,1712366176.2491393,49789624.98530369,166.0,1.258285196329722e-09,171.3,BID
1426,1712366178.419417,49789641.65319369,166.0,1.2582851957672659e-09,171.3,BID
1427,1712366178.6991706,49790485.34596477,166.0,6.369169245718539e-08,171.3,BID
1428,1712366179.8808985,49790502.01385477,166.0,1.258285196329722e-09,171.3,BID
1429,1712366181.6372411,49790518.68174477,166.0,1.2582851957672659e-09,171.3,BID
1430,1712366185.1390955,49790535.34963477,166.0,1.2582851957672659e-09,171.3,BID
1431,1712366186.973456,49790552.01752477,166.0,1.258285196329722e-09,171.3,BID
1432,1712366189.1820524,49790568.68541477,166.0,1.2582851957672659e-09,171.3,BID
1433,1712366190.659196,49790568.68541477,166.0,0.0,171.3,BID
1434,1712366191.409532,49790585.35330477,166.0,1.258007959731446e-09,171.3,BID
1435,1712366192.976739,49790602.02119477,166.0,1.2580079591691143e-09,171.3,BID
1436,1712366194.4320934,49790618.68908477,166.0,1.2580079591691143e-09,171.3,BID
1437,1712366195.806881,49794679.29156831,166.0,3.06473719476449e-07,171.3,BID
1438,1712366195.808848,49847424.1462983,166.0,3.980914624828969e-06,171.3,BID
1439,1712366195.8107927,49886108.92235977,166.0,2.9197310632425457e-06,171.3,BID
1440,1712366195.8610673,49886108.92236008,166.0,2.3055616362155177e-17,171.3,BID
1441,1712366195.9190822,49887388.92236008,166.1,9.660792025812585e-08,171.3,BID
1442,1712366195.9992054,49889982.7023923,166.2,1.957653863439901e-07,171.3,BID
1443,1712366196.0037029,49890315.08216308,166.2,2.5086342492770884e-08,171.3,BID
1444,1712366196.0592194,49890315.08216392,166.2,6.354352802252524e-17,171.3,BID
1445,1712366196.202371,49892177.35124603,166.2,-1.4055464295572845e-07,171.3,ASK
1446,1712366196.4264488,49894226.03282488,166.2,-1.5462411453441269e-07,171.3,ASK
1447,1712366197.4515293,49896274.71432488,166.2,1.546241085826896e-07,171.3,BID
1448,1712366199.0090327,49896291.38221488,166.3,1.258007959731446e-09,171.3,BID
1449,1712366200.2392695,49900207.04486578,166.0,-2.95534394637254e-07,171.3,ASK
