,time,acc_trade_volume,trade_price,dev,high,ask_bid
0,1712365207.209033,17659.81148786,12170.0,0.0,12230.0,BID
1,1712365208.6955094,17660.2223342,12170.0,5.6294815637374917e-11,12230.0,BID
2,1712365223.029066,17660.71534981,12170.0,6.755377903901478e-11,12230.0,BID
3,1712365230.6555846,17660.71534981,12170.0,0.0,12230.0,BID
4,1712365260.4566994,17660.71534981,12170.0,0.0,12230.0,BID
5,1712365290.4054823,17660.71534981,12170.0,0.0,12230.0,BID
6,1712365320.6455083,17660.71534981,12170.0,0.0,12230.0,BID
7,1712365332.7790444,17817.56534981,12160.0,-2.1491753384083965e-08,12230.0,ASK
8,1712365337.7256298,17825.28239105,12170.0,1.057397176824406e-09,12230.0,BID
9,1712365337.7268486,17827.56534981,12170.0,3.1281343102284673e-10,12230.0,BID
10,1712365350.626461,17827.56534981,12170.0,0.0,12230.0,BID
11,1712365355.4810407,17830.90799566,12170.0,4.5788558105045575e-10,12230.0,BID
12,1712365371.5235517,17831.68188973,12160.0,-1.0601031392946236e-10,12230.0,ASK
13,1712365371.5258918,17912.95905413,12160.0,-1.1133587977149513e-08,12230.0,ASK
14,1712365380.455464,17912.95905413,12160.0,-0.0,12230.0,ASK
15,1712365410.4438498,17912.95905413,12160.0,-0.0,12230.0,ASK
16,1712365440.6415098,17912.95905413,12160.0,-0.0,12230.0,ASK
17,1712365464.2057033,17917.32701817,12160.0,-5.982516206473752e-10,12230.0,ASK
18,1712365464.2158678,17948.49397256,12160.0,-4.268734999581091e-09,12230.0,ASK
19,1712365464.2171428,18008.3721178,12160.0,-8.201120042001218e-09,12230.0,ASK
20,1712365470.2671154,18010.83719586,12170.0,3.3762570637287e-10,12230.0,BID
21,1712365470.60558,18010.83719586,12170.0,0.0,12230.0,BID
22,1712365489.569689,18025.8721178,12170.0,2.058899819063157e-09,12230.0,BID
23,1712365489.570562,18041.75361932,12170.0,2.174831418244937e-09,12230.0,BID
24,1712365500.405612,18041.75361932,12170.0,0.0,12230.0,BID
25,1712365500.5911438,18082.32043533,12170.0,5.579245030803206e-09,12230.0,BID
26,1712365500.596305,18218.89421869,12170.0,1.8783298200219827e-08,12230.0,BID
27,1712365500.597159,18223.64081869,12170.0,6.528105251517674e-10,12230.0,BID
28,1712365505.63864,18598.22807395,12170.0,5.151782387842329e-08,12230.0,BID
29,1712365505.6442504,18701.5909367,12170.0,1.4215725932875355e-08,12230.0,BID
30,1712365505.7557385,18729.0909367,12170.0,-3.782136569684662e-09,12230.0,ASK
31,1712365505.7957048,18798.1439927,12170.0,-9.497021394403102e-09,12230.0,ASK
32,1712365505.9183583,18835.75552843,12170.0,-5.172798717324948e-09,12230.0,ASK
33,1712365505.9771466,18867.39986478,12170.0,-4.352116426645001e-09,12230.0,ASK
34,1712365505.9812076,18894.97333945,12170.0,-3.792241705552025e-09,12230.0,ASK
35,1712365506.0356536,18915.51333945,12170.0,-2.8249121869573182e-09,12230.0,ASK
36,1712365507.3199446,18916.58833945,12170.0,-1.4784715681504595e-10,12230.0,ASK
37,1712365511.5557418,18923.51577849,12170.0,-9.52746200997831e-10,12230.0,ASK
38,1712365530.6456947,18923.51577849,12170.0,-0.0,12230.0,ASK
39,1712365540.1057017,18928.51577849,12170.0,6.86647795238806e-10,12230.0,BID
40,1712365541.7358167,18947.2297678,12170.0,2.569983899966722e-09,12230.0,BID
41,1712365560.4737625,18947.2297678,12170.0,0.0,12230.0,BID
42,1712365573.2876017,18990.67334713,12160.0,-5.965851147027523e-09,12230.0,ASK
43,1712365587.6858923,19030.01936204,12160.0,-5.403156733443613e-09,12230.0,ASK
44,1712365590.4512231,19030.01936204,12160.0,-0.0,12230.0,ASK
45,1712365595.4559214,19044.11472751,12160.0,-1.9353660504303003e-09,12230.0,ASK
46,1712365598.5057504,19400.93166038,12160.0,-4.8992796927821966e-08,12230.0,ASK
47,1712365598.507253,19402.81024351,12160.0,-2.5793910916695923e-10,12230.0,ASK
48,1712365611.9958797,19402.81024411,12160.0,-8.238320843882881e-17,12230.0,ASK
49,1712365611.997387,19403.58413758,12150.0,-1.0625954691800038e-10,12230.0,ASK
50,1712365620.6257758,19403.58413758,12150.0,-0.0,12230.0,ASK
51,1712365650.665975,19403.58413758,12150.0,-0.0,12230.0,ASK
52,1712365655.9758682,19407.81024411,12150.0,-5.79904430592376e-10,12230.0,ASK
53,1712365655.9774475,19563.36958566,12150.0,-2.1345782635739243e-08,12230.0,ASK
54,1712365655.9790318,19665.15136353,12150.0,-1.3966449620088257e-08,12230.0,ASK
55,1712365675.7558892,19728.64503185,12140.0,-8.71257250898576e-09,12230.0,ASK
56,1712365680.4056706,19728.64503185,12140.0,-0.0,12230.0,ASK
57,1712365685.355976,19754.77444795,12140.0,-3.5835249145866543e-09,12230.0,ASK
58,1712365696.0958383,19777.09357222,12140.0,-3.060961545685051e-09,12230.0,ASK
59,1712365710.4573617,19777.09357222,12140.0,-0.0,12230.0,ASK
60,1712365725.854028,19790.63068883,12140.0,-1.8564012954510043e-09,12230.0,ASK
61,1712365740.4273744,20531.37142957,12140.0,-1.0158086912596373e-07,12230.0,ASK
62,1712365740.6260805,20531.37142957,12140.0,-0.0,12230.0,ASK
63,1712365763.705945,20851.37142957,12140.0,-4.382789952156103e-08,12230.0,ASK
64,1712365770.617611,20851.37142957,12140.0,-0.0,12230.0,ASK
65,1712365775.05608,20892.52369294,12150.0,5.633306632799247e-09,12230.0,BID
66,1712365785.7361472,20964.27041631,12150.0,9.821362412266568e-09,12230.0,BID
67,1712365794.716107,20964.78659031,12140.0,-7.06587239621925e-11,12230.0,ASK
68,1712365794.7176862,21231.61924831,12140.0,-3.652654943044092e-08,12230.0,ASK
69,1712365794.7193403,21235.73786445,12140.0,-5.63794691213267e-10,12230.0,ASK
70,1712365796.276218,21246.85598635,12140.0,1.5219524933642815e-09,12230.0,BID
71,1712365797.2951922,21256.11425393,12140.0,1.267358242187632e-09,12230.0,BID
72,1712365797.7401435,21266.45372919,12140.0,1.415364060006487e-09,12230.0,BID
73,1712365800.5362055,21266.45372919,12140.0,0.0,12230.0,BID
74,1712365800.5777392,21339.50175225,12140.0,1.002685939154237e-08,12230.0,BID
75,1712365805.3963356,21380.72186766,12130.0,-5.6580354129468645e-09,12230.0,ASK
76,1712365805.398035,21859.57594844,12130.0,-6.5729397400718e-08,12230.0,ASK
77,1712365805.535937,21925.99526323,12130.0,9.116976782998428e-09,12230.0,BID
78,1712365812.5063689,21930.11727477,12140.0,5.658035411573115e-10,12230.0,BID
79,1712365818.6258175,21932.43082501,12140.0,3.175670193387228e-10,12230.0,BID
80,1712365830.436305,21932.43082501,12140.0,0.0,12230.0,BID
81,1712365836.3977964,22007.13815614,12140.0,1.0243263095522308e-08,12230.0,BID
82,1712365836.499811,22267.93815614,12140.0,3.5758779960477164e-08,12230.0,BID
83,1712365836.6012557,22274.52794198,12140.0,9.035379671747532e-10,12230.0,BID
84,1712365839.3303368,22275.32794198,12140.0,1.0968950908111883e-10,12230.0,BID
85,1712365845.4758725,22328.16521274,12140.0,7.2446178635701745e-09,12230.0,BID
86,1712365847.5306518,22342.4234674,12140.0,1.9549761925128303e-09,12230.0,BID
87,1712365850.075936,22411.17707118,12140.0,9.426936307741274e-09,12230.0,BID
88,1712365852.5661736,22668.05972412,12130.0,-3.522166511558698e-08,12230.0,ASK
89,1712365852.567984,22670.05972412,12130.0,-2.742237727030465e-10,12230.0,ASK
90,1712365852.646404,22810.68010396,12130.0,1.9280725539329883e-08,12230.0,BID
91,1712365852.6661608,22893.01126128,12140.0,1.1288580285649328e-08,12230.0,BID
92,1712365856.0822868,23033.65536128,12140.0,1.9283977855212452e-08,12230.0,BID
93,1712365857.187252,23112.96251822,12140.0,1.0873953889219437e-08,12230.0,BID
94,1712365860.6358857,23112.96251822,12140.0,0.0,12230.0,BID
95,1712365890.6260405,23112.96251822,12140.0,0.0,12230.0,BID
96,1712365892.186701,23338.96251822,12130.0,-3.09265313779878e-08,12230.0,ASK
97,1712365892.1875522,23512.46555101,12130.0,-2.3742685786530693e-08,12230.0,ASK
98,1712365895.576722,23847.59902789,12140.0,4.58606902147942e-08,12230.0,BID
99,1712365895.5784862,23902.06699001,12140.0,7.453562564598527e-09,12230.0,BID
100,1712365896.159129,24033.39842735,12140.0,1.7971795654034142e-08,12230.0,BID
101,1712365896.1600206,24054.09408098,12140.0,2.83205655476208e-09,12230.0,BID
102,1712365896.257866,24055.39864034,12140.0,1.7851989372339468e-10,12230.0,BID
103,1712365909.1759424,24059.51725648,12140.0,-5.636040322460161e-10,12230.0,ASK
104,1712365909.2759311,24129.51725648,12140.0,9.57901414362454e-09,12230.0,BID
105,1712365909.3961158,24190.83545829,12140.0,8.390970319994189e-09,12230.0,BID
106,1712365913.2714622,24550.16931529,12150.0,4.9172344264088166e-08,12230.0,BID
107,1712365914.2586265,24703.004867,12150.0,2.0914484449696283e-08,12230.0,BID
108,1712365914.260464,24718.24282129,12150.0,2.085208280911858e-09,12230.0,BID
109,1712365916.8058174,24718.24282171,12150.0,5.747372596634657e-17,12230.0,BID
110,1712365920.4347696,24718.24282171,12150.0,0.0,12230.0,BID
111,1712365950.416082,24718.24282171,12150.0,0.0,12230.0,BID
112,1712365951.9861834,24721.65438549,12150.0,-4.65607056491749e-10,12230.0,ASK
113,1712365951.9885848,24746.34574351,12150.0,-3.369853612546965e-09,12230.0,ASK
114,1712365951.9903588,24871.37602749,12140.0,-1.7064017046228797e-08,12230.0,ASK
115,1712365980.6459992,24871.37602749,12140.0,-0.0,12230.0,ASK
116,1712366010.666122,24871.37602749,12140.0,-0.0,12230.0,ASK
117,1712366032.2662945,24921.37602749,12150.0,-6.8222223731037645e-09,12230.0,ASK
118,1712366040.3859549,24921.37602749,12150.0,-0.0,12230.0,ASK
119,1712366040.478654,24952.22766878,12140.0,-4.2091862496561034e-09,12230.0,ASK
120,1712366040.4802322,24953.74184573,12150.0,-2.0658391356166112e-10,12230.0,ASK
121,1712366040.4817896,24963.04269416,12140.0,-1.26894394219427e-09,12230.0,ASK
122,1712366068.9760556,24969.45922474,12140.0,-8.75427405432085e-10,12230.0,ASK
123,1712366070.456357,24969.45922474,12140.0,-0.0,12230.0,ASK
124,1712366099.4970195,25084.48212315,12140.0,-1.569168531153984e-08,12230.0,ASK
125,1712366099.4988947,25086.95329283,12140.0,-3.3712258607643237e-10,12230.0,ASK
126,1712366099.4997914,25314.25119947,12140.0,-3.1008497197255284e-08,12230.0,ASK
127,1712366099.556374,25342.26149947,12140.0,3.821228808851173e-09,12230.0,BID
128,1712366099.656047,25363.09148377,12140.0,2.8416738162414326e-09,12230.0,BID
129,1712366100.4660485,25363.09148377,12140.0,0.0,12230.0,BID
130,1712366101.6059787,25382.26928377,12140.0,2.624751926590397e-09,12230.0,BID
131,1712366105.8163044,25382.2693486,12140.0,8.872897863578404e-15,12230.0,BID
132,1712366130.416163,25382.2693486,12140.0,0.0,12230.0,BID
133,1712366160.6161375,25382.2693486,12140.0,0.0,12230.0,BID
134,1712366190.6362689,25382.2693486,12140.0,0.0,12230.0,BID
135,1712366192.356609,25505.6245486,12160.0,1.6882357839102492e-08,12230.0,BID
136,1712366193.836094,25505.62461175,12160.0,8.642691255647826e-15,12230.0,BID
137,1712366195.005939,25506.82461175,12170.0,1.6423166114499887e-10,12230.0,BID
138,1712366196.495617,25517.91532662,12170.0,1.517872105325398e-09,12230.0,BID
139,1712366197.7561436,25548.93552523,12170.0,4.2454156223170445e-09,12230.0,BID
140,1712366197.75887,25614.11532662,12170.0,8.920489212839063e-09,12230.0,BID
141,1712366199.23634,25691.01532662,12170.0,1.0524512285067238e-08,12230.0,BID
142,1712366199.6509254,25752.51532662,12170.0,8.416872633701606e-09,12230.0,BID
143,1712366199.8660147,25829.78066495,12170.0,1.0574512385747814e-08,12230.0,BID
144,1712366199.9742303,25830.78066495,12170.0,1.3685971762116432e-10,12230.0,BID
145,1712366201.446063,25947.84566495,12170.0,1.602148284332142e-08,12230.0,BID
146,1712366202.97632,25998.93546495,12170.0,6.9921356013214765e-09,12230.0,BID
147,1712366203.3361127,25998.93552523,12170.0,8.249904161290276e-15,12230.0,BID
148,1712366212.0161717,26006.63224654,12200.0,1.053371105095357e-09,12230.0,BID
149,1712366212.0183833,26007.13224654,12200.0,6.842985881058216e-11,12230.0,BID
150,1712366220.4161549,26007.13224654,12200.0,0.0,12230.0,BID
151,1712366238.9759543,26057.13224654,12180.0,-6.835872296646004e-09,12230.0,ASK
152,1712366250.4298973,26057.13224654,12180.0,-0.0,12230.0,ASK
153,1712366255.605914,26116.94471577,12190.0,-8.176727226198233e-09,12230.0,ASK
154,1712366280.6561775,26116.94471577,12190.0,-0.0,12230.0,ASK
155,1712366305.0960834,26132.70051577,12200.0,2.153698729385025e-09,12230.0,BID
156,1712366305.6763446,26142.29580388,12200.0,1.3116033340476543e-09,12230.0,BID
157,1712366305.6860242,26218.94451577,12200.0,1.0477299369533968e-08,12230.0,BID
158,1712366307.1909246,26230.52951577,12200.0,1.58358190507148e-09,12230.0,BID
159,1712366308.7160287,26362.09231577,12200.0,1.7983640005227373e-08,12230.0,BID
160,1712366309.0961552,26371.11661577,12200.0,1.233553576688249e-09,12230.0,BID
161,1712366310.177037,26445.83971577,12200.0,1.0214082783845872e-08,12230.0,BID
162,1712366310.3364384,26517.29580388,12200.0,9.767506960569594e-09,12230.0,BID
163,1712366310.646232,26517.29580388,12200.0,0.0,12230.0,BID
164,1712366340.4262495,26517.29580388,12200.0,0.0,12230.0,BID
165,1712366353.1660607,26599.26301699,12200.0,-1.1196822774591447e-08,12230.0,ASK
166,1712366357.2060728,26625.00001699,12200.0,3.515706058749836e-09,12230.0,BID
167,1712366358.229934,26636.74001699,12200.0,1.6036985324518912e-09,12230.0,BID
168,1712366358.6907673,26665.35801699,12200.0,3.9092542250187175e-09,12230.0,BID
169,1712366360.1961064,27725.39421699,12200.0,1.4480225709422252e-07,12230.0,BID
170,1712366361.671732,27752.57421699,12200.0,3.712821644978743e-09,12230.0,BID
171,1712366370.4619088,27752.57421699,12200.0,0.0,12230.0,BID
172,1712366372.8262324,27754.01225229,12200.0,1.9603383997111207e-10,12230.0,BID
173,1712366400.4860227,27754.01225229,12200.0,0.0,12230.0,BID
174,1712366421.316012,27765.59825229,12210.0,1.5861423504862575e-09,12230.0,BID
175,1712366421.4163206,27775.59825229,12210.0,1.369016356366176e-09,12230.0,BID
176,1712366424.3161745,27784.35065493,12210.0,1.1982182371660803e-09,12230.0,BID
177,1712366424.3174772,27786.03333695,12210.0,2.3036192079437648e-10,12230.0,BID
178,1712366424.319106,27839.25945229,12210.0,7.286742248629197e-09,12230.0,BID
179,1712366427.326828,27888.58495229,12210.0,6.752741628593845e-09,12230.0,BID
180,1712366430.4321792,27888.58495229,12210.0,0.0,12230.0,BID
181,1712366451.3558676,27888.58504899,12210.0,1.3235411091245534e-14,12230.0,BID
182,1712366458.8455951,27904.9516611,12220.0,2.2401120599701116e-09,12230.0,BID
183,1712366460.6433804,27904.9516611,12220.0,0.0,12230.0,BID
184,1712366490.6258335,27904.9516611,12220.0,0.0,12230.0,BID
185,1712366502.1796205,27936.49110732,12210.0,-4.316712546981395e-09,12230.0,ASK
186,1712366502.1854672,27952.85771942,12210.0,-2.2400507387114643e-09,12230.0,ASK
187,1712366518.7461936,28034.75780132,12210.0,1.1209426718226931e-08,12230.0,BID
188,1712366520.4654644,28034.75780132,12210.0,0.0,12230.0,BID
189,1712366529.6455374,28057.35265695,12200.0,-3.0918216762129523e-09,12230.0,ASK
190,1712366531.6555574,28075.74140788,12200.0,-2.5162691744916526e-09,12230.0,ASK
191,1712366550.4164562,28075.74140788,12200.0,-0.0,12230.0,ASK
192,1712366578.2663012,28080.74140788,12190.0,-6.841402757481685e-10,12230.0,ASK
193,1712366578.2676592,28092.72029093,12190.0,-1.6390472705964335e-09,12230.0,ASK
194,1712366578.3257608,28111.03359318,12190.0,-2.5057735302349887e-09,12230.0,ASK
195,1712366578.3457074,28111.85393772,12190.0,-1.12246147960752e-10,12230.0,ASK
196,1712366578.3482034,28125.40316231,12190.0,-1.8539140494356038e-09,12230.0,ASK
197,1712366580.6154633,28125.40316231,12190.0,-0.0,12230.0,ASK
198,1712366610.6355836,28125.40316231,12190.0,-0.0,12230.0,ASK
199,1712366633.3324387,28130.82174311,12190.0,-7.41352464435663e-10,12230.0,ASK
200,1712366633.3371532,28187.10266954,12190.0,-7.700171880731241e-09,12230.0,ASK
201,1712366635.3355298,28212.85619758,12190.0,-3.523513293440152e-09,12230.0,ASK
202,1712366640.4253645,28212.85619758,12190.0,-0.0,12230.0,ASK
203,1712366646.0555644,28216.14026982,12180.0,-4.492504746969433e-10,12230.0,ASK
204,1712366646.0579443,28275.35619758,12180.0,-8.100547646845556e-09,12230.0,ASK
205,1712366668.1355402,28298.24207605,12180.0,-3.1307142520423192e-09,12230.0,ASK
206,1712366670.4181635,28298.24207605,12180.0,-0.0,12230.0,ASK
207,1712366700.647721,28298.24207605,12180.0,-0.0,12230.0,ASK
208,1712366708.3792875,28308.24207605,12170.0,-1.3736039932056904e-09,12230.0,ASK
209,1712366708.4557073,28336.92947605,12170.0,3.940512719469239e-09,12230.0,BID
210,1712366708.6155324,28341.63247605,12170.0,6.460059580043202e-10,12230.0,BID
211,1712366709.9356709,28382.92347605,12170.0,5.671748248345764e-09,12230.0,BID
212,1712366711.4658031,28384.13647605,12170.0,1.6661816437581422e-10,12230.0,BID
213,1712366711.467904,28454.11447605,12170.0,9.612206023654664e-09,12230.0,BID
214,1712366712.9568186,28472.00547605,12170.0,2.457514904244248e-09,12230.0,BID
215,1712366714.4156537,28594.29676437,12170.0,1.6797980197062122e-08,12230.0,BID
216,1712366714.4356036,28664.27476437,12170.0,9.612206023654664e-09,12230.0,BID
217,1712366715.9738371,28708.75106437,12170.0,6.109282328301711e-09,12230.0,BID
218,1712366720.1631756,28760.86002149,12170.0,7.157707158181486e-09,12230.0,BID
219,1712366720.1662462,28760.86006437,12170.0,5.890014097886549e-15,12230.0,BID
220,1712366721.6673214,28790.85286437,12170.0,4.119822984741962e-09,12230.0,BID
221,1712366725.3256652,28790.85291349,12170.0,6.747142920021437e-15,12230.0,BID
222,1712366725.8257682,28860.85291349,12170.0,-9.615227952439832e-09,12230.0,ASK
223,1712366730.645429,28860.85291349,12170.0,-0.0,12230.0,ASK
224,1712366736.5457354,28884.84588429,12170.0,-3.2925873614597363e-09,12230.0,ASK
225,1712366736.5486784,28908.20742555,12170.0,-3.205935444097058e-09,12230.0,ASK
226,1712366750.7456503,28908.7008466,12160.0,-6.771282833833112e-11,12230.0,ASK
227,1712366750.7485163,28910.2992329,12160.0,-2.1934868232787674e-10,12230.0,ASK
228,1712366754.415529,28910.82218474,12160.0,-7.176537800928343e-11,12230.0,ASK
229,1712366760.4160416,28910.82218474,12160.0,-0.0,12230.0,ASK
230,1712366776.866312,28913.61364615,12180.0,3.8304400468168064e-10,12230.0,BID
231,1712366787.1660602,28928.43041543,12180.0,2.033155329005407e-09,12230.0,BID
232,1712366787.175974,28954.64403407,12180.0,3.597029650880988e-09,12230.0,BID
233,1712366790.4081583,28954.64403407,12180.0,0.0,12230.0,BID
234,1712366793.3565648,28997.71239774,12180.0,5.909402960033173e-09,12230.0,BID
235,1712366794.5360205,29089.94675623,12180.0,1.2655460868071428e-08,12230.0,BID
236,1712366794.6419106,29102.14417108,12180.0,1.673605247035055e-09,12230.0,BID
237,1712366803.256023,29112.12871562,12180.0,1.369977682722377e-09,12230.0,BID
238,1712366820.6562123,29112.12871562,12180.0,0.0,12230.0,BID
239,1712366842.8161027,29122.54369921,12190.0,1.428662141773642e-09,12230.0,BID
240,1712366850.6360774,29122.54369921,12190.0,0.0,12230.0,BID
241,1712366874.1161485,29138.9505901,12190.0,2.250555218662966e-09,12230.0,BID
242,1712366880.4260912,29138.9505901,12190.0,0.0,12230.0,BID
243,1712366908.565962,29182.37972592,12180.0,-5.9570693542298945e-09,12230.0,ASK
244,1712366910.425977,29182.37972592,12180.0,-0.0,12230.0,ASK
245,1712366912.3825526,29249.98935296,12180.0,-9.273175923332113e-09,12230.0,ASK
246,1712366912.3860154,29249.98935323,12180.0,-3.7032541553478944e-17,12230.0,ASK
247,1712366912.387298,29254.29356319,12180.0,-5.90355218886396e-10,12230.0,ASK
248,1712366916.9613454,29257.57494136,12190.0,4.5006603901804037e-10,12230.0,BID
249,1712366940.4460647,29257.57494136,12190.0,0.0,12230.0,BID
250,1712366948.0159118,29357.57494136,12190.0,1.3714039761904404e-08,12230.0,BID
251,1712366953.5263278,29391.67530119,12190.0,4.676536906038849e-09,12230.0,BID
252,1712366953.5293622,29555.87891367,12190.0,2.2518948705990584e-08,12230.0,BID
253,1712366953.5318167,30144.28470897,12190.0,8.0694204728792e-08,12230.0,BID
254,1712366959.1259148,30166.10310897,12190.0,-2.992184051411365e-09,12230.0,ASK
255,1712366959.225988,30437.03295383,12190.0,-3.71554266509661e-08,12230.0,ASK
256,1712366959.228528,30527.12455185,12190.0,-1.2355197574597974e-08,12230.0,ASK
257,1712366959.305977,30853.55498272,12190.0,-4.476679908446783e-08,12230.0,ASK
258,1712366962.236276,30858.98898272,12190.0,-7.45220920661538e-10,12230.0,ASK
259,1712366970.6459808,30858.98898272,12190.0,-0.0,12230.0,ASK
260,1712366986.8113356,30877.94282072,12190.0,-2.5923966444626723e-09,12230.0,ASK
261,1712366989.3959084,30898.40247572,12190.0,-2.7983536088499403e-09,12230.0,ASK
262,1712366991.725969,30914.45889032,12190.0,-2.196103782840071e-09,12230.0,ASK
263,1712367000.5182984,30914.45889032,12190.0,-0.0,12230.0,ASK
264,1712367002.895773,31178.61548906,12190.0,-3.6189291735045945e-08,12230.0,ASK
265,1712367002.915733,31578.12328004,12190.0,-5.4732321914960665e-08,12230.0,ASK
266,1712367003.0158973,31606.6607526,12190.0,-3.909616207889042e-09,12230.0,ASK
267,1712367004.7962575,31616.2607526,12190.0,-1.3151941019589495e-09,12230.0,ASK
268,1712367006.3058908,31625.8607526,12190.0,-1.315194101959448e-09,12230.0,ASK
269,1712367007.836059,31653.3607526,12190.0,-3.767483104570478e-09,12230.0,ASK
270,1712367010.8059952,31667.1107526,12190.0,-1.883741552285239e-09,12230.0,ASK
271,1712367030.4786022,31667.1107526,12190.0,-0.0,12230.0,ASK
272,1712367060.6462376,31667.1107526,12190.0,-0.0,12230.0,ASK
273,1712367090.645937,31667.1107526,12190.0,-0.0,12230.0,ASK
274,1712367120.4357958,31667.1107526,12190.0,-0.0,12230.0,ASK
275,1712367150.4390347,31667.1107526,12190.0,-0.0,12230.0,ASK
276,1712367180.6258202,31667.1107526,12190.0,-0.0,12230.0,ASK
277,1712367210.665812,31667.1107526,12190.0,-0.0,12230.0,ASK
278,1712367240.4559522,31667.1107526,12190.0,-0.0,12230.0,ASK
279,1712367248.2157297,31844.8307526,12190.0,2.4316965710612303e-08,12230.0,BID
280,1712367248.3557286,32092.1783526,12190.0,-3.384392925839723e-08,12230.0,ASK
281,1712367248.467116,32092.17836645,12190.0,-1.8950594986689524e-15,12230.0,ASK
282,1712367270.428076,32092.17836645,12190.0,-0.0,12230.0,ASK
283,1712367281.5480664,32116.78870279,12180.0,3.3649826499316394e-09,12230.0,BID
284,1712367300.6359515,32116.78870279,12180.0,0.0,12230.0,BID
285,1712367327.2191944,32117.61107121,12160.0,-1.128844684243686e-10,12230.0,ASK
286,1712367327.220696,32118.61107121,12160.0,-1.3726751377939722e-10,12230.0,ASK
287,1712367327.2222428,32149.33922372,12160.0,-4.217977098081435e-09,12230.0,ASK
288,1712367330.6563296,32149.33922372,12160.0,-0.0,12230.0,ASK
289,1712367360.4193516,32149.33922372,12160.0,-0.0,12230.0,ASK
290,1712367363.8256204,32163.54411117,12170.0,-1.949763648342428e-09,12230.0,ASK
291,1712367366.895764,32182.59446647,12180.0,2.614852837285358e-09,12230.0,BID
292,1712367372.3857813,32183.00430253,12200.0,5.625412058918344e-11,12230.0,BID
293,1712367390.4667032,32183.00430253,12200.0,0.0,12230.0,BID
294,1712367420.6326995,32183.00430253,12200.0,0.0,12230.0,BID
295,1712367450.6365044,32183.00430253,12200.0,0.0,12230.0,BID
296,1712367458.865812,32195.50918998,12170.0,-1.716324985945305e-09,12230.0,ASK
297,1712367458.8684857,32431.30430253,12170.0,-3.2363429487195085e-08,12230.0,ASK
298,1712367458.9858494,32869.33393753,12170.0,-6.01205896607302e-08,12230.0,ASK
299,1712367459.0058284,33489.84377353,12170.0,-8.51664231133662e-08,12230.0,ASK
300,1712367459.0090196,34467.31875353,12170.0,-1.341607221991054e-07,12230.0,ASK
301,1712367459.130028,35228.78062004,12170.0,-1.045124182493759e-07,12230.0,ASK
302,1712367480.4661446,35228.78062004,12170.0,-0.0,12230.0,ASK
303,1712367510.42585,35228.78062004,12170.0,-0.0,12230.0,ASK
304,1712367511.4858682,35231.2456981,12170.0,-3.3662512096186824e-10,12230.0,ASK
305,1712367516.085755,35235.97899291,12170.0,6.463673357125602e-10,12230.0,BID
306,1712367527.775802,35277.5828728,12170.0,5.6813256049429585e-09,12230.0,BID
307,1712367531.6658337,35303.45721805,12170.0,-3.533338250390801e-09,12230.0,ASK
308,1712367531.6690784,35317.5828728,12170.0,-1.928965380871165e-09,12230.0,ASK
309,1712367540.6657722,35317.5828728,12170.0,-0.0,12230.0,ASK
310,1712367570.6182284,35317.5828728,12170.0,-0.0,12230.0,ASK
311,1712367600.4956534,35317.5828728,12170.0,-0.0,12230.0,ASK
312,1712367630.4518216,35317.5828728,12170.0,-0.0,12230.0,ASK
313,1712367648.8357646,35331.31748233,12170.0,-1.881554479767784e-09,12230.0,ASK
314,1712367654.1359007,35343.21525956,12170.0,-1.6299200932856911e-09,12230.0,ASK
315,1712367660.640947,35343.21525956,12170.0,-0.0,12230.0,ASK
316,1712367666.715853,35361.30577698,12170.0,-2.4781803564417124e-09,12230.0,ASK
317,1712367668.5841796,35378.41244458,12170.0,-2.3434049245943328e-09,12230.0,ASK
318,1712367680.165729,35383.96233176,12170.0,-7.602668884826654e-10,12230.0,ASK
319,1712367680.168471,35391.13275998,12170.0,-9.82261255967971e-10,12230.0,ASK
320,1712367690.6477914,35391.13275998,12170.0,-0.0,12230.0,ASK
321,1712367720.426438,35391.13275998,12170.0,-0.0,12230.0,ASK
322,1712367735.5056589,35399.34968684,12180.0,1.125528899273814e-09,12230.0,BID
323,1712367741.855837,35481.45149307,12180.0,1.1246048208635394e-08,12230.0,BID
324,1712367750.4309633,35481.45149307,12180.0,0.0,12230.0,BID
325,1712367758.4358222,35521.33795378,12180.0,5.462699280387239e-09,12230.0,BID
326,1712367771.2958522,35556.87270094,12170.0,-4.866704999249085e-09,12230.0,ASK
327,1712367771.299432,35559.337779,12170.0,-3.3760779735159397e-10,12230.0,ASK
328,1712367772.5958416,35561.26758832,12170.0,2.642994087714093e-10,12230.0,BID
329,1712367780.47592,35561.26758832,12170.0,0.0,12230.0,BID
330,1712367810.455832,35561.26758832,12170.0,0.0,12230.0,BID
331,1712367825.232046,35569.47776894,12180.0,1.1242857542813023e-09,12230.0,BID
332,1712367840.4862518,35569.47776894,12180.0,0.0,12230.0,BID
333,1712367853.3556752,35600.10809387,12170.0,-4.194398149257621e-09,12230.0,ASK
334,1712367866.1058853,35657.86992225,12180.0,7.909681226315542e-09,12230.0,BID
335,1712367866.108492,35688.03718478,12190.0,4.130988176362698e-09,12230.0,BID
336,1712367868.81573,35723.18176732,12170.0,-4.812563115117856e-09,12230.0,ASK
337,1712367870.4358077,35723.18176732,12170.0,-0.0,12230.0,ASK
338,1712367900.455623,35723.18176732,12170.0,-0.0,12230.0,ASK
339,1712367930.4437158,35723.18176732,12170.0,-0.0,12230.0,ASK
340,1712367941.1712253,35747.83016621,12170.0,-3.379483866412243e-09,12230.0,ASK
341,1712367941.1730528,35771.51761794,12170.0,-3.2477306666129227e-09,12230.0,ASK
342,1712367948.1160064,35776.01654884,12170.0,-6.168378100545014e-10,12230.0,ASK
343,1712367948.1198764,35819.85346856,12170.0,-6.010376722970665e-09,12230.0,ASK
344,1712367958.5558047,35847.35346856,12170.0,-3.770460172325492e-09,12230.0,ASK
345,1712367960.6356485,35847.35346856,12170.0,-0.0,12230.0,ASK
346,1712367978.975765,35861.10346856,12170.0,-1.884839560784284e-09,12230.0,ASK
347,1712367980.4557712,35888.60346856,12170.0,-3.7696791215685685e-09,12230.0,ASK
348,1712367988.625774,35917.88446856,12170.0,-4.013817249404797e-09,12230.0,ASK
349,1712367988.705686,35929.38816622,12170.0,-1.5769181414453655e-09,12230.0,ASK
350,1712367990.6413426,35929.38816622,12170.0,-0.0,12230.0,ASK
351,1712367990.8355443,35940.22016131,12170.0,-1.4846384832994491e-09,12230.0,ASK
352,1712367990.8374395,35941.45278222,12170.0,-1.6894361778332435e-10,12230.0,ASK
353,1712368006.71556,35975.52448194,12170.0,-4.669883634128357e-09,12230.0,ASK
354,1712368006.72557,35975.52448222,12170.0,-3.8376030879416295e-17,12230.0,ASK
355,1712368012.3658478,35985.24362271,12170.0,-1.3321100938620151e-09,12230.0,ASK
356,1712368012.369511,35989.27448222,12170.0,-5.524715529870781e-10,12230.0,ASK
357,1712368013.8719497,36008.60218222,12170.0,-2.6490639051496956e-09,12230.0,ASK
358,1712368020.436094,36008.60218222,12170.0,-0.0,12230.0,ASK
359,1712368050.42848,36008.60218222,12170.0,-0.0,12230.0,ASK
360,1712368079.1058202,36015.0521657,12170.0,-8.83921060324158e-10,12230.0,ASK
361,1712368079.115738,36015.05218222,12170.0,-2.263940536355518e-15,12230.0,ASK
362,1712368080.646232,36015.05218222,12170.0,-0.0,12230.0,ASK
363,1712368084.4514325,36015.05583305,12170.0,-5.003130344987642e-13,12230.0,ASK
364,1712368084.454509,36020.43218222,12170.0,-7.36779737887259e-10,12230.0,ASK
365,1712368092.2605977,36020.43648218,12170.0,-5.892703951246087e-13,12230.0,ASK
366,1712368092.265803,36022.16552901,12170.0,-2.36950136593493e-10,12230.0,ASK
367,1712368098.2257257,36375.26426683,12160.0,-4.8388969405290976e-08,12230.0,ASK
368,1712368098.22773,36427.15208922,12160.0,-7.1107539654151874e-09,12230.0,ASK
369,1712368101.8763144,36497.72597232,12160.0,-9.671508573557272e-09,12230.0,ASK
370,1712368101.880169,36500.60299366,12160.0,-3.9426959852480486e-10,12230.0,ASK
371,1712368101.890847,36664.94153022,12160.0,-2.252110122740164e-08,12230.0,ASK
372,1712368110.6157124,36664.94153022,12160.0,-0.0,12230.0,ASK
373,1712368138.8857956,36664.94153104,12160.0,-1.1225202877413863e-16,12230.0,ASK
374,1712368140.4255874,36664.94153104,12160.0,-0.0,12230.0,ASK
375,1712368145.6357431,36829.41521525,12160.0,2.2515238055965253e-08,12230.0,BID
376,1712368170.4257636,36829.41521525,12160.0,0.0,12230.0,BID
377,1712368200.5155766,36829.41521525,12160.0,0.0,12230.0,BID
378,1712368215.7957354,36872.04491277,12160.0,5.851627683541473e-09,12230.0,BID
379,1712368230.1017597,36895.53591277,12160.0,-3.2245264196305758e-09,12230.0,ASK
380,1712368230.5346472,36895.53591277,12160.0,-0.0,12230.0,ASK
381,1712368253.4158769,36990.77641526,12160.0,-1.3071883964938293e-08,12230.0,ASK
382,1712368257.875726,37072.90782285,12170.0,1.1272643484910957e-08,12230.0,BID
383,1712368260.6358206,37072.90782285,12170.0,0.0,12230.0,BID
384,1712368279.806035,37111.54662284,12160.0,-5.301655966077542e-09,12230.0,ASK
385,1712368279.809487,37116.8582801,12150.0,-7.288160970204579e-10,12230.0,ASK
386,1712368279.8125224,37141.21257945,12150.0,-3.341669940112081e-09,12230.0,ASK
387,1712368279.8155997,37151.21257945,12160.0,-1.3721067857827294e-09,12230.0,ASK
388,1712368279.8186617,37233.51710619,12150.0,-1.1293059964058172e-08,12230.0,ASK
389,1712368290.6456783,37233.51710619,12150.0,-0.0,12230.0,ASK
390,1712368295.7856092,37245.40644021,12150.0,1.630906799205567e-09,12230.0,BID
391,1712368320.445647,37245.40644021,12150.0,0.0,12230.0,BID
392,1712368335.8957293,37247.6161034,12150.0,3.0310220115123663e-10,12230.0,BID
393,1712368350.4155142,37247.6161034,12150.0,0.0,12230.0,BID
394,1712368380.6456215,37247.6161034,12150.0,0.0,12230.0,BID
395,1712368397.165725,37248.43914866,12140.0,-1.12897708743251e-10,12230.0,ASK
396,1712368397.1757867,37256.67358675,12140.0,-1.129523779960205e-09,12230.0,ASK
397,1712368397.1793957,37291.9073938,12140.0,-4.833046588791158e-09,12230.0,ASK
398,1712368410.645712,37291.9073938,12140.0,-0.0,12230.0,ASK
399,1712368413.8156936,37433.16689235,12140.0,1.9375237708129946e-08,12230.0,BID
400,1712368416.8557725,37474.38700777,12140.0,-5.653775801394378e-09,12230.0,ASK
401,1712368440.392934,37474.38700777,12140.0,-0.0,12230.0,ASK
402,1712368470.4305515,37474.38700777,12140.0,-0.0,12230.0,ASK
403,1712368500.455671,37474.38700777,12140.0,-0.0,12230.0,ASK
404,1712368524.1565816,37475.21073099,12140.0,-1.1317910441686124e-10,12230.0,ASK
405,1712368524.1656952,37485.21073099,12140.0,-1.373994342617262e-09,12230.0,ASK
406,1712368530.455762,37485.21073099,12140.0,-0.0,12230.0,ASK
407,1712368560.6358151,37485.21073099,12140.0,-0.0,12230.0,ASK
408,1712368578.2552774,37490.32288565,12140.0,7.02394476911516e-10,12230.0,BID
409,1712368578.785164,37567.54197064,12140.0,-1.0609667041874736e-08,12230.0,ASK
410,1712368590.6251469,37567.54197064,12140.0,-0.0,12230.0,ASK
411,1712368620.4154766,37567.54197064,12140.0,-0.0,12230.0,ASK
412,1712368650.4650695,37567.54197064,12140.0,-0.0,12230.0,ASK
413,1712368661.2755206,37575.77242331,12150.0,1.1306838490494775e-09,12230.0,BID
414,1712368673.4408708,37576.77242331,12150.0,1.3737808774120629e-10,12230.0,BID
415,1712368680.625286,37576.77242331,12150.0,0.0,12230.0,BID
416,1712368698.8752506,37581.77254676,12150.0,6.868968150445333e-10,12230.0,BID
417,1712368710.6170278,37581.77254676,12150.0,0.0,12230.0,BID
418,1712368721.7158473,37584.24575368,12130.0,-3.3975636706607147e-10,12230.0,ASK
419,1712368721.7208934,37652.67114525,12130.0,-9.399926171536155e-09,12230.0,ASK
420,1712368721.7257004,37653.58451158,12120.0,-1.2547353946424042e-10,12230.0,ASK
421,1712368721.7281373,37661.82853466,12130.0,-1.1325212253877154e-09,12230.0,ASK
422,1712368721.7302964,37678.31658082,12130.0,-2.265042450773432e-09,12230.0,ASK
423,1712368721.7324443,37681.77254676,12120.0,-4.747627151558878e-10,12230.0,ASK
424,1712368740.4353015,37681.77254676,12120.0,-0.0,12230.0,ASK
425,1712368770.4151118,37681.77254676,12120.0,-0.0,12230.0,ASK
426,1712368800.56533,37681.77254676,12120.0,-0.0,12230.0,ASK
427,1712368801.1594083,37693.07408685,12150.0,1.5609301657617931e-09,12230.0,BID
428,1712368801.1645632,37881.56354676,12150.0,2.603352123327769e-08,12230.0,BID
429,1712368830.426273,37881.56354676,12150.0,0.0,12230.0,BID
430,1712368832.7661042,37885.67877309,12150.0,5.681905242599955e-10,12230.0,BID
431,1712368835.1663778,37886.50181835,12150.0,1.1363810402300843e-10,12230.0,BID
432,1712368860.7098906,37886.50181835,12150.0,0.0,12230.0,BID
433,1712368874.257694,37887.50181835,12150.0,1.380691538500466e-10,12230.0,BID
434,1712368882.3871078,37922.06971958,12150.0,4.772760873198425e-09,12230.0,BID
435,1712368890.6574872,37922.06971958,12150.0,0.0,12230.0,BID
436,1712368920.4413493,37922.06971958,12150.0,0.0,12230.0,BID
437,1712368950.3981876,37922.06971958,12150.0,0.0,12230.0,BID
438,1712368950.978334,37949.26366897,12150.0,3.754421568605152e-09,12230.0,BID
439,1712368950.9827964,38004.33311463,12140.0,7.602938123914229e-09,12230.0,BID
440,1712368976.3388455,38035.81643537,12130.0,-4.346616107222831e-09,12230.0,ASK
441,1712368976.3507164,38086.67478265,12130.0,-7.0215500232515925e-09,12230.0,ASK
442,1712368980.6387606,38086.67478265,12130.0,-0.0,12230.0,ASK
443,1712369010.6491604,38086.67478265,12130.0,-0.0,12230.0,ASK
444,1712369010.6791534,38127.89489806,12130.0,-5.6893177198204e-09,12230.0,ASK
445,1712369020.985026,38217.89489806,12130.0,1.242205631136022e-08,12230.0,BID
446,1712369040.4096568,38217.89489806,12130.0,0.0,12230.0,BID
447,1712369053.5700717,38229.54983351,12120.0,-1.6082940552693803e-09,12230.0,ASK
448,1712369053.5743375,38242.59551773,12120.0,-1.800206999684163e-09,12230.0,ASK
449,1712369070.515092,38242.59551773,12120.0,-0.0,12230.0,ASK
450,1712369100.6353376,38242.59551773,12120.0,-0.0,12230.0,ASK
451,1712369111.6707587,38377.61158062,12120.0,-1.8883192611046027e-08,12230.0,ASK
452,1712369111.674183,38483.46847064,12120.0,-1.4805023940613658e-08,12230.0,ASK
453,1712369111.6774938,38523.57655649,12120.0,-5.609471155909178e-09,12230.0,ASK
454,1712369130.630849,38523.57655649,12120.0,-0.0,12230.0,ASK
455,1712369142.4977276,38597.93533419,12120.0,-1.0394782955430096e-08,12230.0,ASK
456,1712369142.4998093,38720.92586403,12120.0,-1.7193126390782595e-08,12230.0,ASK
457,1712369150.3611326,38721.62337006,12120.0,9.750595714684111e-11,12230.0,BID
458,1712369160.421092,38721.62337006,12120.0,0.0,12230.0,BID
459,1712369167.6774635,38742.06082287,12120.0,2.856039757232825e-09,12230.0,BID
460,1712369167.811388,39046.51626906,12120.0,4.254624422663678e-08,12230.0,BID
461,1712369167.9566743,39187.31626906,12120.0,1.9676150524080866e-08,12230.0,BID
462,1712369168.051426,39210.35483565,12120.0,3.219533409687148e-09,12230.0,BID
463,1712369168.1166754,39234.39894054,12120.0,3.360052748809184e-09,12230.0,BID
464,1712369169.2206843,39265.60735312,12120.0,4.361231701290791e-09,12230.0,BID
465,1712369169.2312906,39298.21439093,12120.0,4.556683125666867e-09,12230.0,BID
466,1712369170.801233,39375.89539093,12120.0,1.0855561426570848e-08,12230.0,BID
467,1712369173.3713715,39524.14266893,12120.0,2.071687327211014e-08,12230.0,BID
468,1712369173.81128,39524.14266912,12120.0,2.655223246629646e-17,12230.0,BID
469,1712369180.1615064,39525.85402714,12150.0,2.391543892188215e-10,12230.0,BID
470,1712369190.4762082,39525.85402714,12150.0,0.0,12230.0,BID
471,1712369213.4520214,39529.85402714,12150.0,5.582211713754351e-10,12230.0,BID
472,1712369220.6417522,39529.85402714,12150.0,0.0,12230.0,BID
473,1712369233.0319326,39706.29685426,12120.0,-2.4623363403744602e-08,12230.0,ASK
474,1712369250.6423223,39706.29685426,12120.0,-0.0,12230.0,ASK
475,1712369259.972365,39706.70837689,12150.0,5.7412637680358486e-11,12230.0,BID
476,1712369278.713809,39718.37020029,12150.0,1.626972595795589e-09,12230.0,BID
477,1712369279.932526,39719.19324555,12150.0,1.1482527536071696e-10,12230.0,BID
478,1712369280.442423,39719.19324555,12150.0,0.0,12230.0,BID
479,1712369310.412795,39719.19324555,12150.0,0.0,12230.0,BID
480,1712369324.4221025,39747.79537698,12120.0,-3.990273662404852e-09,12230.0,ASK
481,1712369340.653036,39747.79537698,12120.0,-0.0,12230.0,ASK
482,1712369350.4431746,39772.52744622,12130.0,-3.4501957390908127e-09,12230.0,ASK
483,1712369350.4530704,39787.79537698,12120.0,-2.1299208384745347e-09,12230.0,ASK
484,1712369363.523441,39797.77068562,12150.0,1.3915846277100746e-09,12230.0,BID
485,1712369370.6732624,39797.77068562,12150.0,0.0,12230.0,BID
486,1712369384.5086622,39848.21747868,12150.0,7.0368795240793054e-09,12230.0,BID
487,1712369400.504011,39848.21747868,12150.0,0.0,12230.0,BID
488,1712369407.3737783,39858.21747868,12150.0,1.412371919695482e-09,12230.0,BID
489,1712369417.4035428,39859.04052394,12150.0,1.1624460138574302e-10,12230.0,BID
490,1712369430.4387114,39859.04052394,12150.0,0.0,12230.0,BID
491,1712369452.4240754,40270.56315768,12140.0,5.812122175387416e-08,12230.0,BID
492,1712369452.5042114,40271.02111316,12130.0,-6.467914477654738e-11,12230.0,ASK
493,1712369452.508788,40287.52276268,12130.0,-2.330603355494558e-09,12230.0,ASK
494,1712369460.634057,40287.52276268,12130.0,-0.0,12230.0,ASK
495,1712369489.354375,40287.93462429,12140.0,5.8126394573094655e-11,12230.0,BID
496,1712369490.627091,40287.93462429,12140.0,0.0,12230.0,BID
497,1712369504.2743995,40290.28223549,12140.0,3.3132021851312315e-10,12230.0,BID
498,1712369520.4547355,40290.28223549,12140.0,0.0,12230.0,BID
499,1712369523.3544369,40290.28223613,12130.0,-9.032341265450564e-17,12230.0,ASK
500,1712369523.3582337,40298.52625921,12130.0,-1.163480793574041e-09,12230.0,ASK
501,1712369523.9949155,40311.22243082,12120.0,-1.7918134964954003e-09,12230.0,ASK
502,1712369524.0046632,40333.34543021,12120.0,-3.122223777970985e-09,12230.0,ASK
503,1712369550.7196438,40333.34543021,12120.0,-0.0,12230.0,ASK
504,1712369571.5951252,40334.16510234,12130.0,1.1567198660493371e-10,12230.0,BID
505,1712369577.2649674,40335.81390695,12120.0,2.3267901613704588e-10,12230.0,BID
506,1712369580.6148036,40335.81390695,12120.0,0.0,12230.0,BID
507,1712369596.4553907,40336.64039209,12120.0,1.1663294481480295e-10,12230.0,BID
508,1712369608.595048,40337.05293334,12120.0,5.821750267085919e-11,12230.0,BID
509,1712369609.565008,40339.05293334,12120.0,2.822384557708629e-10,12230.0,BID
510,1712369610.6452477,40339.05293334,12120.0,0.0,12230.0,BID
511,1712369640.5364878,40339.05293334,12120.0,0.0,12230.0,BID
512,1712369645.031309,40347.68047747,12110.0,-1.2175056212926912e-09,12230.0,ASK
513,1712369645.0393064,40355.93811578,12110.0,-1.165305086770621e-09,12230.0,ASK
514,1712369670.4353893,40355.93811578,12110.0,-0.0,12230.0,ASK
515,1712369682.2355373,40356.35065703,12120.0,5.821550029545698e-11,12230.0,BID
516,1712369696.68569,40368.36720868,12110.0,-1.695708165259179e-09,12230.0,ASK
517,1712369696.6904335,40369.77047855,12110.0,-1.9802154943732048e-10,12230.0,ASK
518,1712369696.695733,40416.4489495,12110.0,-6.587003213333484e-09,12230.0,ASK
519,1712369696.699379,40420.98307346,12100.0,-6.39830064830744e-10,12230.0,ASK
520,1712369696.703102,40426.63655549,12110.0,-7.977875783040406e-10,12230.0,ASK
521,1712369696.7057712,40464.79323834,12100.0,-5.384456419155739e-09,12230.0,ASK
522,1712369696.7078598,40542.37478218,12110.0,-1.094787100281998e-08,12230.0,ASK
523,1712369700.4761748,40542.37478218,12110.0,-0.0,12230.0,ASK
524,1712369730.415803,40542.37478218,12110.0,-0.0,12230.0,ASK
525,1712369736.131605,40543.20054601,12110.0,1.1781364505913706e-10,12230.0,BID
526,1712369753.245964,40622.84871145,12100.0,-1.136358890020556e-08,12230.0,ASK
527,1712369760.6558871,40622.84871145,12100.0,-0.0,12230.0,ASK
528,1712369783.736032,40672.02903931,12100.0,-7.015697028427251e-09,12230.0,ASK
529,1712369790.639793,40672.02903931,12100.0,-0.0,12230.0,ASK
530,1712369801.076363,40685.04386316,12100.0,-1.856439647830184e-09,12230.0,ASK
531,1712369801.0819738,41072.02903931,12100.0,-5.5199719366742295e-08,12230.0,ASK
532,1712369801.1562445,41082.47964199,12100.0,-1.490678120770619e-09,12230.0,ASK
533,1712369807.4863338,41082.8925239,12110.0,5.889363977808353e-11,12230.0,BID
534,1712369809.326275,41091.1501622,12110.0,1.177872809823743e-09,12230.0,BID
535,1712369809.4262917,41102.14568144,12110.0,1.568405235513243e-09,12230.0,BID
536,1712369814.5465648,41229.2293456,12100.0,-1.812726437616818e-08,12230.0,ASK
537,1712369818.926196,41229.64188685,12120.0,5.884504790014437e-11,12230.0,BID
538,1712369820.460344,41229.64188685,12120.0,0.0,12230.0,BID
539,1712369837.838645,41233.87117915,12110.0,-6.02687883766897e-10,12230.0,ASK
540,1712369837.84105,41234.69762543,12110.0,-1.1777127807870078e-10,12230.0,ASK
541,1712369848.0564456,41245.42182543,12110.0,1.528233317683451e-09,12230.0,BID
542,1712369848.1362789,41245.421866,12110.0,5.781356361464882e-15,12230.0,BID
543,1712369850.4377666,41245.421866,12110.0,0.0,12230.0,BID
544,1712369856.2662797,41257.87635587,12120.0,1.774756912087044e-09,12230.0,BID
545,1712369856.2688315,41774.39335655,12140.0,7.360334519803054e-08,12230.0,BID
546,1712369856.2762558,42176.19335655,12140.0,5.725624531551692e-08,12230.0,BID
547,1712369856.28007,42188.49807556,12120.0,1.7534146594695935e-09,12230.0,BID
548,1712369880.6166475,42188.49807556,12120.0,0.0,12230.0,BID
549,1712369903.8365655,42189.32247786,12130.0,1.1728546605339024e-10,12230.0,BID
550,1712369910.6664622,42189.32247786,12130.0,0.0,12230.0,BID
551,1712369935.8768008,42189.81711924,12130.0,7.037117951667092e-11,12230.0,BID
552,1712369940.426751,42189.81711924,12130.0,0.0,12230.0,BID
553,1712369944.2870064,42194.04292203,12120.0,-6.011920654482772e-10,12230.0,ASK
554,1712369944.2921634,42202.29374711,12120.0,-1.1738197019591402e-09,12230.0,ASK
555,1712369944.297097,42267.00167923,12100.0,-9.205800008969831e-09,12230.0,ASK
556,1712369964.9471395,42271.16487656,12100.0,-5.922853777299072e-10,12230.0,ASK
557,1712369970.436876,42271.16487656,12100.0,-0.0,12230.0,ASK
558,1712369987.7169497,42362.36228736,12100.0,-1.297256022658688e-08,12230.0,ASK
559,1712369987.7210257,42610.04750002,12100.0,-3.5232484237003964e-08,12230.0,ASK
560,1712370000.456853,42610.04750002,12100.0,-0.0,12230.0,ASK
561,1712370012.4277985,42636.37694471,12100.0,-3.769565750122292e-09,12230.0,ASK
562,1712370030.42717,42636.37694471,12100.0,-0.0,12230.0,ASK
563,1712370060.667215,42636.37694471,12100.0,-0.0,12230.0,ASK
564,1712370090.667441,42636.37694471,12100.0,-0.0,12230.0,ASK
565,1712370120.4424148,42636.37694471,12100.0,-0.0,12230.0,ASK
566,1712370126.7081351,42644.64140751,12100.0,-1.1831626296351443e-09,12230.0,ASK
567,1712370126.7123938,43429.29494527,12100.0,-1.1233310204855261e-07,12230.0,ASK
568,1712370150.447492,43429.29494527,12100.0,-0.0,12230.0,ASK
569,1712370153.3910656,43429.65592157,12100.0,-5.1607448686351275e-11,12230.0,ASK
570,1712370153.395723,43430.11934757,12110.0,-6.625430399243474e-11,12230.0,ASK
571,1712370180.4776435,43430.11934757,12110.0,-0.0,12230.0,ASK
572,1712370191.5180516,43431.35697133,12120.0,-1.7693824651804822e-10,12230.0,ASK
573,1712370191.5235496,43434.24135911,12110.0,-4.1236968177544166e-10,12230.0,ASK
574,1712370209.4876974,43434.96338077,12110.0,-1.0322462334488791e-10,12230.0,ASK
575,1712370210.4277394,43434.96338077,12110.0,-0.0,12230.0,ASK
576,1712370224.148033,43440.55089104,12120.0,-7.988178705936101e-10,12230.0,ASK
577,1712370240.6578157,43440.55089104,12120.0,-0.0,12230.0,ASK
578,1712370262.7181382,43440.57394182,12120.0,-3.295420649863083e-12,12230.0,ASK
579,1712370262.7235124,43472.58795004,12110.0,-4.576835307532684e-09,12230.0,ASK
580,1712370270.658126,43472.58795004,12110.0,-0.0,12230.0,ASK
581,1712370300.424581,43472.58795004,12110.0,-0.0,12230.0,ASK
582,1712370330.4181693,43472.58795004,12110.0,-0.0,12230.0,ASK
583,1712370360.639675,43472.58795004,12110.0,-0.0,12230.0,ASK
584,1712370390.6595817,43472.58795004,12110.0,-0.0,12230.0,ASK
585,1712370396.070032,43473.00015119,12130.0,5.903067511785337e-11,12230.0,BID
586,1712370420.4398806,43473.00015119,12130.0,0.0,12230.0,BID
587,1712370450.4001124,43473.00015119,12130.0,0.0,12230.0,BID
588,1712370476.4088924,43473.9084914,12110.0,-1.300818725005348e-10,12230.0,ASK
589,1712370476.413066,43480.50787206,12110.0,-9.45086195838903e-10,12230.0,ASK
590,1712370476.417092,43609.36866479,12110.0,-1.8453937220519688e-08,12230.0,ASK
591,1712370476.4203792,43610.20269315,12100.0,-1.194397975478223e-10,12230.0,ASK
592,1712370476.4227347,43618.46033146,12110.0,-1.182562482615072e-09,12230.0,ASK
593,1712370476.4251072,43942.16446157,12100.0,-4.63571235945216e-08,12230.0,ASK
594,1712370480.6492982,43942.16446157,12100.0,-0.0,12230.0,ASK
595,1712370510.6621048,43942.16446157,12100.0,-0.0,12230.0,ASK
596,1712370517.1290329,43945.06717701,12100.0,-4.1535523161004265e-10,12230.0,ASK
597,1712370517.134401,44068.86043701,12100.0,-1.771381978076781e-08,12230.0,ASK
598,1712370526.258743,44185.54464124,12100.0,-1.669657108143455e-08,12230.0,ASK
599,1712370540.448738,44185.54464124,12100.0,-0.0,12230.0,ASK
600,1712370570.439005,44185.54464124,12100.0,-0.0,12230.0,ASK
601,1712370585.2290096,44248.43177303,12100.0,-8.994852374895382e-09,12230.0,ASK
602,1712370585.234498,44526.5024394,12100.0,-3.9772915739567e-08,12230.0,ASK
603,1712370600.5390282,44526.5024394,12100.0,-0.0,12230.0,ASK
604,1712370630.490518,44526.5024394,12100.0,-0.0,12230.0,ASK
605,1712370639.3489974,44526.91464055,12130.0,5.993759103411427e-11,12230.0,BID
606,1712370655.4992626,44556.13474955,12130.0,4.248855063148048e-09,12230.0,BID
607,1712370655.5035322,44568.13475596,12130.0,1.744904099876702e-09,12230.0,BID
608,1712370660.0492277,44578.13475596,12130.0,1.4540859731727227e-09,12230.0,BID
609,1712370660.6504292,44578.13475596,12130.0,0.0,12230.0,BID
610,1712370690.6894436,44578.13475596,12130.0,0.0,12230.0,BID
611,1712370705.8192775,44588.45154082,12140.0,1.500012610061374e-09,12230.0,BID
612,1712370720.4291809,44588.45154082,12140.0,0.0,12230.0,BID
613,1712370750.4694636,44588.45154082,12140.0,0.0,12230.0,BID
614,1712370780.6294577,44588.45154082,12140.0,0.0,12230.0,BID
615,1712370790.1196344,44629.61711948,12140.0,5.985174983503798e-09,12230.0,BID
616,1712370810.6774054,44629.61711948,12140.0,0.0,12230.0,BID
617,1712370817.5896297,44678.26145638,12130.0,7.072018048169201e-09,12230.0,BID
618,1712370840.4795349,44678.26145638,12130.0,0.0,12230.0,BID
619,1712370848.8096824,44679.91026099,12130.0,2.3968619000397136e-10,12230.0,BID
620,1712370851.2595403,44680.32254458,12130.0,5.993353141332125e-11,12230.0,BID
621,1712370870.459412,44680.32254458,12130.0,0.0,12230.0,BID
622,1712370900.663638,44680.32254458,12130.0,0.0,12230.0,BID
623,1712370930.6489365,44680.32254458,12130.0,0.0,12230.0,BID
624,1712370946.928787,44682.7957515,12130.0,3.6585443351061244e-10,12230.0,BID
625,1712370960.4388745,44682.7957515,12130.0,0.0,12230.0,BID
626,1712370983.8085945,44692.7957515,12130.0,1.479264864434633e-09,12230.0,BID
627,1712370990.424418,44692.7957515,12130.0,0.0,12230.0,BID
628,1712370998.5088704,44700.7957515,12120.0,-1.183390657397793e-09,12230.0,ASK
629,1712370998.514734,44705.7957515,12110.0,-7.396191608736209e-10,12230.0,ASK
630,1712370998.5197525,44706.49977683,12100.0,-1.0414212476169691e-10,12230.0,ASK
631,1712370998.5221753,45313.71693025,12100.0,-8.98218882961131e-08,12230.0,ASK
632,1712370998.6949213,45317.83894179,12130.0,6.09743743266197e-10,12230.0,BID
633,1712371015.7985902,45337.21421451,12100.0,-2.8660645901723707e-09,12230.0,ASK
634,1712371015.804003,45358.8898449,12100.0,-3.2063423120911954e-09,12230.0,ASK
635,1712371020.6941488,45358.8898449,12100.0,-0.0,12230.0,ASK
636,1712371038.0583694,45367.1543077,12130.0,1.221055172529993e-09,12230.0,BID
637,1712371050.6684463,45367.1543077,12130.0,0.0,12230.0,BID
638,1712371060.3683302,45375.4187705,12100.0,-1.2210370872611287e-09,12230.0,ASK
639,1712371060.3739314,45392.85554735,12100.0,-2.5762051002459876e-09,12230.0,ASK
640,1712371060.474053,45427.12031705,12100.0,5.062465111485607e-09,12230.0,BID
641,1712371060.488263,45442.94141705,12100.0,2.3374961360190246e-09,12230.0,BID
642,1712371060.8733091,45467.15430705,12100.0,3.577345242545644e-09,12230.0,BID
643,1712371075.4786122,45499.71949006,12090.0,-4.811358847022649e-09,12230.0,ASK
644,1712371075.4943671,45503.78867947,12090.0,-6.012043740705927e-10,12230.0,ASK
645,1712371075.4988356,45586.91605745,12090.0,-1.228169500386323e-08,12230.0,ASK
646,1712371080.4137738,45586.91605745,12090.0,-0.0,12230.0,ASK
647,1712371083.118339,45654.35087444,12090.0,-9.9592789613353e-09,12230.0,ASK
648,1712371083.121209,45673.09803138,12090.0,-2.768720581314446e-09,12230.0,ASK
649,1712371083.1249068,45729.12901319,12090.0,-8.275075150066859e-09,12230.0,ASK
650,1712371085.1380403,45733.05637682,12090.0,-5.800224827414625e-10,12230.0,ASK
651,1712371086.1283138,45737.30991724,12100.0,6.281947146442169e-10,12230.0,BID
652,1712371110.4278705,45737.30991724,12100.0,0.0,12230.0,BID
653,1712371110.7795978,45748.74859996,12100.0,-1.6888968193309287e-09,12230.0,ASK
654,1712371110.8645751,45776.96259996,12100.0,4.16573621517533e-09,12230.0,BID
655,1712371110.898151,46215.15415996,12100.0,6.469803823194779e-08,12230.0,BID
656,1712371111.0585177,46276.56448396,12100.0,9.067101817269364e-09,12230.0,BID
657,1712371121.157925,46448.02916318,12100.0,2.5316389872055612e-08,12230.0,BID
658,1712371121.1681185,46448.02916396,12100.0,1.151649045775084e-16,12230.0,BID
659,1712371121.1777935,46448.02916426,12100.0,4.4294689889552676e-17,12230.0,BID
660,1712371132.6879642,46449.02916426,12130.0,1.4764784203499464e-10,12230.0,BID
661,1712371140.6777687,46449.02916426,12130.0,0.0,12230.0,BID
662,1712371140.7378352,46450.02916491,12100.0,-1.474604393240081e-10,12230.0,ASK
663,1712371170.6377463,46450.02916491,12100.0,-0.0,12230.0,ASK
664,1712371200.537487,46450.02916491,12100.0,-0.0,12230.0,ASK
665,1712371230.334278,46740.09360891,12130.0,4.300534499978128e-08,12230.0,BID
666,1712371230.3501663,46878.32056462,12130.0,2.0493714557369715e-08,12230.0,BID
667,1712371230.3528166,47126.0294864,12130.0,3.672565824949222e-08,12230.0,BID
668,1712371230.358331,47127.37030091,12130.0,1.987909644765549e-10,12230.0,BID
669,1712371230.40768,47872.52507169,12130.0,1.1047764956544349e-07,12230.0,BID
670,1712371230.4173682,47872.52507169,12130.0,0.0,12230.0,BID
671,1712371255.8474438,47872.93659432,12150.0,6.093866752841025e-11,12230.0,BID
672,1712371260.6594114,47872.93659432,12150.0,0.0,12230.0,BID
673,1712371271.7782302,47872.93667662,12150.0,1.2170763219803708e-14,12230.0,BID
674,1712371271.7824466,47877.87486592,12150.0,7.302738436398174e-10,12230.0,BID
675,1712371272.3376184,47890.24486592,12150.0,1.829311696459572e-09,12230.0,BID
676,1712371272.3485894,48779.90516764,12150.0,1.3156556150459142e-07,12230.0,BID
677,1712371290.6673217,48779.90516764,12150.0,0.0,12230.0,BID
678,1712371320.44725,48779.90516764,12150.0,0.0,12230.0,BID
679,1712371326.8874228,48785.30397422,12150.0,7.97092312996167e-10,12230.0,BID
680,1712371334.9678218,48883.92376322,12150.0,1.4560454158963687e-08,12230.0,BID
681,1712371350.457217,48883.92376322,12150.0,0.0,12230.0,BID
682,1712371376.1473126,48883.92376353,12150.0,4.576049846796202e-17,12230.0,BID
683,1712371376.154312,48896.1487024,12150.0,1.804581576622962e-09,12230.0,BID
684,1712371376.567201,48930.79498802,12150.0,-5.114303588192151e-09,12230.0,ASK
685,1712371380.6319366,48930.79498802,12150.0,-0.0,12230.0,ASK
686,1712371408.2251446,49021.07094295,12150.0,-1.3324944443025534e-08,12230.0,ASK
687,1712371410.6673086,49021.07094295,12150.0,-0.0,12230.0,ASK
688,1712371440.4972582,49021.07094295,12150.0,-0.0,12230.0,ASK
689,1712371465.5972698,49215.54032327,12160.0,2.869949404680517e-08,12230.0,BID
690,1712371465.6032584,49339.85683695,12160.0,1.8346441164197372e-08,12230.0,BID
691,1712371465.6169825,49367.34032327,12160.0,4.055970923177835e-09,12230.0,BID
692,1712371465.6198828,49409.28111274,12160.0,6.189557634892777e-09,12230.0,BID
693,1712371465.6225512,49410.10687607,12160.0,1.2186489068078378e-10,12230.0,BID
694,1712371467.6871705,49410.51772241,12170.0,6.063207518579872e-11,12230.0,BID
695,1712371470.4070413,49410.51772241,12170.0,0.0,12230.0,BID
696,1712371476.6272335,49418.73464927,12170.0,1.211794608754378e-09,12230.0,BID
697,1712371484.0469666,49659.88969027,12170.0,3.55644371109292e-08,12230.0,BID
698,1712371500.4573476,49659.88969027,12170.0,0.0,12230.0,BID
699,1712371530.4269075,49659.88969027,12170.0,0.0,12230.0,BID
700,1712371534.1371422,49676.59189027,12170.0,2.500263446566347e-09,12230.0,BID
701,1712371534.2575445,49759.50361307,12170.0,1.2411607441456396e-08,12230.0,BID
702,1712371534.2668529,50040.38128378,12170.0,4.204644735621153e-08,12230.0,BID
703,1712371552.677035,50049.30423046,12170.0,-1.3357352576110424e-09,12230.0,ASK
704,1712371559.2673192,50050.1299938,12180.0,1.2361400860449316e-10,12230.0,BID
705,1712371560.4468186,50050.1299938,12180.0,0.0,12230.0,BID
706,1712371567.0968316,50086.04331053,12180.0,-5.372283937223056e-09,12230.0,ASK
707,1712371579.2333913,50086.4534828,12190.0,6.135779421824004e-11,12230.0,BID
708,1712371590.4267194,50086.4534828,12190.0,0.0,12230.0,BID
709,1712371620.6371522,50086.4534828,12190.0,0.0,12230.0,BID
710,1712371621.4468536,50086.61541653,12190.0,2.4222112686144828e-11,12230.0,BID
711,1712371621.4524257,50182.12640028,12190.0,1.4286571495381612e-08,12230.0,BID
712,1712371624.0967362,50229.34590028,12190.0,-7.063111866714193e-09,12230.0,ASK
713,1712371628.1167936,50241.22650028,12190.0,-1.7771049427389787e-09,12230.0,ASK
714,1712371634.7219188,50267.57650028,12190.0,-3.941443634260487e-09,12230.0,ASK
715,1712371635.2067533,50453.2152541,12190.0,-2.7767919715966826e-08,12230.0,ASK
716,1712371637.2471094,50553.2152541,12190.0,-1.4958040357721505e-08,12230.0,ASK
717,1712371650.6479726,50553.2152541,12190.0,-0.0,12230.0,ASK
718,1712371652.3669977,50627.23102144,12190.0,-1.106189372173464e-08,12230.0,ASK
719,1712371674.8367016,50691.69198767,12200.0,9.633898063382825e-09,12230.0,BID
720,1712371680.445114,50691.69198767,12200.0,0.0,12230.0,BID
721,1712371683.0772934,50711.69198767,12200.0,2.988309935712625e-09,12230.0,BID
722,1712371683.0814214,50726.36178443,12200.0,2.1918949706403656e-09,12230.0,BID
723,1712371683.0859606,51002.19467975,12200.0,4.121370908405625e-08,12230.0,BID
724,1712371683.1566963,51015.94467975,12200.0,-2.05446308080243e-09,12230.0,ASK
725,1712371683.3167007,51073.76367975,12200.0,-8.639054608648884e-09,12230.0,ASK
726,1712371683.7479825,51106.26313261,12200.0,-4.855921894338108e-09,12230.0,ASK
727,1712371685.0167274,51112.03813261,12200.0,-8.62874493937238e-10,12230.0,ASK
728,1712371686.0667353,51122.98045738,12200.0,-1.634952891498678e-09,12230.0,ASK
729,1712371686.22672,51177.78545738,12200.0,-8.188716301336565e-09,12230.0,ASK
730,1712371686.3666797,51194.44709163,12200.0,-2.489506358723987e-09,12230.0,ASK
731,1712371686.446797,51207.79700861,12200.0,-1.994684477614414e-09,12230.0,ASK
732,1712371686.527348,51428.59700861,12200.0,-3.2990941690266735e-08,12230.0,ASK
733,1712371687.5267217,51447.54172288,12200.0,-2.8306338941140352e-09,12230.0,ASK
734,1712371687.7068586,51555.39372288,12200.0,-1.6114760159323746e-08,12230.0,ASK
735,1712371687.7669373,51577.32110375,12200.0,-3.276290505899066e-09,12230.0,ASK
736,1712371687.8768432,51605.41812561,12200.0,-4.198130479408308e-09,12230.0,ASK
737,1712371689.2169034,51619.16812561,12200.0,-2.05446308080243e-09,12230.0,ASK
738,1712371689.6568358,51630.92312561,12200.0,-1.7563791647157915e-09,12230.0,ASK
739,1712371690.7466843,51644.67312561,12200.0,-2.05446308080243e-09,12230.0,ASK
740,1712371692.2269714,51655.19382561,12200.0,-1.5719556170316447e-09,12230.0,ASK
741,1712371710.4367144,51655.19382561,12200.0,-0.0,12230.0,ASK
742,1712371736.7569053,51726.20610793,12200.0,-1.0591732781234072e-08,12230.0,ASK
743,1712371736.7627854,51726.20612561,12200.0,-2.6370347885650976e-15,12230.0,ASK
744,1712371736.8767145,51751.22612561,12200.0,-3.731821391014261e-09,12230.0,ASK
745,1712371738.266781,51764.97612561,12200.0,-2.0508610761965523e-09,12230.0,ASK
746,1712371739.7672124,51778.72612561,12200.0,-2.0508610761965523e-09,12230.0,ASK
747,1712371739.9741924,51797.15524662,12200.0,-2.7487685053033744e-09,12230.0,ASK
748,1712371740.5183687,51797.15524662,12200.0,-0.0,12230.0,ASK
749,1712371741.27678,51810.90524662,12200.0,-2.0503314276538915e-09,12230.0,ASK
750,1712371742.7888536,51838.40524662,12200.0,-4.100662855307783e-09,12230.0,ASK
751,1712371743.126637,51902.12706883,12200.0,-9.501880342147861e-09,12230.0,ASK
752,1712371743.3668091,51960.68543545,12200.0,-8.731931595132515e-09,12230.0,ASK
753,1712371744.2667415,51988.18543545,12200.0,-4.100662855307783e-09,12230.0,ASK
754,1712371745.1068091,52001.93543545,12200.0,-2.0503314276538915e-09,12230.0,ASK
755,1712371747.0568497,52015.68543545,12200.0,-2.0503314276538915e-09,12230.0,ASK
756,1712371748.554224,52029.43543545,12200.0,-2.0503314276538915e-09,12230.0,ASK
757,1712371749.106968,52056.91133545,12200.0,-4.097069183496052e-09,12230.0,ASK
758,1712371750.0667586,52070.66133545,12200.0,-2.0503314276538915e-09,12230.0,ASK
759,1712371751.5568657,52124.82233545,12200.0,-8.076218214775458e-09,12230.0,ASK
760,1712371753.0869803,52133.98853545,12200.0,-1.366818031429848e-09,12230.0,ASK
761,1712371766.7768228,52133.9885443,12200.0,-1.3196681483560858e-15,12230.0,ASK
762,1712371770.451831,52133.9885443,12200.0,-0.0,12230.0,ASK
763,1712371782.117179,52154.96683245,12190.0,-3.126262034576909e-09,12230.0,ASK
764,1712371782.1266518,52198.44950168,12190.0,-6.4799480779278806e-09,12230.0,ASK
765,1712371785.4069614,52247.58955082,12210.0,7.323031741444694e-09,12230.0,BID
766,1712371792.1967793,52250.08927985,12190.0,-3.725188588957379e-10,12230.0,ASK
767,1712371798.083288,52252.08927985,12210.0,2.9804739187710827e-10,12230.0,BID
768,1712371800.492278,52252.08927985,12210.0,0.0,12230.0,BID
769,1712371830.4066334,52252.08927985,12210.0,0.0,12230.0,BID
770,1712371860.6450882,52252.08927985,12210.0,0.0,12230.0,BID
771,1712371860.9317875,52252.90787137,12190.0,1.2222642548420638e-10,12230.0,BID
772,1712371874.2367766,52253.72687218,12190.0,1.2228753783661543e-10,12230.0,BID
773,1712371890.6392307,52253.72687218,12190.0,0.0,12230.0,BID
774,1712371920.436591,52253.72687218,12190.0,0.0,12230.0,BID
775,1712371925.2165833,52257.58807185,12180.0,-5.76525917432077e-10,12230.0,ASK
776,1712371950.4444685,52257.58807185,12180.0,-0.0,12230.0,ASK
777,1712371978.7369492,52263.13152945,12180.0,-8.27702478420083e-10,12230.0,ASK
778,1712371978.7484322,52484.66361234,12180.0,-3.307730793457741e-08,12230.0,ASK
779,1712371980.658317,52484.66361234,12180.0,-0.0,12230.0,ASK
780,1712371982.0167687,52500.78038688,12180.0,-2.405427908713037e-09,12230.0,ASK
781,1712371982.0234385,52501.19253794,12180.0,-6.151352802469231e-11,12230.0,ASK
782,1712372010.6365354,52501.19253794,12180.0,-0.0,12230.0,ASK
783,1712372040.4263022,52501.19253794,12180.0,-0.0,12230.0,ASK
784,1712372043.2766242,52505.28754203,12210.0,6.11160821002816e-10,12230.0,BID
785,1712372070.4265983,52505.28754203,12210.0,0.0,12230.0,BID
786,1712372100.641679,52505.28754203,12210.0,0.0,12230.0,BID
787,1712372130.626559,52505.28754203,12210.0,0.0,12230.0,BID
788,1712372160.4466798,52505.28754203,12210.0,0.0,12230.0,BID
789,1712372190.4409175,52505.28754203,12210.0,0.0,12230.0,BID
790,1712372220.6665714,52505.28754203,12210.0,0.0,12230.0,BID
791,1712372225.9269795,52510.41304346,12190.0,7.680780449683254e-10,12230.0,BID
792,1712372225.9309416,52735.04288973,12200.0,3.3661731543885173e-08,12230.0,BID
793,1712372225.9366183,52773.00008912,12190.0,5.688046701007933e-09,12230.0,BID
794,1712372231.266813,52873.00008912,12190.0,-1.4985422508558625e-08,12230.0,ASK
795,1712372231.2867796,52874.00008912,12180.0,-1.4985422508558624e-10,12230.0,ASK
796,1712372231.2920318,52903.46008912,12170.0,-4.414705471021241e-09,12230.0,ASK
797,1712372240.206957,52917.57160843,12180.0,2.1146707909799883e-09,12230.0,BID
798,1712372240.2136002,53107.55427462,12190.0,2.8469705221596145e-08,12230.0,BID
799,1712372250.6467907,53107.55427462,12190.0,0.0,12230.0,BID
800,1712372261.386761,53187.81109644,12170.0,-1.2013604069673256e-08,12230.0,ASK
801,1712372280.4567072,53187.81109644,12170.0,-0.0,12230.0,ASK
1002,1712372292.7567377,53198.33741222,12200.0,1.57544867739723e-09,12230.0,BID
802,1712372292.7567377,53198.33741222,12200.0,1.5754486773972302e-09,12230.0,BID
803,1712372299.2875454,53199.15708435,12200.0,1.2267838055634954e-10,12230.0,BID
804,1712372310.4266884,53199.15708435,12200.0,0.0,12230.0,BID
805,1712372319.7105863,53199.97675648,12200.0,1.2267583906148823e-10,12230.0,BID
806,1712372340.4562988,53199.97675648,12200.0,0.0,12230.0,BID
807,1712372353.5996656,53355.69675648,12180.0,-2.3305724775860843e-08,12230.0,ASK
808,1712372370.4369462,53355.69675648,12180.0,-0.0,12230.0,ASK
809,1712372377.7367153,53926.93757965,12180.0,-8.547009599722083e-08,12230.0,ASK
810,1712372400.560219,53926.93757965,12180.0,-0.0,12230.0,ASK
811,1712372430.493682,53926.93757965,12180.0,-0.0,12230.0,ASK
812,1712372434.9078994,53939.77263037,12180.0,-1.922089315984717e-09,12230.0,ASK
813,1712372460.66576,53939.77263037,12180.0,-0.0,12230.0,ASK
814,1712372486.957146,54197.09988789,12180.0,-3.853466606465117e-08,12230.0,ASK
815,1712372490.7577384,54197.09988789,12180.0,-0.0,12230.0,ASK
816,1712372520.4803748,54197.09988789,12180.0,-0.0,12230.0,ASK
817,1712372550.4270828,54197.09988789,12180.0,-0.0,12230.0,ASK
818,1712372551.3768566,54214.99988789,12200.0,-2.679261170178368e-09,12230.0,ASK
819,1712372551.481044,54217.09388789,12200.0,-3.134286530919482e-10,12230.0,ASK
820,1712372569.5892248,54219.55788789,12200.0,-3.6881002923568736e-10,12230.0,ASK
821,1712372580.6468246,54219.55788789,12200.0,-0.0,12230.0,ASK
822,1712372581.7575188,54259.83381841,12210.0,6.028229693074357e-09,12230.0,BID
823,1712372581.763766,54420.71334985,12210.0,2.407936342905494e-08,12230.0,BID
824,1712372581.7690165,55784.81901851,12210.0,2.041701380983259e-07,12230.0,BID
825,1712372581.773828,55857.5000001,12220.0,1.0878399224694033e-08,12230.0,BID
826,1712372581.9869158,55857.50101649,12200.0,-1.521264016044526e-13,12230.0,ASK
827,1712372581.996651,55942.5000001,12200.0,-1.2722074704753938e-08,12230.0,ASK
828,1712372582.126784,55947.0350001,12200.0,-6.78768219755791e-10,12230.0,ASK
829,1712372586.766856,55997.0350001,12200.0,-7.483662841856202e-09,12230.0,ASK
830,1712372610.6669676,55997.0350001,12200.0,-0.0,12230.0,ASK
831,1712372636.1374705,55999.0330001,12200.0,-2.980789299028476e-10,12230.0,ASK
832,1712372638.026826,56024.64581353,12200.0,-3.821141150659511e-09,12230.0,ASK
833,1712372640.4870868,56024.64581353,12200.0,-0.0,12230.0,ASK
834,1712372655.237357,56032.84162696,12200.0,-1.222660926624827e-09,12230.0,ASK
835,1712372655.242753,56033.23081353,12200.0,-5.8059302638947847e-11,12230.0,ASK
836,1712372663.0682485,56033.23172141,12200.0,-1.354385883536155e-13,12230.0,ASK
837,1712372663.072116,56035.63081353,12190.0,-3.57899337210742e-10,12230.0,ASK
838,1712372665.497089,56206.65081353,12210.0,2.551296139880236e-08,12230.0,BID
839,1712372665.5026548,56230.906232,12210.0,3.6184513807557726e-09,12230.0,BID
840,1712372665.5080209,56258.22525041,12220.0,4.075482763112734e-09,12230.0,BID
841,1712372665.5132885,56281.28979505,12220.0,3.440795445451446e-09,12230.0,BID
842,1712372670.491568,56281.28979505,12220.0,0.0,12230.0,BID
843,1712372700.6671343,56281.28979505,12220.0,0.0,12230.0,BID
844,1712372721.357165,56282.93933505,12190.0,-2.476209604468055e-10,12230.0,ASK
845,1712372730.6274931,56282.93933505,12190.0,-0.0,12230.0,ASK
846,1712372757.9369016,56287.04105777,12190.0,-6.157289023675333e-10,12230.0,ASK
847,1712372760.4677193,56287.04105777,12190.0,-0.0,12230.0,ASK
848,1712372790.4161546,56287.04105777,12190.0,-0.0,12230.0,ASK
849,1712372820.6469598,56287.04105777,12190.0,-0.0,12230.0,ASK
850,1712372850.6682963,56287.04105777,12190.0,-0.0,12230.0,ASK
851,1712372880.4263067,56287.04105777,12190.0,-0.0,12230.0,ASK
852,1712372910.4865315,56287.04105777,12190.0,-0.0,12230.0,ASK
853,1712372940.6877742,56287.04105777,12190.0,-0.0,12230.0,ASK
854,1712372970.6351624,56287.04105777,12190.0,-0.0,12230.0,ASK
855,1712372999.6943274,56387.12309222,12190.0,-1.5023672466370783e-08,12230.0,ASK
856,1712372999.7000012,56440.12782446,12190.0,-7.956730103637209e-09,12230.0,ASK
857,1712372999.7060556,56460.12782446,12190.0,-3.002271596282781e-09,12230.0,ASK
858,1712373000.4861517,56460.12782446,12190.0,-0.0,12230.0,ASK
859,1712373001.5943558,56484.7381608,12190.0,3.6988516722813084e-09,12230.0,BID
860,1712373028.3037736,56485.7381608,12190.0,1.5029667295810263e-10,12230.0,BID
861,1712373030.44381,56485.7381608,12190.0,0.0,12230.0,BID
862,1712373060.624088,56485.7381608,12190.0,0.0,12230.0,BID
863,1712373069.1628127,56487.04105777,12190.0,1.9581189208562808e-10,12230.0,BID
864,1712373090.6428714,56487.04105777,12190.0,0.0,12230.0,BID
865,1712373120.4448514,56487.04105777,12190.0,0.0,12230.0,BID
866,1712373150.4571772,56487.04105777,12190.0,0.0,12230.0,BID
867,1712373166.851411,56537.4708341,12190.0,-7.579053891087055e-09,12230.0,ASK
868,1712373166.8588324,56547.27288506,12190.0,-1.4731430094575136e-09,12230.0,ASK
869,1712373180.6209943,56547.27288506,12190.0,-0.0,12230.0,ASK
870,1712373210.6308515,56547.27288506,12190.0,-0.0,12230.0,ASK
871,1712373240.4001322,56547.27288506,12190.0,-0.0,12230.0,ASK
872,1712373240.5316076,56615.66820692,12190.0,-1.0277948345267166e-08,12230.0,ASK
873,1712373240.5349534,56647.27288506,12190.0,-4.749319698452763e-09,12230.0,ASK
874,1712373270.439595,56647.27288506,12190.0,-0.0,12230.0,ASK
875,1712373272.9873664,56697.27288506,12190.0,-7.512257908446011e-09,12230.0,ASK
876,1712373272.9908824,56717.27288506,12190.0,-3.004903163378404e-09,12230.0,ASK
877,1712373272.9941845,56747.27288506,12190.0,-4.507354745067606e-09,12230.0,ASK
878,1712373288.9104545,56749.11136344,12190.0,-2.7622247499313307e-10,12230.0,ASK
879,1712373288.9168074,56753.30416429,12190.0,-6.299480268784734e-10,12230.0,ASK
880,1712373289.0101647,56853.30416429,12200.0,1.5024515816892022e-08,12230.0,BID
881,1712373289.017248,56884.10416429,12200.0,4.62755087160318e-09,12230.0,BID
882,1712373297.0997248,56891.80591331,12200.0,1.157150499687443e-09,12230.0,BID
883,1712373297.1068835,56892.48923405,12200.0,1.0266563266106184e-10,12230.0,BID
884,1712373300.4492495,56892.48923405,12200.0,0.0,12230.0,BID
885,1712373326.7090688,56902.61138608,12200.0,1.5247836550129487e-09,12230.0,BID
1086,1712373327.068987,56905.21106984,12200.0,3.916119115475831e-10,12230.0,BID
886,1712373327.068987,56905.21106984,12200.0,3.9161191154758305e-10,12230.0,BID
887,1712373330.4319098,56905.21106984,12200.0,0.0,12230.0,BID
888,1712373334.4790175,56906.88810017,12200.0,2.5261907198212714e-10,12230.0,BID
889,1712373335.7299557,56908.94914264,12200.0,3.1046465098033684e-10,12230.0,BID
890,1712373335.7373872,56986.8485275,12200.0,1.1734355640015211e-08,12230.0,BID
891,1712373348.198953,56987.45214372,12200.0,9.092558828714523e-11,12230.0,BID
892,1712373360.6099353,56987.45214372,12200.0,0.0,12230.0,BID
893,1712373360.9485424,56989.09014535,12210.0,2.467027067079673e-10,12230.0,BID
894,1712373390.6526268,56989.09014535,12210.0,0.0,12230.0,BID
895,1712373391.2639933,56997.02818793,12210.0,1.1955608929971343e-09,12230.0,BID
896,1712373394.0186193,57076.44748793,12210.0,1.19614638334624e-08,12230.0,BID
897,1712373395.3653512,57080.41452314,12210.0,5.974813199120135e-10,12230.0,BID
898,1712373399.3983626,57082.39703747,12210.0,2.9858955515318003e-10,12230.0,BID
899,1712373403.4084349,57083.38778276,12210.0,1.4921768329002608e-10,12230.0,BID
900,1712373420.4434645,57083.38778276,12210.0,0.0,12230.0,BID
901,1712373425.8378494,57087.45214372,12210.0,6.1203356903493e-10,12230.0,BID
902,1712373434.2679756,57097.45214372,12210.0,-1.5058543644577523e-09,12230.0,ASK
903,1712373436.3182762,57174.38759908,12220.0,1.1585359123539869e-08,12230.0,BID
904,1712373436.322952,57179.73737285,12220.0,8.05598018041877e-10,12230.0,BID
905,1712373450.504142,57179.73737285,12220.0,0.0,12230.0,BID
906,1712373458.1077602,57188.43557285,12220.0,-1.3095900832118592e-09,12230.0,ASK
907,1712373458.3933363,57209.64167085,12220.0,-3.1927635193966487e-09,12230.0,ASK
908,1712373467.827429,57210.75778201,12220.0,-1.6804029648662755e-10,12230.0,ASK
909,1712373467.8324475,57212.14467085,12220.0,-2.0880824439369943e-10,12230.0,ASK
910,1712373480.4880335,57212.14467085,12220.0,-0.0,12230.0,ASK
911,1712373497.4677815,57212.14748741,12220.0,-4.240324590115923e-13,12230.0,ASK
912,1712373499.6374953,57246.34048741,12210.0,-5.147748268511459e-09,12230.0,ASK
913,1712373500.617509,57305.50948741,12210.0,-8.907879311542404e-09,12230.0,ASK
914,1712373501.1272192,57449.24448741,12210.0,-2.163927111907336e-08,12230.0,ASK
915,1712373510.426952,57449.24448741,12210.0,-0.0,12230.0,ASK
916,1712373512.0071588,57449.24452363,12210.0,-5.4505372050097465e-15,12230.0,ASK
917,1712373512.0130932,57460.99269266,12210.0,-1.767913612230815e-09,12230.0,ASK
918,1712373514.3971472,57542.84369266,12210.0,-1.2317280820961986e-08,12230.0,ASK
919,1712373522.3471513,57578.27669266,12210.0,-5.332106038157482e-09,12230.0,ASK
920,1712373523.494027,57598.99569266,12210.0,-3.117881777003258e-09,12230.0,ASK
921,1712373527.7871366,57648.70339266,12210.0,-7.480222597942074e-09,12230.0,ASK
922,1712373529.317459,57684.13639266,12210.0,-5.332106038157482e-09,12230.0,ASK
923,1712373530.8169427,57725.76639266,12210.0,-6.264656517044945e-09,12230.0,ASK
924,1712373532.306944,57767.39639266,12210.0,-6.264656517044945e-09,12230.0,ASK
925,1712373534.1369643,57799.66769266,12210.0,-4.856320198379231e-09,12230.0,ASK
926,1712373535.697183,57849.36969266,12210.0,-7.479364838102747e-09,12230.0,ASK
927,1712373537.166942,57884.80269266,12210.0,-5.332106038156387e-09,12230.0,ASK
928,1712373537.386943,57896.84553385,12210.0,-1.8122571113300798e-09,12230.0,ASK
929,1712373537.7470477,57928.84553385,12210.0,-4.815493839669731e-09,12230.0,ASK
930,1712373539.1829665,57955.08375493,12210.0,-3.948437249207078e-09,12230.0,ASK
931,1712373539.897709,57967.80480285,12210.0,-1.914316496653273e-09,12230.0,ASK
932,1712373540.137886,57983.52640285,12210.0,-2.3658521234304007e-09,12230.0,ASK
933,1712373540.4967682,58065.38440285,12210.0,-1.2318334210240176e-08,12230.0,ASK
934,1712373540.6169114,58126.33405485,12210.0,-9.171958554249785e-09,12230.0,ASK
935,1712373540.6695368,58126.33405485,12210.0,-0.0,12230.0,ASK
936,1712373540.676797,58139.21658479,12210.0,-1.9362081645444992e-09,12230.0,ASK
937,1712373540.8087614,58156.17232107,12210.0,-2.5483996679289358e-09,12230.0,ASK
938,1712373540.8967922,58286.97232107,12210.0,-1.9658873614255853e-08,12230.0,ASK
939,1712373541.2767713,58396.72232107,12210.0,-1.6495117577710484e-08,12230.0,ASK
940,1712373541.3852646,58443.73232107,12210.0,-7.065471319618073e-09,12230.0,ASK
1140,1712373541.3852646,58443.73232107,12210.0,-7.0654713196180734e-09,12230.0,ASK
941,1712373541.3967476,58484.88232107,12210.0,-6.184729734148614e-09,12230.0,ASK
942,1712373541.4768538,58512.09290893,12210.0,-4.089675135392114e-09,12230.0,ASK
943,1712373541.686941,58670.79290892,12210.0,-2.3852165461664707e-08,12230.0,ASK
944,1712373542.6522102,58671.20207422,12220.0,6.149639847118317e-11,12230.0,BID
945,1712373542.9469264,58753.04807422,12210.0,-1.2301224540003416e-08,12230.0,ASK
946,1712373543.146883,58779.33689865,12210.0,-3.9511366738277555e-09,12230.0,ASK
947,1712373543.7070062,58795.0840754,12210.0,-2.3667565558841517e-09,12230.0,ASK
948,1712373543.8069253,58819.47303098,12210.0,-3.6655917074225316e-09,12230.0,ASK
949,1712373544.2268326,58846.63222767,12210.0,-4.081951186494202e-09,12230.0,ASK
950,1712373544.2368436,58913.81662926,12210.0,-1.0097627367791786e-08,12230.0,ASK
951,1712373544.597234,58930.95022651,12210.0,-2.5751316735117864e-09,12230.0,ASK
952,1712373545.256853,58931.93622651,12210.0,-1.4819303810091564e-10,12230.0,ASK
953,1712373547.686855,58932.94222651,12210.0,-1.5119898207924292e-10,12230.0,ASK
954,1712373547.786744,58952.90014269,12210.0,-2.999618897450378e-09,12230.0,ASK
955,1712373549.2566276,58991.19794269,12210.0,-5.756052063486517e-09,12230.0,ASK
956,1712373550.296853,59012.532628,12210.0,-3.206543441202008e-09,12230.0,ASK
957,1712373550.3969584,59030.18764637,12210.0,-2.6534998072876563e-09,12230.0,ASK
958,1712373550.5167947,59044.54785152,12210.0,-2.1582986094694e-09,12230.0,ASK
959,1712373550.5217216,59063.49682577,12210.0,-2.847977751533241e-09,12230.0,ASK
960,1712373550.537825,59077.70007385,12210.0,-2.134708401502902e-09,12230.0,ASK
961,1712373550.5424564,59087.65532693,12210.0,-1.496246652122568e-09,12230.0,ASK
962,1712373551.9068608,59088.06516299,12200.0,6.159721182093014e-11,12230.0,BID
963,1712373560.7569697,59090.52417938,12200.0,3.6958327543103166e-10,12230.0,BID
964,1712373570.6275198,59090.52417938,12200.0,0.0,12230.0,BID
965,1712373588.7465403,59114.96210704,12190.0,-3.6664645970658357e-09,12230.0,ASK
966,1712373600.479256,59114.96210704,12190.0,-0.0,12230.0,ASK
967,1712373630.4308105,59114.96210704,12190.0,-0.0,12230.0,ASK
968,1712373660.6365378,59114.96210704,12190.0,-0.0,12230.0,ASK
969,1712373690.6243346,59114.96210704,12190.0,-0.0,12230.0,ASK
970,1712373695.305873,59114.97996014,12200.0,2.6828577297392885e-12,12230.0,BID
971,1712373697.458929,59210.49094389,12200.0,-1.4352822818043187e-08,12230.0,ASK
972,1712373697.463426,59233.1943434,12200.0,-3.4117319049629322e-09,12230.0,ASK
1172,1712373697.463426,59233.1943434,12200.0,-3.411731904962932e-09,12230.0,ASK
973,1712373697.4780066,59233.99616243,12200.0,1.2049259695444627e-10,12230.0,BID
974,1712373720.4754734,59233.99616243,12200.0,0.0,12230.0,BID
975,1712373750.418846,59233.99616243,12200.0,0.0,12230.0,BID
976,1712373780.1152072,59242.14651726,12220.0,1.2245196420878838e-09,12230.0,BID
977,1712373780.120801,59397.66228354,12220.0,2.3364885877508204e-08,12230.0,BID
978,1712373780.639495,59397.66228354,12220.0,0.0,12230.0,BID
979,1712373792.1096735,59405.84149794,12220.0,1.228486401761491e-09,12230.0,BID
980,1712373810.634788,59405.84149794,12220.0,0.0,12230.0,BID
981,1712373840.4273548,59405.84149794,12220.0,0.0,12230.0,BID
982,1712373870.447259,59405.84149794,12220.0,0.0,12230.0,BID
983,1712373900.6142955,59405.84149794,12220.0,0.0,12230.0,BID
984,1712373902.084469,59428.54489745,12220.0,3.423219156897392e-09,12230.0,BID
985,1712373902.0910175,59524.87021344,12220.0,1.4523933600596793e-08,12230.0,BID
986,1712373902.1844678,59560.30321344,12220.0,-5.342588643294399e-09,12230.0,ASK
987,1712373902.1943843,59569.50761905,12220.0,-1.387840512523835e-09,12230.0,ASK
988,1712373902.2246144,59574.95164908,12200.0,-8.20850986708987e-10,12230.0,ASK
989,1712373902.2316475,59590.78761905,12200.0,-2.3877479557837808e-09,12230.0,ASK
990,1712373911.6644747,59596.09448188,12200.0,-8.00168912794735e-10,12230.0,ASK
991,1712373916.2243326,59636.09448188,12220.0,6.031201019721515e-09,12230.0,BID
992,1712373930.634674,59636.09448188,12220.0,0.0,12230.0,BID
993,1712373931.8647864,59636.76785477,12220.0,1.0148813347193728e-10,12230.0,BID
994,1712373932.0845048,59640.17785477,12220.0,-5.13941889076825e-10,12230.0,ASK
995,1712373932.2247932,59640.1861349,12220.0,-1.2479488723460196e-12,12230.0,ASK
996,1712373935.824623,59725.1861349,12220.0,-1.2810868202781635e-08,12230.0,ASK
997,1712373936.9946632,59785.0361349,12220.0,-9.020358375723089e-09,12230.0,ASK
998,1712373937.284619,59791.9661349,12220.0,-1.0444625487680056e-09,12230.0,ASK
999,1712373937.304932,59817.9361349,12220.0,-3.914097026191224e-09,12230.0,ASK
1000,1712373938.7947202,59860.5831349,12220.0,-6.427589367576385e-09,12230.0,ASK
1201,1712373940.2744892,59888.0831349,12220.0,-4.144692653841118e-09,12230.0,ASK
1202,1712373940.4554653,59896.4721349,12220.0,-1.2643573335667255e-09,12230.0,ASK
1203,1712373940.8846562,59900.57049556,12220.0,-6.176889207377071e-10,12230.0,ASK
1204,1712373941.4501357,59916.34504173,12220.0,-2.3774780228530942e-09,12230.0,ASK
1205,1712373941.8046396,59930.09504173,12220.0,-2.072346326920559e-09,12230.0,ASK
1206,1712373942.8046548,59937.33204173,12220.0,-1.090732390394628e-09,12230.0,ASK
1207,1712373942.955335,59955.21720212,12220.0,-2.695581559317062e-09,12230.0,ASK
1208,1712373943.0545604,59979.61740025,12220.0,-3.677502616060332e-09,12230.0,ASK
1209,1712373943.0644853,60023.69030177,12220.0,-6.642495678670094e-09,12230.0,ASK
1210,1712373943.0846255,60068.30851371,12220.0,-6.7246827365537875e-09,12230.0,ASK
1211,1712373943.156878,60343.34617517,12220.0,-4.14526027266514e-08,12230.0,ASK
1212,1712373943.1589887,60344.16450577,12220.0,-1.233355936810895e-10,12230.0,ASK
1213,1712373943.160906,60347.1738028,12220.0,-4.5354950158105534e-10,12230.0,ASK
1214,1712373958.466761,60347.58263354,12230.0,6.161737326250201e-11,12230.0,BID
1215,1712373960.4610171,60347.58263354,12230.0,0.0,12230.0,BID
1216,1712373990.4055882,60347.58263354,12230.0,0.0,12230.0,BID
1217,1712374020.62458,60347.58263354,12230.0,0.0,12230.0,BID
1218,1712374020.8091657,60757.56626692,12220.0,6.171026867883325e-08,12230.0,BID
1219,1712374050.6524842,60757.56626692,12220.0,0.0,12230.0,BID
1220,1712374080.4362023,60757.56626692,12220.0,0.0,12230.0,BID
1221,1712374093.070516,60798.54987348,12200.0,-6.164157306656813e-09,12230.0,ASK
1222,1712374110.4374218,60798.54987348,12200.0,-0.0,12230.0,ASK
1223,1712374140.6437535,60798.54987348,12200.0,-0.0,12230.0,ASK
1224,1712374143.673817,60814.91648559,12220.0,2.461442360287706e-09,12230.0,BID
1225,1712374149.0737894,60815.91648559,12220.0,1.5039412822543072e-10,12230.0,BID
1226,1712374165.3338058,60818.7676546,12200.0,-4.287990776820973e-10,12230.0,ASK
1227,1712374165.343517,60819.7676546,12210.0,-1.5039412822543072e-10,12230.0,ASK
1228,1712374170.6448903,60819.7676546,12210.0,-0.0,12230.0,ASK
1229,1712374170.738539,60877.28737636,12220.0,8.650291184292436e-09,12230.0,BID
1230,1712374198.3036828,60959.05352518,12220.0,1.2296669293054252e-08,12230.0,BID
1231,1712374198.3067572,61081.87002775,12220.0,1.8470160789367904e-08,12230.0,BID
1232,1712374200.5334582,61081.87002775,12220.0,0.0,12230.0,BID
1233,1712374230.4046834,61081.87002775,12220.0,0.0,12230.0,BID
1234,1712374260.6384788,61081.87002775,12220.0,0.0,12230.0,BID
1235,1712374290.644074,61081.87002775,12220.0,0.0,12230.0,BID
1236,1712374299.1228385,61082.87002775,12210.0,-1.504457858009607e-10,12230.0,ASK
1237,1712374299.1260438,61083.79561225,12200.0,-1.3925028742779398e-10,12230.0,ASK
1238,1712374299.302811,61086.08693225,12220.0,3.4471943792095035e-10,12230.0,BID
1239,1712374319.3426275,61088.82320323,12200.0,-4.1166043775046056e-10,12230.0,ASK
1240,1712374320.4463494,61088.82320323,12200.0,-0.0,12230.0,ASK
1241,1712374326.3855755,61107.63087712,12220.0,2.829499143278233e-09,12230.0,BID
1242,1712374337.992676,61113.84937139,12220.0,9.355343096848607e-10,12230.0,BID
1243,1712374344.6525552,61121.42512896,12200.0,-1.1397262457528118e-09,12230.0,ASK
1244,1712374350.4240422,61121.42512896,12200.0,-0.0,12230.0,ASK
1245,1712374357.973055,61274.12194214,12200.0,-2.2970922414492872e-08,12230.0,ASK
1246,1712374357.9760644,61459.27228653,12200.0,-2.7853064562557136e-08,12230.0,ASK
1247,1712374357.979185,62023.45543068,12200.0,-8.487280750618495e-08,12230.0,ASK
1248,1712374376.6426191,62087.94747241,12220.0,9.701850720261945e-09,12230.0,BID
1249,1712374380.6237466,62087.94747241,12220.0,0.0,12230.0,BID
1250,1712374399.3924189,62502.52111848,12220.0,6.22558793700351e-08,12230.0,BID
1251,1712374410.6823893,62502.52111848,12220.0,0.0,12230.0,BID
1252,1712374440.4255002,62519.55840252,12220.0,2.556517521171693e-09,12230.0,BID
1253,1712374440.449349,62519.55840252,12220.0,0.0,12230.0,BID
1254,1712374450.2922957,62524.55840252,12220.0,7.502480003298911e-10,12230.0,BID
1255,1712374470.422815,62524.55840252,12220.0,0.0,12230.0,BID
1256,1712374473.154496,62532.74170857,12220.0,1.2278905426818812e-09,12230.0,BID
1257,1712374500.6372306,62532.74170857,12220.0,0.0,12230.0,BID
1258,1712374530.652219,62532.74170857,12220.0,0.0,12230.0,BID
1259,1712374560.4682226,62532.74170857,12220.0,0.0,12230.0,BID
1260,1712374590.4420354,62532.74170857,12220.0,0.0,12230.0,BID
1261,1712374619.9218962,62533.263503,12220.0,7.855447813369903e-11,12230.0,BID
1262,1712374619.92511,62537.76405815,12220.0,6.775441453424171e-10,12230.0,BID
1263,1712374619.928186,62573.59697651,12220.0,5.394530949221124e-09,12230.0,BID
1264,1712374620.6315963,62573.59697651,12220.0,0.0,12230.0,BID
1265,1712374622.432009,62655.5173706,12200.0,-1.2331925749840508e-08,12230.0,ASK
1266,1712374622.4344451,62656.33704273,12200.0,-1.2338973656945396e-10,12230.0,ASK
1267,1712374632.8316708,62713.33704273,12220.0,8.580522293004203e-09,12230.0,BID
1268,1712374636.568717,62714.97165913,12220.0,2.460677624684172e-10,12230.0,BID
1269,1712374641.6217196,62725.09381116,12210.0,-1.5237430025710575e-09,12230.0,ASK
1270,1712374650.6716733,62725.09381116,12210.0,-0.0,12230.0,ASK
1271,1712374659.8417094,62737.37158596,12210.0,-1.847726263213775e-09,12230.0,ASK
1272,1712374659.8443336,62749.34436028,12210.0,-1.8018256495960751e-09,12230.0,ASK
1273,1712374660.7078562,62750.71249577,12200.0,-2.0589560548878446e-10,12230.0,ASK
1274,1712374662.9116416,62757.81249577,12200.0,-1.0685044059298342e-09,12230.0,ASK
1275,1712374680.442309,62757.81249577,12200.0,-0.0,12230.0,ASK
1276,1712374710.418542,62757.81249577,12200.0,-0.0,12230.0,ASK
1277,1712374715.4118686,62761.91085642,12200.0,-6.167398879441856e-10,12230.0,ASK
1278,1712374715.4145136,62766.00921709,12200.0,-6.16739890954118e-10,12230.0,ASK
1279,1712374740.4820836,62766.00921709,12200.0,-0.0,12230.0,ASK
1280,1712374765.2413738,62848.60921709,12220.0,1.2429835365183209e-08,12230.0,BID
1281,1712374770.061317,62864.72016715,12200.0,-2.4244123101996e-09,12230.0,ASK
1282,1712374770.4814095,62864.72016715,12200.0,-0.0,12230.0,ASK
1283,1712374783.7053645,62872.89537173,12220.0,1.2300001207354428e-09,12230.0,BID
1284,1712374800.481168,62872.89537173,12220.0,0.0,12230.0,BID
1285,1712374800.621202,62873.89537173,12220.0,1.506461338974506e-10,12230.0,BID
1286,1712374830.445714,62873.89537173,12220.0,0.0,12230.0,BID
1287,1712374860.6239154,62873.89537173,12220.0,0.0,12230.0,BID
1288,1712374890.6314611,62873.89537173,12220.0,0.0,12230.0,BID
1289,1712374892.8013225,62883.62896256,12220.0,1.4663251281265332e-09,12230.0,BID
1290,1712374918.4813015,62965.66237208,12200.0,-1.2357993244837216e-08,12230.0,ASK
1291,1712374918.4846056,62966.60313663,12200.0,-1.417222814698139e-10,12230.0,ASK
1292,1712374920.4111395,62966.60313663,12200.0,-0.0,12230.0,ASK
1293,1712374939.106155,62974.78235307,12220.0,1.231955123048397e-09,12230.0,BID
1294,1712374950.2722535,62978.21541558,12220.0,5.170885228399483e-10,12230.0,BID
1295,1712374950.4256089,62978.21541558,12220.0,0.0,12230.0,BID
1296,1712374953.1524918,62994.77301239,12220.0,2.4938550528569147e-09,12230.0,BID
1297,1712374980.6149435,62994.77301239,12220.0,0.0,12230.0,BID
1298,1712375001.0634952,63158.57317619,12210.0,2.4670332440450103e-08,12230.0,BID
1299,1712375001.066829,63194.77301239,12220.0,5.452143469368496e-09,12230.0,BID
1300,1712375010.633309,63194.77301239,12220.0,0.0,12230.0,BID
1301,1712375040.4139743,63194.77301239,12220.0,0.0,12230.0,BID
1302,1712375061.904632,63198.77301239,12220.0,6.02227988659473e-10,12230.0,BID
1303,1712375070.4350712,63198.77301239,12220.0,0.0,12230.0,BID
1304,1712375098.7254615,63239.72305334,12210.0,6.165269827596749e-09,12230.0,BID
1305,1712375100.4400158,63239.72305334,12210.0,0.0,12230.0,BID
1306,1712375103.8256905,63240.22305334,12210.0,7.532995275011734e-11,12230.0,BID
1307,1712375130.4171095,63240.22305334,12210.0,0.0,12230.0,BID
1308,1712375160.6065753,63240.22305334,12210.0,0.0,12230.0,BID
1309,1712375190.677281,63240.22305334,12210.0,0.0,12230.0,BID
1310,1712375220.5235558,63240.22305334,12210.0,0.0,12230.0,BID
1311,1712375238.1081362,63277.27595629,12210.0,5.582381722400892e-09,12230.0,BID
1312,1712375239.548099,63298.77301239,12210.0,3.2387414616327993e-09,12230.0,BID
1313,1712375239.5586724,63398.84956339,12210.0,1.50775098484775e-08,12230.0,BID
1314,1712375246.678218,63400.48756503,12210.0,-2.4678094530774507e-10,12230.0,ASK
1315,1712375250.418036,63400.48756503,12210.0,-0.0,12230.0,ASK
1316,1712375280.6186078,63400.48756503,12210.0,-0.0,12230.0,ASK
1317,1712375310.643672,63400.48756503,12210.0,-0.0,12230.0,ASK
1318,1712375340.2674444,63404.19108385,12220.0,5.57806832125986e-10,12230.0,BID
1319,1712375340.4595158,63404.19108385,12220.0,0.0,12230.0,BID
1320,1712375342.1096635,63407.52406257,12220.0,5.019943785982084e-10,12230.0,BID
1321,1712375360.0598423,63415.70736862,12220.0,1.2325232113818096e-09,12230.0,BID
1322,1712375360.159762,63503.50736862,12220.0,1.3223938747754133e-08,12230.0,BID
1323,1712375368.109984,63706.58919609,12220.0,3.058703470666719e-08,12230.0,BID
1324,1712375368.2099247,63731.75414767,12220.0,3.790202486152151e-09,12230.0,BID
1325,1712375368.220569,63864.52700382,12220.0,1.999749563886236e-08,12230.0,BID
1326,1712375370.4199338,63864.52700382,12220.0,0.0,12230.0,BID
1327,1712375377.1300776,63976.25292517,12220.0,1.681328043959165e-08,12230.0,BID
1328,1712375377.1328888,64031.76744981,12220.0,8.354205183226446e-09,12230.0,BID
1329,1712375397.5512438,64039.95075586,12220.0,1.2314798381534782e-09,12230.0,BID
1330,1712375400.4702656,64039.95075586,12220.0,0.0,12230.0,BID
1331,1712375410.5010543,64048.13406191,12220.0,1.2317067572774576e-09,12230.0,BID
1332,1712375413.620287,64051.84949217,12230.0,5.592263725038252e-10,12230.0,BID
1333,1712375413.623513,64060.98979302,12220.0,1.375748414114565e-09,12230.0,BID
1334,1712375430.3525977,64071.63423664,12210.0,-1.602143810105865e-09,12230.0,ASK
1335,1712375430.3542397,64234.98979302,12210.0,-2.458739064660604e-08,12230.0,ASK
1336,1712375430.3558383,64460.98979302,12210.0,-3.4016291880556845e-08,12230.0,ASK
1337,1712375430.441249,64460.98979302,12210.0,-0.0,12230.0,ASK
1338,1712375430.8403127,64461.98979302,12230.0,1.503981853840716e-10,12230.0,BID
1339,1712375460.620909,64461.98979302,12230.0,0.0,12230.0,BID
1340,1712375478.9708538,64488.50592427,12230.0,3.987970688052785e-09,12230.0,BID
1341,1712375478.972756,64572.30418386,12230.0,1.2603082998948388e-08,12230.0,BID
1342,1712375479.0511332,64605.30418386,12230.0,4.963130988641073e-09,12230.0,BID
1343,1712375485.5109687,64610.20770103,12230.0,7.374787278717701e-10,12230.0,BID
1344,1712375490.6562371,64610.20770103,12230.0,0.0,12230.0,BID
1345,1712375506.2292154,64610.61694061,12220.0,-6.153200172119659e-11,12230.0,ASK
1346,1712375520.435794,64610.61694061,12220.0,-0.0,12230.0,ASK
1347,1712375535.50159,64611.20770103,12220.0,-8.882484887438285e-11,12230.0,ASK
1348,1712375535.5052123,64657.68804061,12220.0,-6.988635323348613e-09,12230.0,ASK
1349,1712375544.3917303,64660.00517318,12230.0,3.4839664842971675e-10,12230.0,BID
1350,1712375544.4023595,64677.17879007,12230.0,2.58217015434111e-09,12230.0,BID
1351,1712375544.405268,65624.48572266,12230.0,1.4243404310237726e-07,12230.0,BID
1352,1712375544.4914143,65638.23572266,12230.0,-2.067406059515585e-09,12230.0,ASK
1353,1712375544.661396,65657.68572266,12230.0,-2.9244398441870634e-09,12230.0,ASK
1354,1712375550.4356685,65657.68572266,12230.0,-0.0,12230.0,ASK
1355,1712375553.251621,65657.68804061,12230.0,-3.478498231020509e-13,12230.0,ASK
1356,1712375562.0218751,65659.19894898,12220.0,-2.2673880349506e-10,12230.0,ASK
1357,1712375575.1119666,65682.51494898,12220.0,-3.498982497701394e-09,12230.0,ASK
1358,1712375580.6621711,65682.51494898,12220.0,-0.0,12230.0,ASK
1359,1712375584.3118875,65707.0099564,12220.0,-3.6757462658301846e-09,12230.0,ASK
1360,1712375584.7117786,65743.1340564,12220.0,-5.420819981995607e-09,12230.0,ASK
1361,1712375586.321992,65761.5740564,12220.0,-2.767125560720104e-09,12230.0,ASK
1362,1712375587.1220722,65779.8437564,12220.0,-2.741570165764306e-09,12230.0,ASK
1363,1712375587.4819324,65890.6965814,12220.0,-1.6634690104960882e-08,12230.0,ASK
1364,1712375588.771921,65899.7535814,12220.0,-1.3591028309891947e-09,12230.0,ASK
1365,1712375590.2521036,65966.2677814,12220.0,-9.981189965880692e-09,12230.0,ASK
1366,1712375591.781982,65980.0177814,12220.0,-2.063339287413049e-09,12230.0,ASK
1367,1712375592.0821493,65993.7677814,12220.0,-2.063339287413049e-09,12230.0,ASK
1368,1712375593.272223,66029.2007814,12220.0,-5.317112797882612e-09,12230.0,ASK
1369,1712375594.7735093,66042.9507814,12220.0,-2.063339287413049e-09,12230.0,ASK
1370,1712375596.1019006,66056.7007814,12220.0,-2.063339287413049e-09,12230.0,ASK
1371,1712375596.5419655,66070.4507814,12220.0,-2.063339287413049e-09,12230.0,ASK
1372,1712375598.0720522,66084.2007814,12220.0,-2.063339287413049e-09,12230.0,ASK
1373,1712375600.09202,66102.3924814,12220.0,-2.7298654047166e-09,12230.0,ASK
1374,1712375602.2032363,66103.20993025,12220.0,-1.2266722382852776e-10,12230.0,ASK
1375,1712375602.2065158,66113.4121814,12220.0,-1.530960408570351e-09,12230.0,ASK
1376,1712375610.6321616,66113.4121814,12220.0,-0.0,12230.0,ASK
1377,1712375617.1024692,66113.41224523,12220.0,-9.570835418241596e-15,12230.0,ASK
1378,1712375617.106378,66130.7101814,12220.0,-2.5936968504765397e-09,12230.0,ASK
1379,1712375617.4825652,66324.5835814,12220.0,-2.9069874118469712e-08,12230.0,ASK
1380,1712375620.612082,66421.4475814,12220.0,-1.4524036235045847e-08,12230.0,ASK
1381,1712375620.722159,66436.10237204,12220.0,-2.1973768404389315e-09,12230.0,ASK
1382,1712375620.8822677,66444.27081439,12230.0,1.2247971658742447e-09,12230.0,BID
1383,1712375622.8222525,66445.27081439,12230.0,1.4994256106546948e-10,12230.0,BID
1384,1712375623.312215,66480.70381439,12220.0,-5.312914766233462e-09,12230.0,ASK
1385,1712375634.1528656,66492.77922757,12220.0,-1.8106183781338031e-09,12230.0,ASK
1386,1712375636.1022851,66514.54532757,12220.0,-3.2636647784061347e-09,12230.0,ASK
1387,1712375636.766678,66515.54732757,12220.0,-1.5024244618875248e-10,12230.0,ASK
1388,1712375640.452376,66515.54732757,12220.0,-0.0,12230.0,ASK
1389,1712375640.5224693,66530.00466499,12220.0,-2.1661740639586532e-09,12230.0,ASK
1390,1712375640.6023552,66544.28108907,12220.0,-2.1390674278239348e-09,12230.0,ASK
1391,1712375643.63235,66554.72124,12220.0,-1.5642703432434363e-09,12230.0,ASK
1392,1712375661.4076922,66555.75063329,12230.0,1.542362180269625e-10,12230.0,BID
1393,1712375663.0924172,66556.73882952,12230.0,1.4806357362840644e-10,12230.0,BID
1394,1712375664.8325405,66557.6874771,12230.0,1.4213791405157914e-10,12230.0,BID
1395,1712375666.5629578,66558.59815902,12230.0,1.364494372857949e-10,12230.0,BID
1396,1712375669.5526245,66594.03115902,12220.0,-5.309002852910634e-09,12230.0,ASK
1397,1712375670.4424489,66594.03115902,12220.0,-0.0,12230.0,ASK
1398,1712375671.8626442,66665.05015902,12220.0,-1.0639401083415205e-08,12230.0,ASK
1399,1712375672.1050267,66691.92515902,12220.0,-4.0261606628758875e-09,12230.0,ASK
1400,1712375676.1227298,66739.72685902,12220.0,-7.161202759389009e-09,12230.0,ASK
1401,1712375680.5534308,66828.40075902,12220.0,-1.3284292762933056e-08,12230.0,ASK
1402,1712375681.6027071,66829.27499614,12230.0,1.309700131175992e-10,12230.0,BID
1403,1712375683.5127656,66830.11424716,12230.0,1.2572872346152848e-10,12230.0,BID
1404,1712375685.132731,66840.70887856,12220.0,-1.587188397408807e-09,12230.0,ASK
1405,1712375690.1329317,66856.53243861,12220.0,-2.370537489113486e-09,12230.0,ASK
1406,1712375691.3125732,66867.82930582,12220.0,-1.6923907860344887e-09,12230.0,ASK
1407,1712375692.483003,66868.23912579,12220.0,-6.139538761130031e-11,12230.0,ASK
1408,1712375697.9427738,66903.67212579,12220.0,-5.308240028565567e-09,12230.0,ASK
1409,1712375700.4550376,66903.67212579,12220.0,-0.0,12230.0,ASK
1410,1712375701.0627728,66912.06862579,12220.0,-1.258794792735995e-09,12230.0,ASK
1411,1712375701.6236165,66913.07362579,12220.0,-1.5066858413712188e-10,12230.0,ASK
1412,1712375702.562919,66914.07355128,12220.0,-1.4990781872704848e-10,12230.0,ASK
1413,1712375702.5652864,66947.50162579,12220.0,-5.011503141122485e-09,12230.0,ASK
1414,1712375727.6231773,66947.5017003,12220.0,-1.1170463422955082e-14,12230.0,ASK
1415,1712375730.449088,66947.5017003,12220.0,-0.0,12230.0,ASK
1416,1712375760.653273,66947.5017003,12220.0,-0.0,12230.0,ASK
1417,1712375790.6235144,66947.5017003,12220.0,-0.0,12230.0,ASK
1418,1712375806.193523,66976.14327149,12220.0,4.293570644135516e-09,12230.0,BID
1419,1712375820.4436886,66976.14327149,12220.0,0.0,12230.0,BID
1420,1712375822.213875,66977.79687214,12220.0,2.4787322837218777e-10,12230.0,BID
1421,1712375827.983813,66979.06349659,12210.0,-1.8986584914405783e-10,12230.0,ASK
1422,1712375839.944451,66980.06349659,12210.0,-1.4989908740835512e-10,12230.0,ASK
1423,1712375850.468538,66980.06349659,12210.0,-0.0,12230.0,ASK
1424,1712375852.753985,66981.06349659,12210.0,-1.4989801150927278e-10,12230.0,ASK
1425,1712375852.7574437,67021.64342933,12210.0,-6.0828512249063085e-09,12230.0,ASK
1426,1712375852.7607903,67052.49719368,12210.0,-4.624917923641015e-09,12230.0,ASK
1427,1712375880.6680117,67052.49719368,12210.0,-0.0,12230.0,ASK
1428,1712375910.6715076,67052.49719368,12210.0,-0.0,12230.0,ASK
1429,1712375936.7243795,67054.03187753,12210.0,-2.3001556375997462e-10,12230.0,ASK
1430,1712375940.4618642,67054.03187753,12210.0,-0.0,12230.0,ASK
1431,1712375963.9946475,67062.16195883,12210.0,-1.2185180561118043e-09,12230.0,ASK
1432,1712375970.4346335,67062.16195883,12210.0,-0.0,12230.0,ASK
1433,1712376000.5648594,67062.16195883,12210.0,-0.0,12230.0,ASK
1434,1712376018.2247982,67134.82638539,12210.0,-1.0949517431026758e-08,12230.0,ASK
1435,1712376018.2290192,67135.82638539,12210.0,-1.5068607776027703e-10,12230.0,ASK
1436,1712376018.3046806,67234.66752345,12210.0,1.4893983415623584e-08,12230.0,BID
1437,1712376018.4049263,67365.98488935,12210.0,1.9787698809282483e-08,12230.0,BID
1438,1712376018.465849,67395.98488935,12210.0,4.520582332808311e-09,12230.0,BID
1439,1712376020.614784,67412.56646182,12210.0,2.498612118601072e-09,12230.0,BID
1440,1712376030.487012,67412.56646182,12210.0,0.0,12230.0,BID
1441,1712376034.3147423,67476.755657,12210.0,9.666186254492071e-09,12230.0,BID
1442,1712376060.6389172,67476.755657,12210.0,0.0,12230.0,BID
1443,1712376090.68539,67476.755657,12210.0,0.0,12230.0,BID
1444,1712376120.4479313,67476.755657,12210.0,0.0,12230.0,BID
1445,1712376126.565648,67477.755657,12230.0,1.5057122181943668e-10,12230.0,BID
1446,1712376126.5700088,67492.32773726,12230.0,2.194135929198668e-09,12230.0,BID
1447,1712376136.7057977,67493.07393726,12210.0,-1.123562457207802e-10,12230.0,ASK
1448,1712376150.4558244,67493.07393726,12210.0,-0.0,12230.0,ASK
1449,1712376167.7258637,67507.08543726,12220.0,-2.1096652840649966e-09,12230.0,ASK
1450,1712376180.6358137,67507.08543726,12220.0,-0.0,12230.0,ASK
1451,1712376186.4268742,67513.844238,12210.0,-1.0176240730080146e-09,12230.0,ASK
1452,1712376186.431018,67519.27226456,12210.0,-8.172589648462692e-10,12230.0,ASK
1453,1712376210.6457806,67519.27226456,12210.0,-0.0,12230.0,ASK
1454,1712376240.480273,67519.27226456,12210.0,-0.0,12230.0,ASK
1455,1712376270.440606,67519.27226456,12210.0,-0.0,12230.0,ASK
1456,1712376288.096238,67520.13080912,12230.0,1.292619907430054e-10,12230.0,BID
1457,1712376300.6460133,67520.13080912,12230.0,0.0,12230.0,BID
1458,1712376303.05603,67524.14384189,12230.0,6.083437536139194e-10,12230.0,BID
1459,1712376330.6462352,67524.14384189,12230.0,0.0,12230.0,BID
1460,1712376360.4205637,67524.14384189,12230.0,0.0,12230.0,BID
1461,1712376390.5800853,67524.14384189,12230.0,0.0,12230.0,BID
1462,1712376420.6364353,67524.14384189,12230.0,0.0,12230.0,BID
1463,1712376450.6565711,67524.14384189,12230.0,0.0,12230.0,BID
1464,1712376452.826953,67524.47478688,12230.0,5.0168247087101513e-11,12230.0,BID
1465,1712376452.837068,67524.96150337,12230.0,7.378178811976275e-11,12230.0,BID
1466,1712376456.0467367,67525.58904149,12230.0,9.512906498910612e-11,12230.0,BID
1467,1712376456.0522568,67525.77916485,12230.0,2.8820970219964093e-11,12230.0,BID
1468,1712376480.446486,67525.77916485,12230.0,0.0,12230.0,BID
1469,1712376493.2266643,67526.65888948,12230.0,1.3335783931942344e-10,12230.0,BID
1470,1712376493.236718,67533.95577973,12230.0,1.106138766964957e-09,12230.0,BID
1471,1712376510.436784,67533.95577973,12230.0,0.0,12230.0,BID
1472,1712376540.6475935,67533.95577973,12230.0,0.0,12230.0,BID
1473,1712376570.6569088,67533.95577973,12230.0,0.0,12230.0,BID
1474,1712376589.7668903,67697.48807735,12230.0,2.47895563427756e-08,12230.0,BID
1475,1712376600.46024,67697.48807735,12230.0,0.0,12230.0,BID
1476,1712376602.8670528,67710.29717874,12220.0,-1.9433422686694726e-09,12230.0,ASK
1477,1712376602.9168825,67723.03793892,12220.0,-1.932973831567627e-09,12230.0,ASK
1478,1712376612.7064717,67746.58791368,12220.0,-3.572901797230484e-09,12230.0,ASK
1479,1712376612.709065,67748.40623892,12220.0,-2.7586855544927004e-10,12230.0,ASK
1480,1712376612.7769485,67748.40624429,12220.0,-8.147144173121609e-16,12230.0,ASK
1481,1712376630.4727073,67748.40624429,12220.0,-0.0,12230.0,ASK
1482,1712376658.8673818,67754.1298747,12230.0,8.68282844480971e-10,12230.0,BID
1483,1712376660.639084,67754.1298747,12230.0,0.0,12230.0,BID
1484,1712376690.637936,67754.1298747,12230.0,0.0,12230.0,BID
1485,1712376719.7873209,67787.75178359,12230.0,5.100437064103286e-09,12230.0,BID
1486,1712376719.790058,68137.09610528,12230.0,5.2995465912140345e-08,12230.0,BID
1487,1712376720.5021544,68137.09610528,12230.0,0.0,12230.0,BID
1488,1712376750.437264,68137.09610528,12230.0,0.0,12230.0,BID
1489,1712376780.6502342,68137.09610528,12230.0,0.0,12230.0,BID
1490,1712376804.6373842,68145.27272016,12220.0,-1.239510205031228e-09,12230.0,ASK
1491,1712376804.6473968,68146.27272016,12220.0,-1.5159209810183519e-10,12230.0,ASK
1492,1712376804.6508963,68155.21076943,12210.0,-1.3549376417769059e-09,12230.0,ASK
1493,1712376810.667319,68155.21076943,12210.0,-0.0,12230.0,ASK
1494,1712376817.837351,68158.87151096,12210.0,-5.549208753969382e-10,12230.0,ASK
1495,1712376840.419213,68158.87151096,12210.0,-0.0,12230.0,ASK
1496,1712376870.453788,68158.87151096,12210.0,-0.0,12230.0,ASK
1497,1712376877.7476296,68159.87151096,12220.0,-1.5158598632617188e-10,12230.0,ASK
1498,1712376884.4979925,68160.87151096,12220.0,-1.5158598632617188e-10,12230.0,ASK
1499,1712376884.5030506,68184.44153553,12220.0,-3.5728854221754163e-09,12230.0,ASK
1500,1712376900.489595,68184.44153553,12220.0,-0.0,12230.0,ASK
1501,1712376915.2772253,68185.44153553,12220.0,1.5215344196600018e-10,12230.0,BID
1502,1712376930.44708,68185.44153553,12220.0,0.0,12230.0,BID
1503,1712376947.477403,68186.44153553,12230.0,1.5215315906533999e-10,12230.0,BID
1504,1712376949.1471848,68196.44153553,12230.0,1.5215315906533998e-09,12230.0,BID
1505,1712376960.6472166,68196.44153553,12230.0,0.0,12230.0,BID
1506,1712376974.2679703,68197.98476529,12230.0,2.3480247693795857e-10,12230.0,BID
1507,1712376990.647524,68197.98476529,12230.0,0.0,12230.0,BID
1508,1712376992.5172002,68206.1814866,12230.0,1.247127932259218e-09,12230.0,BID
