,time,acc_trade_volume,trade_price,dev,high,ask_bid
0,1712365207.1987956,36095465.77585526,276.8,0.0,285.4,BID
1,1712365208.435405,36095574.15735816,277.1,7.1765848941352675e-09,285.4,BID
2,1712365208.43636,36095719.30807323,277.1,9.611293451545153e-09,285.4,BID
3,1712365212.835624,36095791.76461952,276.8,-4.7977795257082575e-09,285.4,ASK
4,1712365220.5055242,36095991.14093531,276.1,-1.3201893476194508e-08,285.4,ASK
5,1712365221.4755466,36096027.47776599,276.4,-2.406078004027443e-09,285.4,ASK
6,1712365221.4767723,36097310.457361,276.1,-8.495372120052699e-08,285.4,ASK
7,1712365225.3458917,36097354.85253222,276.1,-2.939668731744819e-09,285.4,ASK
8,1712365229.665511,36098914.85253222,276.1,-1.0329689231904949e-07,285.4,ASK
9,1712365229.6664002,36098951.17759923,276.2,-2.4052990609015143e-09,285.4,ASK
10,1712365229.6671464,36099049.11401721,276.1,-6.484953604101435e-09,285.4,ASK
11,1712365229.6678524,36099166.44673512,276.0,-7.769298158649311e-09,285.4,ASK
12,1712365230.5954258,36099166.44673512,276.0,-0.0,285.4,ASK
13,1712365243.273935,36099867.55756452,276.0,-4.641226669006934e-08,285.4,ASK
14,1712365243.2752388,36101126.34542273,275.8,-8.332947564317106e-08,285.4,ASK
15,1712365243.2764406,36104339.46691201,276.0,-2.127028213157795e-07,285.4,ASK
16,1712365247.9455314,36107966.59785143,275.7,-2.401094968464365e-07,285.4,ASK
17,1712365247.946784,36108353.55555,275.8,-2.5615898586484388e-08,285.4,ASK
18,1712365247.948064,36109206.53463535,275.7,-5.646567009132986e-08,285.4,ASK
19,1712365251.0754998,36110919.43890211,275.7,-1.1339115915763097e-07,285.4,ASK
20,1712365254.5169358,36112599.43890211,275.8,-1.1121295631143325e-07,285.4,ASK
21,1712365254.5185068,36117558.52642995,275.7,-3.2828260986809e-07,285.4,ASK
22,1712365254.5200765,36117631.09537044,275.6,-4.803932385913822e-09,285.4,ASK
23,1712365254.5216403,36121914.98153601,275.4,-2.835855029609091e-07,285.4,ASK
24,1712365254.5229654,36124786.17438796,275.6,-1.900677650035545e-07,285.4,ASK
25,1712365254.524167,36138787.44388025,275.5,-9.268586740183048e-07,285.4,ASK
26,1712365254.5253885,36138814.53961349,275.7,-1.793688450639174e-09,285.4,ASK
27,1712365254.5265975,36160382.18878506,275.3,-1.4277393006297389e-06,285.4,ASK
28,1712365254.527841,36160680.06750691,275.4,-1.9719031713691475e-08,285.4,ASK
29,1712365254.529063,36179700.86597394,275.2,-1.2591423981682582e-06,285.4,ASK
30,1712365254.530558,36187119.03573039,275.1,-4.910693982350252e-07,285.4,ASK
31,1712365254.531808,36187372.38489839,275.3,-1.6771255923680426e-08,285.4,ASK
32,1712365254.5330524,36192273.64927733,275.1,-3.244548221703105e-07,285.4,ASK
33,1712365259.2154725,36192364.33332812,275.7,6.003119868309193e-09,285.4,BID
34,1712365260.4176672,36192364.33332812,275.7,0.0,285.4,BID
35,1712365266.3677802,36195724.82751416,275.2,-2.220813002818893e-07,285.4,ASK
36,1712365266.3757546,36199042.34430068,275.2,-2.192410999309205e-07,285.4,ASK
37,1712365271.025873,36199105.2344909,275.2,-4.156155150445549e-09,285.4,ASK
38,1712365271.027938,36199513.58628084,275.2,-2.6986297687508783e-08,285.4,ASK
39,1712365273.9659,36201105.2344909,275.2,-1.0518551275911769e-07,285.4,ASK
40,1712365274.5055838,36205285.51159371,275.2,-2.7625739642320216e-07,285.4,ASK
41,1712365275.0655515,36205809.80311471,275.2,-3.4648279766545143e-08,285.4,ASK
42,1712365275.9254792,36206538.49760388,275.2,-4.815643494778421e-08,285.4,ASK
43,1712365280.5679152,36209898.99178992,275.2,2.220813002823817e-07,285.4,BID
44,1712365280.5753582,36222928.86288297,275.2,8.610908261272675e-07,285.4,BID
45,1712365281.1154764,36224813.71318509,275.2,-1.245620384257107e-07,285.4,ASK
46,1712365282.1156356,36239422.69884022,275.2,-9.65448041414087e-07,285.4,ASK
47,1712365284.0256283,36245478.8243008,275.2,-4.002245332083834e-07,285.4,ASK
48,1712365290.3665428,36245478.8243008,275.2,-0.0,285.4,ASK
49,1712365292.925459,36245497.15460932,275.5,1.210205990918594e-09,285.4,BID
50,1712365292.9656577,36246056.72500452,275.5,3.694402873204764e-08,285.4,BID
51,1712365292.9668458,36249437.13198126,275.5,2.2318166498348865e-07,285.4,BID
52,1712365292.9680707,36250316.15162641,275.5,5.803474827342794e-08,285.4,BID
53,1712365305.1462529,36252056.15162641,275.7,-1.1487850419870257e-07,285.4,ASK
54,1712365305.1478603,36260659.41184408,275.5,-5.680055546198863e-07,285.4,ASK
55,1712365305.149699,36260693.07604408,275.6,-2.22258215005711e-09,285.4,ASK
56,1712365315.7858598,36261782.00526368,275.6,-7.189342524451672e-08,285.4,ASK
57,1712365315.7875478,36262078.50199807,275.6,-1.957534560132948e-08,285.4,ASK
58,1712365315.8659482,36262703.8989082,275.6,4.129003538295237e-08,285.4,BID
59,1712365320.5854506,36262703.8989082,275.6,0.0,285.4,BID
60,1712365321.4556844,36264383.8989082,275.3,-1.1088243201005197e-07,285.4,ASK
61,1712365321.4574158,36264452.59855434,275.5,-4.53427609690433e-09,285.4,ASK
62,1712365321.4591272,36269707.06158418,275.3,-3.468021664615866e-07,285.4,ASK
63,1712365334.955735,36269743.38559435,275.5,2.397437254832096e-09,285.4,BID
64,1712365347.9857888,36270107.12705695,275.5,2.400746309256625e-08,285.4,BID
65,1712365350.5675616,36270107.12705695,275.5,0.0,285.4,BID
66,1712365361.6058338,36271046.36879323,275.3,-6.198297604691673e-08,285.4,ASK
67,1712365361.60748,36283997.4495661,275.3,-8.546751047372068e-07,285.4,ASK
68,1712365361.6090803,36330187.23150317,275.1,-3.0481824186851538e-06,285.4,ASK
69,1712365361.6104484,36330760.47194433,275.3,-3.782960995137429e-08,285.4,ASK
70,1712365361.6117263,36351012.66863927,275.1,-1.3364945084472586e-06,285.4,ASK
71,1712365361.612982,36353463.74530703,275.1,-1.617528486209748e-07,285.4,ASK
72,1712365361.6854784,36359575.43415708,275.1,-4.0332605437682773e-07,285.4,ASK
73,1712365361.7054904,36363260.71147417,275.1,-2.432009213908625e-07,285.4,ASK
74,1712365362.625654,36377906.08014785,275.1,-9.66485517664458e-07,285.4,ASK
75,1712365372.705696,36379441.46013775,275.1,-1.0132367149058029e-07,285.4,ASK
76,1712365372.7074318,36381641.24742057,275.0,-1.4516961629064136e-07,285.4,ASK
77,1712365375.855922,36381659.57772909,275.5,1.2096641684461827e-09,285.4,BID
78,1712365376.785675,36381954.41844627,275.0,-1.9457296673316345e-08,285.4,ASK
79,1712365376.7874124,36381991.13236848,275.1,-2.422846082150389e-09,285.4,ASK
80,1712365376.7891033,36383139.62873211,275.0,-7.579222669409729e-08,285.4,ASK
81,1712365377.7457569,36383212.35600483,275.0,4.7994596372731684e-09,285.4,BID
82,1712365377.747645,36383406.19566727,275.0,1.2791977496209854e-08,285.4,BID
83,1712365377.7656224,36391179.65985675,274.9,-5.1299087982161e-07,285.4,ASK
84,1712365379.715725,36392274.96115675,275.0,7.228174773289754e-08,285.4,BID
85,1712365380.4193103,36392274.96115675,275.0,0.0,285.4,BID
86,1712365380.5241294,36394081.97236021,274.9,-1.189854088195207e-07,285.4,ASK
87,1712365382.485764,36394277.73045406,274.9,-1.2889990267757054e-08,285.4,ASK
88,1712365382.4871962,36403691.84755582,274.9,-6.198868993636753e-07,285.4,ASK
89,1712365382.62727,36403783.89448722,274.8,-6.060970591359924e-09,285.4,ASK
90,1712365385.4594748,36403849.4551733,274.9,4.316943370895982e-09,285.4,BID
91,1712365392.2559602,36403922.23537708,274.8,-4.792323525381896e-09,285.4,ASK
92,1712365392.2577946,36406648.37026386,274.8,-1.7950650963280157e-07,285.4,ASK
93,1712365395.8057966,36407520.60118535,274.8,5.743337538804866e-08,285.4,BID
94,1712365395.8079536,36408885.76632924,274.8,8.989138110501096e-08,285.4,BID
95,1712365395.8098068,36409524.87201298,274.9,4.2082888536346726e-08,285.4,BID
96,1712365395.8856037,36418836.83935903,274.9,6.131606928955329e-07,285.4,BID
97,1712365395.88747,36426619.70357082,274.9,5.124745647693361e-07,285.4,BID
98,1712365396.69646,36427619.70357082,274.7,-6.584652524105306e-08,285.4,ASK
99,1712365396.7460504,36429915.98023682,274.7,1.512018394482421e-07,285.4,BID
100,1712365396.7479124,36432976.77494458,274.7,2.015426959822146e-07,285.4,BID
101,1712365396.7655451,36438378.89415344,274.7,-3.557107788412075e-07,285.4,ASK
102,1712365396.767073,36443990.21298074,274.7,-3.694858467974889e-07,285.4,ASK
103,1712365396.8055122,36449093.03690096,274.7,-3.360032240634245e-07,285.4,ASK
104,1712365396.8070648,36451974.07619868,274.7,-1.897064268379359e-07,285.4,ASK
105,1712365396.816213,36453067.81843865,274.6,-7.201912601119224e-08,285.4,ASK
106,1712365397.005634,36454067.81843865,274.6,-6.584652524105306e-08,285.4,ASK
107,1712365397.0156174,36454482.20001513,274.6,-2.728558693501768e-08,285.4,ASK
108,1712365397.0176282,36460475.41835073,274.5,-3.946326024101423e-07,285.4,ASK
109,1712365397.0192657,36462655.41835073,274.6,-1.4354542502549565e-07,285.4,ASK
110,1712365403.5464454,36462673.76197586,275.3,1.2078639755115875e-09,285.4,BID
111,1712365403.5556474,36467067.69997618,274.9,-2.8932554944578445e-07,285.4,ASK
112,1712365404.4164252,36478969.55681034,274.9,-7.836959164458044e-07,285.4,ASK
113,1712365404.4256327,36485453.11021223,274.6,-4.269194627290952e-07,285.4,ASK
114,1712365404.4956234,36492486.1406216,274.6,-4.631006143718955e-07,285.4,ASK
115,1712365410.2723885,36495563.00117939,274.6,-2.026005763815302e-07,285.4,ASK
116,1712365410.3965342,36495563.00117939,274.6,-0.0,285.4,ASK
117,1712365410.446501,36506299.68730608,274.6,-7.056548217863007e-07,285.4,ASK
118,1712365410.4473884,36508162.68674747,274.6,-1.224432309273119e-07,285.4,ASK
119,1712365412.6155453,36509434.11007108,274.6,-8.356265501756665e-08,285.4,ASK
120,1712365412.9756937,36513723.29261571,274.6,-2.819009802865942e-07,285.4,ASK
121,1712365413.7559178,36514429.40241177,274.6,4.6408153914273023e-08,285.4,BID
122,1712365416.8855193,36514513.52477156,274.6,5.528833395203957e-09,285.4,BID
123,1712365417.0356665,36535386.88205818,274.6,1.3718744352187872e-06,285.4,BID
124,1712365417.1156185,36536096.45169937,274.8,4.6635547764853764e-08,285.4,BID
125,1712365421.8755782,36536407.77922297,275.2,2.046159919306244e-08,285.4,BID
126,1712365426.9565115,36537527.84555542,274.6,-7.361491235600706e-08,285.4,ASK
127,1712365426.9588952,36538512.70097072,274.6,-6.472834954549753e-08,285.4,ASK
128,1712365426.9609344,36538585.4811745,274.8,-4.783384847371196e-09,285.4,ASK
129,1712365428.6257243,36539255.20489533,275.3,4.4016726138270514e-08,285.4,BID
130,1712365428.6279206,36541489.45252215,275.2,1.4684303818945405e-07,285.4,BID
131,1712365439.5356555,36551334.5862763,275.2,6.470586941606259e-07,285.4,BID
132,1712365439.538148,36560335.16263045,275.2,5.915512503786095e-07,285.4,BID
133,1712365440.5757744,36560335.16263045,275.2,0.0,285.4,BID
134,1712365444.876121,36560350.30721515,274.6,-9.941951749787767e-10,285.4,ASK
135,1712365444.8781755,36560735.16263045,274.6,-2.5264568472395333e-08,285.4,ASK
136,1712365453.435552,36562778.44751417,275.2,1.3413533706432512e-07,285.4,BID
137,1712365460.045642,36563700.60111626,274.6,-6.053653370986698e-08,285.4,ASK
138,1712365464.0360649,36571298.98163801,274.6,-4.988101955582493e-07,285.4,ASK
139,1712365465.025551,36572027.31375746,274.6,-4.781275245356973e-08,285.4,ASK
140,1712365470.560174,36572027.31375746,274.6,-0.0,285.4,ASK
141,1712365471.1756637,36587485.18410026,274.6,-1.014547491515106e-06,285.4,ASK
142,1712365480.9160144,36587503.53439095,275.2,1.2043859193455602e-09,285.4,BID
143,1712365500.385892,36587503.53439095,275.2,0.0,285.4,BID
144,1712365500.955757,36587576.26166367,275.0,-4.7751511910533725e-09,285.4,ASK
145,1712365500.9579556,36589320.39485606,274.7,-1.1451687076401802e-07,285.4,ASK
146,1712365501.4757018,36589393.12205606,274.7,-4.775146416532901e-09,285.4,ASK
147,1712365502.2856116,36589393.12212878,274.7,-4.774520471028838e-15,285.4,ASK
148,1712365502.365526,36589705.31995209,274.7,2.049838736024204e-08,285.4,BID
149,1712365504.536146,36590883.09959831,274.6,-7.733104336462995e-08,285.4,ASK
150,1712365504.5380857,36593026.60019445,274.6,-1.407386671048277e-07,285.4,ASK
151,1712365504.5390894,36621412.30897939,274.5,-1.863758203016521e-06,285.4,ASK
152,1712365504.54006,36649467.48189529,274.7,-1.8420557702185643e-06,285.4,ASK
153,1712365504.5410275,36649503.89850126,274.6,-2.391053491744153e-09,285.4,ASK
154,1712365504.5420055,36649652.5163599,274.5,-9.758000240724544e-09,285.4,ASK
155,1712365504.5433197,36649725.34957184,274.6,-4.7821069829991145e-09,285.4,ASK
156,1712365504.5442882,36650201.44468845,274.4,-3.1259609746457394e-08,285.4,ASK
157,1712365504.5452762,36661201.91635265,274.6,-7.222725864110469e-07,285.4,ASK
158,1712365504.5462863,36670810.30431772,274.5,-6.308706970586084e-07,285.4,ASK
159,1712365504.5473258,36678272.05522069,274.4,-4.899260948402937e-07,285.4,ASK
160,1712365504.5483346,36686671.39888461,274.6,-5.514868686978403e-07,285.4,ASK
161,1712365504.5493667,36711304.94208007,274.4,-1.6173972807139031e-06,285.4,ASK
162,1712365504.5503843,36713135.52041567,274.5,-1.2019271440721513e-07,285.4,ASK
163,1712365504.5514135,36738437.95205985,274.3,-1.6613153784665705e-06,285.4,ASK
164,1712365504.5524282,36745441.8227036,274.4,-4.59862442190573e-07,285.4,ASK
165,1712365504.5534558,36804836.16823759,274.3,-3.899733472939722e-06,285.4,ASK
166,1712365507.9617145,36804854.53187395,275.0,1.2057256756088943e-09,285.4,BID
167,1712365511.0856345,36806425.48881971,274.3,-1.0314640780795353e-07,285.4,ASK
168,1712365518.0556169,36813122.89146007,274.4,-4.397402652313251e-07,285.4,ASK
169,1712365525.226003,36821255.78877952,274.4,-5.339924469829309e-07,285.4,ASK
170,1712365526.700314,36835031.86592965,274.4,-9.045142042589456e-07,285.4,ASK
171,1712365530.5858526,36835031.86592965,274.4,-0.0,285.4,ASK
172,1712365534.3256717,36835050.23624612,274.9,1.2008084057040227e-09,285.4,BID
173,1712365544.8757415,36836796.72115328,274.8,1.1416209190472425e-07,285.4,BID
174,1712365544.8769813,36841844.07176285,274.8,3.299290488003551e-07,285.4,BID
175,1712365545.6657152,36842196.13243557,274.4,-2.3013071976557763e-08,285.4,ASK
176,1712365547.8757083,36872074.34802263,274.3,-1.953042697251922e-06,285.4,ASK
177,1712365547.8775923,36879080.03009888,274.4,-4.579388678152406e-07,285.4,ASK
178,1712365548.7561574,36894773.54092359,274.3,-1.0258342443888672e-06,285.4,ASK
179,1712365556.18745,36905206.21906515,274.3,-6.81950560192854e-07,285.4,ASK
180,1712365556.1898751,36916746.65212878,274.3,-7.543609307042384e-07,285.4,ASK
181,1712365556.1922846,36916819.5649979,274.3,-4.7660793581175915e-09,285.4,ASK
182,1712365556.8256483,36920319.5649979,274.2,-2.287837243982245e-07,285.4,ASK
183,1712365556.8267603,36920870.31092221,274.2,-3.6000486789210416e-08,285.4,ASK
184,1712365556.9257193,36921604.20859321,274.3,4.797252642810652e-08,285.4,BID
185,1712365558.3758807,36921604.20859365,274.3,2.873420659877412e-17,285.4,BID
186,1712365558.378375,36922197.81955021,274.3,3.8802435852778526e-08,285.4,BID
187,1712365560.428589,36922197.81955021,274.3,0.0,285.4,BID
188,1712365561.3066068,36922216.21663572,274.5,1.200681379507763e-09,285.4,BID
189,1712365561.309462,36922216.21663582,274.3,6.807645014210358e-18,285.4,BID
190,1712365563.7365465,36925749.5662622,274.2,-2.306032170873483e-07,285.4,ASK
191,1712365563.7397609,36926749.5662622,274.2,-6.52647604884173e-08,285.4,ASK
192,1712365563.7461183,36926797.65524834,274.2,-3.138516162298114e-09,285.4,ASK
193,1712365563.752051,36930444.62826073,274.2,-2.380188201616946e-07,285.4,ASK
194,1712365563.7584865,36956953.78500914,274.2,-1.7301137659346668e-06,285.4,ASK
195,1712365565.48603,36958044.31810914,274.2,7.117338157629004e-08,285.4,BID
196,1712365565.5657098,36962763.46323714,274.2,3.079938764887926e-07,285.4,BID
197,1712365565.5859585,36963853.99633751,274.2,7.117338160060306e-08,285.4,BID
198,1712365567.9359255,36964030.2388472,274.3,-1.150242518298516e-08,285.4,ASK
199,1712365569.545966,36965700.27334483,274.3,-1.0899440149496341e-07,285.4,ASK
200,1712365569.548625,36967756.02126151,274.3,-1.34167895406915e-07,285.4,ASK
201,1712365570.5572712,36967987.89115274,274.4,1.5132932915359292e-08,285.4,BID
202,1712365571.2756436,36968473.82226151,274.4,-3.1714177427924885e-08,285.4,ASK
203,1712365571.2776985,36973712.02036963,274.3,-3.418697449169605e-07,285.4,ASK
204,1712365573.365563,36974472.07281416,274.2,4.9604640751050566e-08,285.4,BID
205,1712365574.330851,36977095.03575797,274.1,-1.711870482975737e-07,285.4,ASK
206,1712365574.3357613,36977131.51879335,274.1,-2.381056566332202e-09,285.4,ASK
207,1712365574.338292,36984414.857099,274.1,-4.7534533007401573e-07,285.4,ASK
208,1712365574.3394616,36991479.77589803,274.1,-4.610902332891524e-07,285.4,ASK
209,1712365575.285973,36993590.44511757,274.2,1.377523210834594e-07,285.4,BID
210,1712365576.4557614,36996081.22551607,274.2,1.625601861375393e-07,285.4,BID
211,1712365582.565739,37001633.83586775,274.2,-3.6238978468752697e-07,285.4,ASK
212,1712365587.606114,37001652.25308146,274.2,1.2019950420134687e-09,285.4,BID
213,1712365589.275837,37002692.7865859,274.1,-6.791016994705391e-08,285.4,ASK
214,1712365589.3756075,37002989.25396125,274.2,1.9348872245041863e-08,285.4,BID
215,1712365589.4023557,37007204.01774558,274.2,2.750755488993316e-07,285.4,BID
216,1712365589.404259,37008071.24551224,274.2,5.6599412480155054e-08,285.4,BID
217,1712365589.6360197,37012989.25396125,274.2,-3.209726435046862e-07,285.4,ASK
218,1712365590.4060624,37012989.25396125,274.2,-0.0,285.4,ASK
219,1712365599.385898,37015470.16965079,274.1,-1.6165371879144629e-07,285.4,ASK
220,1712365599.388538,37031623.40544189,274.1,-1.0525269549271352e-06,285.4,ASK
221,1712365599.571248,37038917.35146669,274.2,4.752654451514689e-07,285.4,BID
222,1712365603.9758422,37052591.46813482,274.1,-8.909902984241227e-07,285.4,ASK
223,1712365603.9858234,37055928.58424829,274.0,-2.174427901983715e-07,285.4,ASK
224,1712365603.9873784,37055985.42888367,274.1,-3.703933487794123e-09,285.4,ASK
225,1712365603.9889169,37070191.84363521,274.0,-9.25674252035052e-07,285.4,ASK
226,1712365603.9904978,37080844.19229813,274.0,-6.940952417215896e-07,285.4,ASK
227,1712365606.6758845,37080884.30900126,274.2,2.6139599479340204e-09,285.4,BID
228,1712365606.8755686,37083437.78529593,274.2,1.6638168746311022e-07,285.4,BID
229,1712365606.8771574,37083717.21912437,274.0,-1.820759879635697e-08,285.4,ASK
230,1712365608.3358984,37086481.80492429,274.0,-1.801373490273845e-07,285.4,ASK
231,1712365608.757175,37090128.77793668,274.2,2.376327225752489e-07,285.4,BID
232,1712365610.785652,37090274.2361185,274.2,9.47789403690244e-09,285.4,BID
233,1712365612.4821556,37090751.73581261,274.0,-3.1113351251655856e-08,285.4,ASK
234,1712365612.483487,37100831.26903869,274.0,-6.567712222328809e-07,285.4,ASK
235,1712365612.4847488,37104608.64130145,274.0,-2.461293933158541e-07,285.4,ASK
236,1712365612.48602,37106247.73427173,273.9,-1.0680148269713773e-07,285.4,ASK
237,1712365614.9259186,37106266.16492866,274.0,1.200921194312607e-09,285.4,BID
238,1712365616.3358583,37119045.27171783,273.9,-8.326724459077633e-07,285.4,ASK
239,1712365616.338742,37124708.11376032,273.9,-3.6898451606223673e-07,285.4,ASK
240,1712365617.8561766,37127864.5573545,273.9,-2.056703689308593e-07,285.4,ASK
241,1712365617.8591008,37133726.12132057,273.9,-3.819330165238448e-07,285.4,ASK
242,1712365617.8757255,37137374.42485942,273.9,2.377194182056195e-07,285.4,BID
243,1712365617.8957512,37141021.39787181,273.9,2.3763272257476346e-07,285.4,BID
244,1712365617.9358747,37146378.46924557,273.8,-3.49060837919558e-07,285.4,ASK
245,1712365618.2613804,37147108.66274684,273.9,4.7578599875597625e-08,285.4,BID
246,1712365618.4967265,37168294.21774684,273.8,-1.380427301437913e-06,285.4,ASK
247,1712365618.5757215,37170140.02287386,273.8,-1.2027061790351672e-07,285.4,ASK
248,1712365619.4257903,37170966.35778985,273.8,-5.38430679848349e-08,285.4,ASK
249,1712365619.4287596,37194194.79427517,273.8,-1.5135391965918832e-06,285.4,ASK
250,1712365619.4857595,37194739.91767517,273.8,3.551963703599636e-08,285.4,BID
251,1712365620.0661678,37266273.3312015,273.7,-4.661038004281727e-06,285.4,ASK
252,1712365620.1259034,37269958.60851859,273.7,-2.401285886484205e-07,285.4,ASK
253,1712365620.1461103,37273565.85316857,273.7,-2.350440664780068e-07,285.4,ASK
254,1712365620.1723354,37274565.85316857,273.7,-6.515889253021376e-08,285.4,ASK
255,1712365620.173673,37279362.16462434,273.7,-3.1252234268803694e-07,285.4,ASK
256,1712365620.565802,37279362.16462434,273.7,-0.0,285.4,ASK
257,1712365621.5757668,37280090.28122434,273.8,4.721881659408202e-08,285.4,BID
258,1712365624.7858114,37280117.52559156,273.7,-1.7668142423354587e-09,285.4,ASK
259,1712365624.7893877,37280124.91072128,273.7,-4.789302781603847e-10,285.4,ASK
260,1712365627.3157988,37281894.91072128,273.8,1.1478560627734306e-07,285.4,BID
261,1712365627.5225277,37284590.94286225,273.8,-1.74839369403656e-07,285.4,ASK
262,1712365628.105963,37285452.30994684,273.6,-5.58601938035632e-08,285.4,ASK
263,1712365628.109681,37285478.59827965,273.7,-1.7048148130207887e-09,285.4,ASK
264,1712365629.4103997,37285827.45179758,273.6,-2.262336867690181e-08,285.4,ASK
265,1712365629.412048,37298260.27534504,273.6,-8.062763777595702e-07,285.4,ASK
266,1712365629.5146272,37299902.59518108,273.6,-1.06505467842162e-07,285.4,ASK
267,1712365630.7758908,37300362.77236933,273.6,-2.9842778276181306e-08,285.4,ASK
268,1712365631.2758849,37301043.476826,273.6,-4.4144109465501706e-08,285.4,ASK
269,1712365631.2785058,37301292.34972645,273.5,-1.6139563143991317e-08,285.4,ASK
270,1712365632.085947,37301886.20354308,273.5,-3.8511791176164666e-08,285.4,ASK
271,1712365632.0897806,37319524.49367607,273.5,-1.1438541393278563e-06,285.4,ASK
272,1712365632.0933692,37324536.06389378,273.5,-3.250034609275394e-07,285.4,ASK
273,1712365633.5159512,37326977.13662877,273.7,1.583050925722205e-07,285.4,BID
274,1712365633.5191126,37328188.36484337,273.7,7.854890675310287e-08,285.4,BID
275,1712365640.7035005,37328224.91455097,273.6,-2.3702713819259993e-09,285.4,ASK
276,1712365642.5657177,37328243.3721533,273.6,1.1969870473580483e-09,285.4,BID
277,1712365646.1657083,37331899.67928309,273.6,2.3711380261550653e-07,285.4,BID
278,1712365649.435938,37338361.43018606,273.5,-4.190485847519424e-07,285.4,ASK
279,1712365650.585749,37338361.43018606,273.5,-0.0,285.4,ASK
280,1712365652.0660124,37340372.43126446,273.6,1.3027831076897334e-07,285.4,BID
281,1712365652.105825,37343916.03044786,273.5,-2.295643302310081e-07,285.4,ASK
282,1712365652.1083302,37344199.10766984,273.5,-1.833853929379173e-08,285.4,ASK
283,1712365654.4561346,37344938.4643881,273.5,-4.789760947715234e-08,285.4,ASK
284,1712365654.4591053,37346674.73057267,273.5,-1.1248021097590069e-07,285.4,ASK
285,1712365657.1661055,37355162.30009364,273.5,-5.498486458336121e-07,285.4,ASK
286,1712365657.1757865,37357432.6977105,273.5,-1.4708274872415526e-07,285.4,ASK
287,1712365658.1162498,37358827.32385963,273.5,-9.034780777347472e-08,285.4,ASK
288,1712365658.118621,37366479.89139493,273.4,-4.95754866694819e-07,285.4,ASK
289,1712365658.4958365,37367698.62778696,273.5,7.89531741836371e-08,285.4,BID
290,1712365659.015827,37369526.78135185,273.5,1.184329341336518e-07,285.4,BID
291,1712365660.5658207,37370070.06525185,273.5,3.5195460370621535e-08,285.4,BID
292,1712365660.585751,37370616.72845185,273.5,3.5414380937143e-08,285.4,BID
293,1712365664.765922,37371616.72845185,273.3,-6.478281497134646e-08,285.4,ASK
294,1712365664.768506,37379144.09252856,273.4,-4.876438342035442e-07,285.4,ASK
295,1712365664.7713444,37379180.68235658,273.3,-2.3703920585712355e-09,285.4,ASK
296,1712365664.7740705,37382834.31772377,273.4,-2.366927839655881e-07,285.4,ASK
297,1712365664.776584,37382870.92094485,273.2,-2.37125969817582e-09,285.4,ASK
298,1712365664.7791662,37461212.76049843,273.3,-5.0752048963144645e-06,285.4,ASK
299,1712365664.7817154,37482140.04978443,273.2,-1.3557287096669422e-06,285.4,ASK
300,1712365667.4037163,37482176.66640837,273.1,-2.372127973456248e-09,285.4,ASK
301,1712365667.4063275,37483287.66640837,273.1,-7.197370743316594e-08,285.4,ASK
302,1712365667.4089327,37483713.84942447,273.2,-2.76093354758742e-08,285.4,ASK
303,1712365667.4114928,37484713.84942447,273.1,-6.478281497134646e-08,285.4,ASK
304,1712365667.4139678,37484823.73953436,273.0,-7.118990656616243e-09,285.4,ASK
305,1712365667.415429,37485934.73953436,273.1,-7.197370743316594e-08,285.4,ASK
306,1712365667.4168928,37486432.61499224,273.0,-3.2253773666318424e-08,285.4,ASK
307,1712365667.418384,37497406.90728807,273.1,-7.109455472421282e-07,285.4,ASK
308,1712365667.4198902,37504539.32781424,273.0,-4.6205827924465546e-07,285.4,ASK
309,1712365667.42139,37506474.54195872,272.9,-1.2536861985198826e-07,285.4,ASK
310,1712365667.4228835,37580204.68073336,273.0,-4.776445938049256e-06,285.4,ASK
311,1712365667.4243872,37587536.05903248,272.8,-4.749473238366471e-07,285.4,ASK
312,1712365667.425903,37593422.40494673,272.9,-3.813340582203352e-07,285.4,ASK
313,1712365667.4274335,37607920.57227876,272.8,-9.392320916945733e-07,285.4,ASK
314,1712365668.855827,37609265.72922086,272.8,-8.714305328744327e-08,285.4,ASK
315,1712365669.7458255,37613474.17692086,272.8,2.726350886657728e-07,285.4,BID
316,1712365670.225898,37613492.68865106,272.8,1.199241992446006e-09,285.4,BID
317,1712365671.265868,37613566.02931846,272.7,-4.7512148858409084e-09,285.4,ASK
318,1712365671.2857544,37613844.99751601,272.7,1.8072345125053475e-08,285.4,BID
319,1712365671.2876754,37616358.83061846,272.8,1.6285318474484958e-07,285.4,BID
320,1712365671.5056517,37616904.70111846,272.8,3.5363027599708256e-08,285.4,BID
321,1712365671.5157769,37618544.32041846,272.8,1.0621915373537254e-07,285.4,BID
322,1712365671.5257378,37619091.47751846,272.8,3.54463771695253e-08,285.4,BID
323,1712365671.535972,37621094.86251846,272.8,1.2978491977123577e-07,285.4,BID
324,1712365671.5879283,37621227.43151846,272.8,8.588192997824451e-09,285.4,BID
325,1712365672.916667,37621373.42056955,272.7,9.457581684521098e-09,285.4,BID
326,1712365673.2757623,37622374.45956955,272.7,6.485012431639517e-08,285.4,BID
327,1712365673.482726,37622741.29742721,272.6,-2.376478905702549e-08,285.4,ASK
328,1712365673.4859886,37622974.37604564,272.6,-1.5099489011501915e-08,285.4,ASK
329,1712365674.105729,37624618.57674564,272.6,1.065159497238537e-07,285.4,BID
330,1712365674.2296124,37624984.60895647,272.6,2.3712596988032932e-08,285.4,BID
331,1712365674.5858405,37632299.89791038,272.6,4.739050107629428e-07,285.4,BID
332,1712365674.6658103,37632815.55992638,272.6,3.340603697055961e-08,285.4,BID
333,1712365674.669521,37633240.56473183,272.6,2.7533007673120008e-08,285.4,BID
334,1712365674.6857674,37633756.22674783,272.6,3.340603697055961e-08,285.4,BID
335,1712365674.7057068,37634271.88876383,272.6,3.340603697007694e-08,285.4,BID
336,1712365674.9258237,37634312.35119157,272.6,2.6212699697519443e-09,285.4,BID
337,1712365675.3059297,37634334.64301108,272.6,1.444126818392559e-09,285.4,BID
338,1712365675.3257854,37635226.40713165,272.6,5.777099002105701e-08,285.4,BID
339,1712365675.3457325,37635648.01013165,272.6,2.7312629140372304e-08,285.4,BID
340,1712365675.5857408,37640130.84887938,272.6,2.904109131407268e-07,285.4,BID
341,1712365676.4360297,37646367.46947938,272.7,4.040258383762893e-07,285.4,BID
342,1712365676.5158389,37646961.03182676,272.7,3.84526397239434e-08,285.4,BID
343,1712365676.518638,37647232.59555867,272.7,1.7592662997658678e-08,285.4,BID
344,1712365676.5214477,37649143.69270209,272.7,1.238062526343875e-07,285.4,BID
345,1712365676.5358047,37649143.6927021,272.7,4.826695842396204e-19,285.4,BID
346,1712365678.9458165,37696880.8012021,272.8,3.0925442672228376e-06,285.4,BID
347,1712365679.0459957,37699132.62295094,272.8,1.4587935170341484e-07,285.4,BID
348,1712365679.04994,37706037.19609368,272.8,4.47297684362069e-07,285.4,BID
349,1712365679.1458523,37710079.15226685,272.8,2.618492988890283e-07,285.4,BID
350,1712365679.3060098,37710370.69574767,272.7,-1.8887007374126152e-08,285.4,ASK
351,1712365679.365736,37721080.25237686,272.7,-6.937952255338663e-07,285.4,ASK
352,1712365679.375743,37727863.14402413,272.6,-4.394148145559012e-07,285.4,ASK
353,1712365679.555798,37734849.25655575,272.6,-4.525800355047673e-07,285.4,ASK
354,1712365679.6560433,37794447.74013859,272.8,3.8609575345199125e-06,285.4,BID
355,1712365679.7158086,37796187.74013859,273.1,1.1272209805014285e-07,285.4,BID
356,1712365680.3746252,37796187.74013859,273.1,0.0,285.4,BID
357,1712365681.1155722,37802693.82228759,273.1,4.1809702379809013e-07,285.4,BID
358,1712365681.1358106,37802693.82228771,273.1,7.660685498404741e-18,285.4,BID
359,1712365684.8158247,37806221.15914771,273.1,2.26675441429319e-07,285.4,BID
360,1712365684.9358273,37806221.15914838,273.1,4.309135592852667e-17,285.4,BID
361,1712365685.8964903,37807917.03456514,273.0,-1.0898117303823192e-07,285.4,ASK
362,1712365685.900396,37822563.0448933,273.0,-9.41189057943483e-07,285.4,ASK
363,1712365685.9756725,37823097.10304237,273.4,3.4319905212916765e-08,285.4,BID
364,1712365689.0560324,37830530.82008497,273.4,4.777091496983896e-07,285.4,BID
365,1712365689.835706,37832363.26257491,273.4,-1.1775731289295089e-07,285.4,ASK
366,1712365689.8557034,37832786.82292273,273.4,-2.7219041623808723e-08,285.4,ASK
367,1712365692.665823,37832870.14047421,273.2,5.3541931235477135e-09,285.4,BID
368,1712365696.305852,37834801.05372826,273.2,-1.2408528915605632e-07,285.4,ASK
369,1712365696.3659987,37835263.60629572,273.2,2.9724778657274907e-08,285.4,BID
370,1712365696.3697789,37835310.00581311,273.3,2.981748413401247e-09,285.4,BID
371,1712365696.4265983,37835328.48367626,273.3,1.1874334529529752e-09,285.4,BID
372,1712365697.2058015,37838782.04078698,273.1,-2.2193417120173725e-07,285.4,ASK
373,1712365697.6482742,37838782.04078768,273.3,4.500652730312786e-17,285.4,BID
374,1712365697.651308,37839550.22502527,273.3,4.936543008638289e-08,285.4,BID
375,1712365697.6601064,37839738.78659368,273.3,1.2117435463035661e-08,285.4,BID
376,1712365700.1957023,37847270.21666714,273.1,-4.839884321379867e-07,285.4,ASK
377,1712365700.2360036,37848863.54333814,273.1,1.0239113552962297e-07,285.4,BID
378,1712365700.2398236,37848863.54333874,273.1,3.8303427492023704e-17,285.4,BID
379,1712365704.015948,37848900.13316676,273.3,-2.351353371638949e-09,285.4,ASK
380,1712365704.020691,37848972.76663971,273.3,-4.667607658916476e-09,285.4,ASK
381,1712365704.6558356,37849083.01461571,273.3,-7.084809196801042e-09,285.4,ASK
382,1712365704.6659057,37850699.66329832,273.3,-1.0388986601252894e-07,285.4,ASK
383,1712365704.7358832,37851998.29831732,273.1,8.345351688023672e-08,285.4,BID
384,1712365704.755762,37851998.29831831,273.1,6.367944820548941e-17,285.4,BID
385,1712365708.556183,37852149.72159853,273.2,-9.730836675972444e-09,285.4,ASK
386,1712365710.4185278,37852149.72159853,273.2,-0.0,285.4,ASK
387,1712365711.0459094,37852321.26821644,273.5,1.1013194394047831e-08,285.4,BID
388,1712365716.379411,37857699.22321991,273.3,-3.452616240247944e-07,285.4,ASK
389,1712365716.4157965,37862400.80144191,273.3,3.0183862292629494e-07,285.4,BID
390,1712365716.4561105,37862400.80144252,273.3,3.9222485781911036e-17,285.4,BID
391,1712365722.5596411,37862419.26579352,273.5,1.1854007346953311e-09,285.4,BID
392,1712365723.132295,37862455.85562154,273.3,-2.349045954726544e-09,285.4,ASK
393,1712365725.3759224,37862537.13037569,273.5,5.2177925610247435e-09,285.4,BID
394,1712365725.3794112,37864106.26070784,273.3,1.007372665697179e-07,285.4,BID
395,1712365725.3833177,37867539.43814472,273.5,2.2040802064314014e-07,285.4,BID
396,1712365726.916075,37880378.94431672,273.3,8.24288925764743e-07,285.4,BID
397,1712365726.9378731,37880378.94431755,273.3,5.309385270478201e-17,285.4,BID
398,1712365730.4558148,37880767.90523014,273.5,2.4971067306675247e-08,285.4,BID
399,1712365731.5360885,37881078.54066205,273.2,-1.9942616409214943e-08,285.4,ASK
400,1712365731.5401468,37882793.67986817,273.2,-1.101109524626176e-07,285.4,ASK
401,1712365740.3159437,37882920.39934299,273.5,8.135317540678451e-09,285.4,BID
402,1712365740.3190775,37885488.45189118,273.5,1.6486749941106633e-07,285.4,BID
403,1712365740.3208823,37890489.35694717,273.5,3.210552338410397e-07,285.4,BID
404,1712365740.3560631,37892262.0583033,273.5,1.1380640944982446e-07,285.4,BID
405,1712365740.3592515,37920150.63135317,273.6,1.7904303804550586e-06,285.4,BID
406,1712365740.415953,37924437.67520987,273.6,2.752257546364044e-07,285.4,BID
407,1712365740.5384233,37925639.94072752,273.7,7.718475607607986e-08,285.4,BID
408,1712365740.5572405,37925639.94072752,273.7,0.0,285.4,BID
409,1712365745.4561543,37925674.61226036,274.0,2.223024249812934e-09,285.4,BID
410,1712365749.875928,37925693.04964626,273.9,1.182144330121508e-09,285.4,BID
411,1712365754.979663,37927218.86453282,273.8,9.78302144659202e-08,285.4,BID
412,1712365759.1374636,37941974.34743546,273.9,9.46072862197232e-07,285.4,BID
413,1712365759.1394691,37944612.26723453,273.8,1.6913471087441394e-07,285.4,BID
414,1712365760.4459467,37958444.72405593,273.9,8.868914763816724e-07,285.4,BID
415,1712365760.4479046,37961183.63518834,273.9,1.756099418392999e-07,285.4,BID
416,1712365760.5462463,37967989.78971061,273.9,-4.363881637712528e-07,285.4,ASK
417,1712365761.446089,37968895.87793517,274.3,5.809538635021004e-08,285.4,BID
418,1712365761.4502044,37968901.20640233,274.0,3.4164372734436486e-10,285.4,BID
419,1712365761.9659777,37969297.10259549,273.9,-2.538355722200133e-08,285.4,ASK
420,1712365762.14879,37975523.68392625,273.9,-3.992278436537479e-07,285.4,ASK
421,1712365770.557231,37975523.68392625,273.9,-0.0,285.4,ASK
422,1712365772.0860128,37977161.90694783,273.4,-1.049455172996948e-07,285.4,ASK
423,1712365775.0861657,37977200.83632686,273.4,-2.493838608510109e-09,285.4,ASK
424,1712365776.106046,37977366.75009605,273.9,1.0628532321740297e-08,285.4,BID
425,1712365776.1093454,37977565.93307749,273.9,1.2759777361827997e-08,285.4,BID
426,1712365776.3512082,37977686.66373973,273.4,-7.734076274086064e-09,285.4,ASK
427,1712365776.3544235,37977731.84684669,273.4,-2.8944560481315193e-09,285.4,ASK
428,1712365776.446129,37977750.28423259,273.9,1.1811096382159676e-09,285.4,BID
429,1712365789.085867,37978435.01201569,273.8,4.38640590816369e-08,285.4,BID
430,1712365791.215994,37978985.01201569,273.9,3.52333191234861e-08,285.4,BID
431,1712365791.219677,37979164.93902298,274.0,1.1526228484914142e-08,285.4,BID
432,1712365795.1563234,37979849.66680609,273.9,4.38640590816369e-08,285.4,BID
433,1712365795.238326,37983524.76820071,273.9,-2.354291277235259e-07,285.4,ASK
434,1712365796.4561875,37997015.72508161,273.9,-8.64238525574263e-07,285.4,ASK
435,1712365796.5830634,37999007.38862403,273.4,-1.2758712213942748e-07,285.4,ASK
436,1712365796.5850017,38000395.04103145,273.9,-8.8893818369448e-08,285.4,ASK
437,1712365796.5869038,38002165.04103145,273.5,-1.1338722699740073e-07,285.4,ASK
438,1712365796.588753,38002793.07632921,273.8,-4.023230557591298e-08,285.4,ASK
439,1712365799.3159764,38003747.39250736,273.9,-6.1134048089966e-08,285.4,ASK
440,1712365800.4459238,38003747.39250736,273.9,-0.0,285.4,ASK
441,1712365801.3161817,38015153.00078465,273.9,-7.320524522928104e-07,285.4,ASK
442,1712365801.7663584,38059952.50808392,273.9,2.8753915076353258e-06,285.4,BID
443,1712365803.4874687,38059970.94546982,273.9,1.183376917315424e-09,285.4,BID
444,1712365803.6074145,38063345.8760902,273.9,2.1661503506886053e-07,285.4,BID
445,1712365803.611743,38091852.52646934,274.0,1.8296580777945428e-06,285.4,BID
446,1712365803.8136525,38092074.90624113,274.0,-1.4273123652587837e-08,285.4,ASK
447,1712365805.215965,38100289.89802456,274.0,-5.272673525532918e-07,285.4,ASK
448,1712365806.122466,38102028.96009128,274.0,1.1161918064166325e-07,285.4,BID
449,1712365806.1259108,38107906.63873962,274.1,3.772502933383333e-07,285.4,BID
450,1712365813.209515,38107932.57745696,274.1,1.6648390136773447e-09,285.4,BID
451,1712365813.2161098,38124433.98693679,274.1,1.059119073907867e-06,285.4,BID
452,1712365821.1060095,38128078.30180559,274.4,-2.339050729932729e-07,285.4,ASK
453,1712365824.3629985,38128442.86615119,274.3,2.3399034643778578e-08,285.4,BID
454,1712365830.397888,38128442.86615119,274.3,0.0,285.4,BID
455,1712365842.4561255,38133456.25680906,274.3,3.210731731178528e-07,285.4,BID
456,1712365842.4661534,38133482.19552641,274.4,1.661196354848492e-09,285.4,BID
457,1712365842.470968,38138175.73266285,274.3,3.005887560698279e-07,285.4,BID
458,1712365842.474923,38144191.08037336,274.4,3.852416275976573e-07,285.4,BID
459,1712365842.5561666,38144260.33936724,274.5,4.435561967777486e-09,285.4,BID
460,1712365842.5676622,38144348.30663863,274.8,5.633698405405613e-09,285.4,BID
461,1712365843.6859088,38144394.21639117,274.8,2.9402037325819116e-09,285.4,BID
462,1712365844.0663753,38144535.76660951,274.8,9.065317438964382e-09,285.4,BID
463,1712365844.653007,38144692.48917604,274.3,1.0037001935204234e-08,285.4,BID
464,1712365846.3363955,38145352.22643904,274.3,4.225163186135995e-08,285.4,BID
465,1712365848.3059845,38145352.22643968,274.3,4.103562392567356e-17,285.4,BID
466,1712365848.3095024,38145675.88630794,274.6,2.0728187369728e-08,285.4,BID
467,1712365848.405983,38145818.88630794,274.2,-9.15816597770218e-09,285.4,ASK
468,1712365849.4514277,38146078.25265899,274.6,1.6610630013814208e-08,285.4,BID
469,1712365849.5262067,38146325.25265899,274.2,-1.5818650325121952e-08,285.4,ASK
470,1712365849.8094394,38146486.55273182,274.6,1.0330159714405829e-08,285.4,BID
471,1712365849.8969324,38146766.55273182,274.2,-1.793207324305322e-08,285.4,ASK
472,1712365850.37614,38146868.16962912,274.6,6.507863018262029e-09,285.4,BID
473,1712365850.4794452,38147105.20167573,274.6,1.5180271502631076e-08,285.4,BID
474,1712365854.1660774,38147342.64887165,274.6,1.520685895957662e-08,285.4,BID
475,1712365854.26615,38147579.64887165,274.2,-1.5178219137870046e-08,285.4,ASK
476,1712365854.3258543,38151753.73193418,274.6,2.6732129714238585e-07,285.4,BID
477,1712365854.4659812,38154111.2411821,274.2,-1.5098224465988709e-07,285.4,ASK
478,1712365854.475955,38156233.04336476,274.2,-1.358868290959074e-07,285.4,ASK
479,1712365854.4787574,38156470.49056068,274.6,-1.5206858959099462e-08,285.4,ASK
480,1712365855.3562016,38156803.28269755,274.7,2.1313046332395904e-08,285.4,BID
481,1712365855.4362528,38157182.28269755,274.2,-2.4272341996847053e-08,285.4,ASK
482,1712365855.69602,38157315.90847112,274.7,8.557811281580561e-09,285.4,BID
483,1712365856.2484958,38157655.23136882,274.7,2.1731296623256725e-08,285.4,BID
484,1712365856.2761486,38157817.35004373,274.7,1.0382585544931441e-08,285.4,BID
485,1712365856.336119,38158212.35004373,274.3,-2.5297031896450082e-08,285.4,ASK
486,1712365856.381404,38158583.35004373,274.3,-2.3759997047045515e-08,285.4,ASK
487,1712365856.9661736,38162904.40951228,274.7,2.7673412456311253e-07,285.4,BID
488,1712365857.3660457,38168684.48671459,274.8,3.701741705079962e-07,285.4,BID
489,1712365857.3696375,38178064.8823306,274.9,6.007497901253701e-07,285.4,BID
490,1712365857.445954,38178793.31340722,274.9,-4.66509979233168e-08,285.4,ASK
491,1712365857.9864943,38178913.13340722,274.9,-7.67364648567136e-09,285.4,ASK
492,1712365858.3387108,38181716.08338051,274.9,-1.7950965792034944e-07,285.4,ASK
493,1712365858.3459392,38181756.08338051,275.0,2.561724749007603e-09,285.4,BID
494,1712365858.348332,38181989.30051921,275.4,1.4935952902525212e-08,285.4,BID
495,1712365858.3507211,38182029.30051921,275.0,2.561724749007603e-09,285.4,BID
496,1712365859.2560685,38183852.7870254,275.5,1.167817628094793e-07,285.4,BID
497,1712365859.2610974,38187980.79063719,275.5,2.6437022540776214e-07,285.4,BID
498,1712365859.2805312,38188340.12463719,275.5,-2.3012870023924933e-08,285.4,ASK
499,1712365860.035863,38188478.64262495,275.7,8.871123936032132e-09,285.4,BID
500,1712365860.046414,38188506.13570245,275.8,1.760742426559319e-09,285.4,BID
501,1712365860.0958638,38195843.54241745,275.5,-4.699104093836357e-07,285.4,ASK
502,1712365860.4860754,38196571.37021739,274.9,-4.661236220296288e-08,285.4,ASK
503,1712365860.490131,38196571.37021745,275.5,-3.8172673419231216e-18,285.4,ASK
504,1712365860.5758617,38196571.37021745,275.5,-0.0,285.4,ASK
505,1712365861.2260816,38196759.86331839,275.4,1.2057230987970166e-08,285.4,BID
506,1712365861.3259766,38196959.86331839,274.9,-1.2793286255853572e-08,285.4,ASK
507,1712365861.5685678,38197240.51691316,275.4,1.7952408883105108e-08,285.4,BID
508,1712365862.08715,38197558.7667316,275.4,2.0357305140677134e-08,285.4,BID
509,1712365862.1475716,38197714.28960741,275.4,9.948243348214605e-09,285.4,BID
510,1712365862.1858635,38197849.28960741,274.9,-8.635468222701161e-09,285.4,ASK
511,1712365862.9965017,38199647.17267026,274.9,-1.150041633877596e-07,285.4,ASK
512,1712365863.9584055,38202825.13240118,275.4,2.032827427363779e-07,285.4,BID
513,1712365863.9620223,38205361.13240118,275.3,1.622188697242233e-07,285.4,BID
514,1712365863.9641106,38228528.37743404,275.4,1.4819259873240391e-06,285.4,BID
515,1712365864.0760272,38228798.00343258,275.4,1.7247012906822445e-08,285.4,BID
516,1712365864.136064,38229143.00343258,274.9,-2.2068418791347413e-08,285.4,ASK
517,1712365865.97287,38229504.05281529,275.4,2.3095040527475202e-08,285.4,BID
518,1712365866.0460994,38229948.05281529,275.1,-2.840109548799493e-08,285.4,ASK
519,1712365866.7684996,38231544.15132492,275.1,-1.0209672563132044e-07,285.4,ASK
520,1712365866.785994,38232716.36217246,275.4,7.498214462408786e-08,285.4,BID
521,1712365866.790769,38247848.40073902,275.4,9.679425050830626e-07,285.4,BID
522,1712365867.1360135,38248193.5859242,275.4,2.2080264426381167e-08,285.4,BID
523,1712365867.4560585,38248579.33029602,275.4,2.4674690851165523e-08,285.4,BID
524,1712365867.536261,38248981.33029602,274.9,-2.5714505374265683e-08,285.4,ASK
525,1712365867.9764397,38249073.81122591,275.3,5.915675046850334e-09,285.4,BID
526,1712365868.016002,38249424.54860331,275.3,2.2435418348381643e-08,285.4,BID
527,1712365868.0987492,38249623.54860331,274.9,-1.2729319824574304e-08,285.4,ASK
528,1712365868.1360114,38249695.54860331,274.9,-4.605583052107286e-09,285.4,ASK
529,1712365869.9459307,38249919.54061202,275.3,1.4327969432152153e-08,285.4,BID
530,1712365870.026223,38249919.54061287,275.1,-5.433092389879031e-17,285.4,ASK
531,1712365870.0311265,38252327.50783887,275.1,-1.5402907008457126e-07,285.4,ASK
532,1712365870.0408528,38252417.50783887,274.9,-5.756978815134107e-09,285.4,ASK
533,1712365871.8259554,38252535.62625514,275.3,7.555613557285481e-09,285.4,BID
534,1712365871.9261389,38252784.62625514,274.9,-1.5927641388537696e-08,285.4,ASK
535,1712365872.9563923,38258203.53768321,275.3,3.466284254721786e-07,285.4,BID
536,1712365872.961447,38259883.53768321,275.4,1.0746360454917001e-07,285.4,BID
537,1712365872.9660764,38261686.7189116,275.8,1.1534306812999156e-07,285.4,BID
538,1712365872.9682453,38263396.7189116,275.7,1.0938259748754805e-07,285.4,BID
539,1712365872.9704452,38267836.71655395,275.4,2.840108040692193e-07,285.4,BID
540,1712365872.9759758,38267868.71655395,276.0,2.0469258009365715e-09,285.4,BID
541,1712365872.978418,38268028.46655395,276.0,1.021863739686304e-08,285.4,BID
542,1712365873.0848129,38268498.46655395,275.0,-3.006422270125589e-08,285.4,ASK
543,1712365873.3611617,38268891.58724985,275.9,2.5146527978994604e-08,285.4,BID
544,1712365873.4399338,38269067.58724985,275.0,-1.1258091905151145e-08,285.4,ASK
545,1712365873.8762996,38269278.08743107,275.9,1.3464945376312744e-08,285.4,BID
546,1712365873.9365652,38269620.42885912,275.9,2.189835943133694e-08,285.4,BID
547,1712365873.9615624,38269825.42885912,275.0,-1.311311841224991e-08,285.4,ASK
548,1712365874.0361147,38270315.42885912,275.0,-3.1343551326841253e-08,285.4,ASK
549,1712365875.8460157,38270675.67586238,275.3,2.304371517741864e-08,285.4,BID
550,1712365875.9461288,38270922.67586238,274.9,-1.5799708525979163e-08,285.4,ASK
551,1712365877.7562463,38271257.5231351,275.0,2.1418985059744456e-08,285.4,BID
552,1712365877.8560967,38271649.5231351,274.9,-2.5074841061473e-08,285.4,ASK
553,1712365878.1368484,38272630.27613184,274.9,-6.273526916760297e-08,285.4,ASK
554,1712365878.9008012,38272823.86522274,275.0,1.2383203279383348e-08,285.4,BID
555,1712365879.3071084,38272944.59613183,275.0,7.722725399858603e-09,285.4,BID
556,1712365879.4059584,38273081.59613183,274.9,-8.763401085259697e-09,285.4,ASK
557,1712365879.7861054,38273244.99976819,275.0,1.0452347475919874e-08,285.4,BID
558,1712365879.8666935,38273502.43249546,275.0,1.646705285793998e-08,285.4,BID
559,1712365879.885968,38273720.43249546,274.9,-1.3944682018880394e-08,285.4,ASK
560,1712365879.9460618,38274105.43249546,274.9,-2.4627076042518133e-08,285.4,ASK
561,1712365881.796344,38274402.45645643,275.0,1.899956278770533e-08,285.4,BID
562,1712365881.8015697,38274430.66782437,275.4,1.804580528781211e-09,285.4,BID
563,1712365881.856061,38274554.49352437,274.9,-7.920688129652663e-09,285.4,ASK
564,1712365881.861166,38274573.66782437,274.9,-1.226511543282641e-09,285.4,ASK
565,1712365883.0961273,38274759.81626497,274.9,-1.1907251433347053e-08,285.4,ASK
566,1712365883.636235,38274953.99564042,275.4,1.242096167540297e-08,285.4,BID
567,1712365883.7461855,38275181.99564042,274.9,-1.4584346331673073e-08,285.4,ASK
568,1712365884.766145,38275211.94117418,275.4,1.9155089273731264e-09,285.4,BID
569,1712365885.145897,38275318.37545159,275.4,6.808220891566169e-09,285.4,BID
570,1712365885.2473958,38275697.37545159,274.9,-2.424327745484252e-08,285.4,ASK
571,1712365885.6859915,38275954.22004127,275.4,1.6429431795245187e-08,285.4,BID
572,1712365885.7060747,38275994.61219813,275.4,2.583742126116778e-09,285.4,BID
573,1712365885.7979853,38276182.61219813,274.9,-1.2025689080502357e-08,285.4,ASK
574,1712365886.0581677,38283144.96488813,274.9,-4.453568548871546e-07,285.4,ASK
575,1712365886.135943,38283144.96488883,274.9,-4.4799182863914806e-17,285.4,ASK
576,1712365887.6559558,38283417.7364108,275.3,1.7448220814599e-08,285.4,BID
577,1712365887.7559118,38283777.7364108,274.7,-2.3027915260536428e-08,285.4,ASK
578,1712365887.8572855,38283919.17798341,274.7,-9.04751263464591e-09,285.4,ASK
579,1712365887.8613346,38285001.8126758,274.7,-6.925227765104714e-08,285.4,ASK
580,1712365887.865405,38285038.2160249,274.7,2.328592328639075e-09,285.4,BID
581,1712365889.5258582,38285275.63608303,275.2,1.5186913832770333e-08,285.4,BID
582,1712365889.6143267,38285587.63608303,274.3,-1.995752655913157e-08,285.4,ASK
583,1712365890.567824,38285587.63608303,274.3,-0.0,285.4,ASK
584,1712365890.6759074,38285903.47910628,275.2,2.0171737683293788e-08,285.4,BID
585,1712365890.7760203,38286395.47910628,274.3,-3.1422238927808456e-08,285.4,ASK
586,1712365891.0359838,38286532.88826325,275.2,8.775819839840315e-09,285.4,BID
587,1712365891.1387427,38287012.88826325,274.3,-3.0655842856398494e-08,285.4,ASK
588,1712365891.5959656,38287238.78215859,275.2,1.4427016162193916e-08,285.4,BID
589,1712365891.6360383,38287449.69422254,275.2,1.3470181435277896e-08,285.4,BID
590,1712365891.7160332,38287753.69422254,274.3,-1.9415367142385712e-08,285.4,ASK
591,1712365893.5460298,38288003.46884994,275.1,1.5952191098258787e-08,285.4,BID
592,1712365893.626184,38288095.46884994,274.3,-5.875703214143043e-09,285.4,ASK
593,1712365893.631637,38288613.46884994,274.2,-3.30827637491967e-08,285.4,ASK
594,1712365895.3989592,38288713.56699606,275.1,6.392902161702247e-09,285.4,BID
595,1712365896.5360904,38289037.95812655,275.1,2.071767400078125e-08,285.4,BID
596,1712365896.6259706,38289301.95812655,274.2,-1.6860713571019167e-08,285.4,ASK
597,1712365896.9059834,38289330.84216871,275.1,1.844718036407078e-09,285.4,BID
598,1712365896.9158733,38289456.7262285,274.3,-8.039754072811474e-09,285.4,ASK
599,1712365896.925855,38304193.59767611,274.3,-9.411900318605024e-07,285.4,ASK
600,1712365897.4729075,38304299.90810867,275.1,6.789658154894685e-09,285.4,BID
601,1712365897.506088,38304479.75543691,275.1,1.1486190485086356e-08,285.4,BID
602,1712365897.545988,38304933.75543691,274.3,-2.8995318035010235e-08,285.4,ASK
603,1712365898.3860517,38308903.53724786,275.1,2.53535432022027e-07,285.4,BID
604,1712365898.3910131,38310013.53724786,275.1,7.08916366054215e-08,285.4,BID
605,1712365898.3958778,38310566.05905022,275.2,3.52875448913146e-08,285.4,BID
606,1712365898.4007509,38311196.05905022,275.1,4.023579374902301e-08,285.4,BID
607,1712365898.428525,38311482.21681102,275.2,-1.8275848640456883e-08,285.4,ASK
608,1712365899.4165509,38311812.00961363,275.1,2.10626590249337e-08,285.4,BID
609,1712365899.4960449,38312354.00961363,274.4,-3.461555589201662e-08,285.4,ASK
610,1712365901.3006074,38312377.44472813,275.1,1.496714973530025e-09,285.4,BID
611,1712365902.2004378,38315425.61021345,274.3,-1.9467517107988214e-07,285.4,ASK
612,1712365902.2066617,38315505.02730402,274.3,-5.072078851459114e-09,285.4,ASK
613,1712365902.2192438,38315593.02730402,274.4,-5.620237857006389e-09,285.4,ASK
614,1712365902.2221673,38316723.14324423,274.3,-7.217636806762205e-08,285.4,ASK
615,1712365902.2250962,38317263.14324423,274.4,-3.4487823213448297e-08,285.4,ASK
616,1712365902.4661307,38317406.33844597,275.1,9.145353338169932e-09,285.4,BID
617,1712365902.5577505,38317492.33844597,274.3,-5.492505178438062e-09,285.4,ASK
618,1712365902.8060062,38317618.99662778,275.0,8.089194412521767e-09,285.4,BID
619,1712365902.8861623,38317712.99662778,274.3,-6.003435892711371e-09,285.4,ASK
620,1712365903.30618,38320170.5574926,275.0,1.569554160041452e-07,285.4,BID
621,1712365903.366071,38320191.32476532,275.0,1.326329685430555e-09,285.4,BID
622,1712365903.4206932,38320399.64840168,275.0,1.3304868040708256e-08,285.4,BID
623,1712365903.4876285,38320540.64840168,274.3,-9.005153839067055e-09,285.4,ASK
624,1712365905.2997322,38320732.92840168,275.0,1.2280219717635096e-08,285.4,BID
625,1712365905.3959584,38320863.92840168,274.3,-8.366490446225421e-09,285.4,ASK
626,1712365907.25291,38320985.02294713,275.0,7.733865325413111e-09,285.4,BID
627,1712365908.3960338,38321185.92476531,275.0,1.283086368259942e-08,285.4,BID
628,1712365908.4841528,38321499.92476531,274.3,-2.0054030535227343e-08,285.4,ASK
629,1712365908.7766783,38321834.34658349,275.0,2.1358297304030304e-08,285.4,BID
630,1712365909.235994,38322231.69567439,275.0,2.5377231853452792e-08,285.4,BID
631,1712365909.2959268,38322320.20112893,275.0,5.652519388166888e-09,285.4,BID
632,1712365909.3361404,38322409.20112893,274.3,-5.684104196290552e-09,285.4,ASK
633,1712365911.191933,38322735.35021983,275.0,2.0829948496705853e-08,285.4,BID
634,1712365911.2659142,38323008.35021983,274.3,-1.7435510624576642e-08,285.4,ASK
635,1712365913.136048,38323178.85567437,275.0,1.0889559209468297e-08,285.4,BID
636,1712365913.2263577,38323498.85567437,274.3,-2.0437228570932324e-08,285.4,ASK
637,1712365914.2622874,38323850.35385618,275.0,2.2448902137401496e-08,285.4,BID
638,1712365914.357245,38324297.35385618,274.4,-2.854825366002109e-08,285.4,ASK
639,1712365914.6630185,38324691.26658345,275.0,2.5157763887955653e-08,285.4,BID
640,1712365914.7421691,38324816.26658345,274.4,-7.983292410520439e-09,285.4,ASK
641,1712365915.139444,38324915.57567435,275.0,6.342508093257795e-09,285.4,BID
642,1712365915.2055726,38325015.92476525,275.0,6.408929086532065e-09,285.4,BID
643,1712365915.235963,38325156.92476525,274.4,-9.005153839067055e-09,285.4,ASK
644,1712365915.2959647,38325505.64973366,274.4,-2.227178714939794e-08,285.4,ASK
645,1712365915.3059232,38325532.92476525,274.4,-1.741956421447538e-09,285.4,ASK
646,1712365917.0461888,38325733.58658343,275.0,1.2815535761037986e-08,285.4,BID
647,1712365917.130572,38326028.58658343,274.4,-1.884057008882824e-08,285.4,ASK
648,1712365918.975997,38326321.32112888,275.0,1.8695883800185004e-08,285.4,BID
649,1712365920.2180133,38326429.08112888,275.0,6.882236721128225e-09,285.4,BID
650,1712365920.3935127,38326429.08112888,275.0,0.0,285.4,BID
651,1712365920.5107837,38326556.35385615,275.0,8.122625452631127e-09,285.4,BID
652,1712365920.612212,38326697.00085715,274.4,-8.976180009232912e-09,285.4,ASK
653,1712365920.6154242,38327184.35385615,274.4,-3.110317472631136e-08,285.4,ASK
654,1712365921.0660217,38327506.08112887,275.0,2.0532836770236328e-08,285.4,BID
655,1712365921.0864632,38327682.76840159,275.0,1.1276292803506834e-08,285.4,BID
656,1712365921.168245,38327982.76840159,274.4,-1.9146188567935163e-08,285.4,ASK
657,1712365922.9960425,38328254.75021977,275.0,1.7358050592876607e-08,285.4,BID
658,1712365924.8864453,38328546.80476522,275.0,1.86391046641842e-08,285.4,BID
659,1712365924.9858556,38329241.80476522,274.4,-4.43553368490498e-08,285.4,ASK
660,1712365926.0258973,38329295.09203794,275.0,3.400827239324606e-09,285.4,BID
661,1712365926.3859656,38329620.12840157,275.0,2.0744025031747968e-08,285.4,BID
662,1712365926.9359484,38329678.87385611,275.0,3.749171833922275e-09,285.4,BID
663,1712365926.9559765,38329860.77567429,275.0,1.1609088372325395e-08,285.4,BID
664,1712365927.0361946,38330269.77567429,274.4,-2.6102637080951603e-08,285.4,ASK
665,1712365927.042176,38330692.77567429,274.4,-2.6996125880788576e-08,285.4,ASK
666,1712365927.1164331,38333958.60593881,275.0,2.084273402509875e-07,285.4,BID
667,1712365927.1223311,38339044.77168196,275.0,3.246022946870616e-07,285.4,BID
668,1712365927.1283004,38343973.62587023,275.1,3.1456257237497e-07,285.4,BID
669,1712365927.7759345,38344259.78363102,275.2,1.826276816097256e-08,285.4,BID
670,1712365928.8561532,38344562.71754532,275.4,1.933343282294292e-08,285.4,BID
671,1712365928.9884384,38345098.71754532,275.1,-3.420785690804415e-08,285.4,ASK
672,1712365930.146586,38346356.90777532,275.2,8.029849132619006e-08,285.4,BID
673,1712365930.7930584,38346489.86199043,275.2,8.485221577951321e-09,285.4,BID
674,1712365930.816754,38346572.79899043,275.1,-5.293091470798126e-09,285.4,ASK
675,1712365930.8259666,38348908.54060828,275.4,1.4906849820449477e-07,285.4,BID
676,1712365930.8288996,38349710.37861931,275.2,5.1173805867306144e-08,285.4,BID
677,1712365930.836084,38349819.8676704,275.4,6.987660060894532e-09,285.4,BID
678,1712365930.9460104,38351211.0121154,275.4,-8.878371289700885e-08,285.4,ASK
679,1712365930.9660263,38351211.01211551,275.4,-7.132511052465125e-18,285.4,ASK
680,1712365931.9161758,38351606.02846131,275.3,2.521019148027916e-08,285.4,BID
681,1712365931.9960787,38351847.99455224,275.0,-1.544242801346523e-08,285.4,ASK
682,1712365932.0019422,38351848.02846131,275.1,-2.164098002463812e-12,285.4,ASK
683,1712365932.3034835,38351969.51774572,275.3,7.753522494393014e-09,285.4,BID
684,1712365932.375901,38352388.51774572,274.7,-2.674084336654944e-08,285.4,ASK
685,1712365932.8728802,38352551.53990336,275.3,1.0404176569710069e-08,285.4,BID
686,1712365932.8757894,38352823.55951832,275.3,1.7360462807639053e-08,285.4,BID
687,1712365932.95803,38353097.55951832,274.7,-1.7486852225380782e-08,285.4,ASK
688,1712365934.7061064,38353285.06315204,275.2,1.1966599760948334e-08,285.4,BID
689,1712365936.6641705,38353496.92361715,275.2,1.3521068050246768e-08,285.4,BID
690,1712365937.466174,38368180.16705738,274.8,-9.370938256520042e-07,285.4,ASK
691,1712365937.8059032,38368253.72964835,274.8,4.694810794293097e-09,285.4,BID
692,1712365938.1662354,38368449.94871676,274.8,1.252282428121458e-08,285.4,BID
693,1712365938.2461782,38368579.94871676,274.4,-8.296681712771903e-09,285.4,ASK
694,1712365938.606167,38376478.92247796,274.8,5.041174704170818e-07,285.4,BID
695,1712365938.685991,38376497.48142992,274.8,1.184443979435101e-09,285.4,BID
696,1712365938.7660613,38376867.17575306,274.8,2.359412407761288e-08,285.4,BID
697,1712365938.8173263,38377239.17575306,274.4,-2.37412738242396e-08,285.4,ASK
698,1712365938.88629,38377315.17575306,274.4,-4.850367770543574e-09,285.4,ASK
699,1712365940.6562777,38377408.50180837,274.8,5.956127510931895e-09,285.4,BID
700,1712365941.7563145,38377444.88380837,274.7,-2.3219221082164086e-09,285.4,ASK
701,1712365942.5259745,38377548.72660312,274.8,6.627312432580086e-09,285.4,BID
702,1712365942.6060226,38377548.74795222,274.7,-1.3625131253362029e-12,285.4,ASK
703,1712365942.610944,38377706.72660312,274.4,-1.0082296799320517e-08,285.4,ASK
704,1712365943.6879551,38378034.64508929,274.8,2.0927963903772235e-08,285.4,BID
705,1712365943.785956,38378697.64508929,274.5,-4.231307673513671e-08,285.4,ASK
706,1712365944.065946,38378970.03955799,274.8,1.7384386208794005e-08,285.4,BID
707,1712365944.174145,38379329.03955799,274.5,-2.2911605652962413e-08,285.4,ASK
708,1712365944.5961676,38379454.1887574,274.8,7.987100569705676e-09,285.4,BID
709,1712365944.656063,38379822.91874284,274.8,2.3532579439986944e-08,285.4,BID
710,1712365944.7562428,38380281.91874284,274.5,-2.92936685089408e-08,285.4,ASK
711,1712365946.5159965,38380354.82631198,274.8,4.6530068892932e-09,285.4,BID
712,1712365946.6312394,38380624.82631198,274.5,-1.7231569711141645e-08,285.4,ASK
713,1712365948.4660995,38380959.19676321,274.8,2.133973236911488e-08,285.4,BID
714,1712365948.5470257,38381521.19676321,274.5,-3.5867193250598534e-08,285.4,ASK
715,1712365949.5763507,38381916.88453613,274.8,2.5253042381316973e-08,285.4,BID
716,1712365949.6762073,38382319.88453613,274.5,-2.5719713309592897e-08,285.4,ASK
717,1712365949.9758432,38382642.75207615,274.8,2.0605609345421456e-08,285.4,BID
718,1712365950.076181,38383041.75207615,274.5,-2.5464430795353763e-08,285.4,ASK
719,1712365950.3900733,38383041.75207615,274.5,-0.0,285.4,ASK
720,1712365950.4777424,38383082.93111545,274.8,2.625464498668329e-09,285.4,BID
721,1712365950.540627,38383455.94057687,274.8,2.3782077369919325e-08,285.4,BID
722,1712365950.5759816,38383545.94057687,274.5,-5.738157297979682e-09,285.4,ASK
723,1712365950.636253,38383871.94057687,274.5,-2.0784880879348626e-08,285.4,ASK
724,1712365951.4161372,38384069.88867345,274.5,-1.2620636833039682e-08,285.4,ASK
725,1712365952.40841,38384216.74456864,274.8,9.36313585271166e-09,285.4,BID
726,1712365954.3360994,38384337.94908101,274.8,7.727672857988641e-09,285.4,BID
727,1712365955.375937,38384371.14777096,274.8,2.11665894482512e-09,285.4,BID
728,1712365955.4760988,38384576.31516542,274.8,1.3080919798042309e-08,285.4,BID
729,1712365955.536286,38384725.31516542,274.5,-9.499838193321918e-09,285.4,ASK
730,1712365955.8633304,38384898.44471418,274.8,1.1038273152257632e-08,285.4,BID
731,1712365956.3858533,38385248.29187575,274.8,2.2305311592588e-08,285.4,BID
732,1712365956.4260142,38385381.38503441,274.8,8.485660885437274e-09,285.4,BID
733,1712365956.4666357,38385623.38503441,274.5,-1.5429267401234257e-08,285.4,ASK
734,1712365958.3060353,38385756.23074037,274.8,8.469883968199448e-09,285.4,BID
735,1712365958.3905027,38386146.23074037,274.6,-2.486534829124529e-08,285.4,ASK
736,1712365960.2161434,38386415.28459772,274.8,1.7154148389954904e-08,285.4,BID
737,1712365960.316256,38386489.88765671,274.6,-4.7564898601886255e-09,285.4,ASK
738,1712365960.32275,38386953.28459772,274.5,-2.9544939321067698e-08,285.4,ASK
739,1712365961.3460934,38387118.7795031,274.8,1.0551508878871618e-08,285.4,BID
740,1712365961.7496986,38387152.34125575,274.8,2.1398068431699843e-09,285.4,BID
741,1712365961.7559776,38387405.98838228,274.8,1.6171856780304805e-08,285.4,BID
742,1712365961.826043,38387749.98838228,274.5,-2.1932512338944564e-08,285.4,ASK
743,1712365962.225939,38387905.55276346,274.8,9.918365435403314e-09,285.4,BID
744,1712365962.2938604,38387951.23276346,275.0,2.912433615222242e-09,285.4,BID
745,1712365962.3260145,38387975.10549073,275.0,1.522060713248479e-09,285.4,BID
746,1712365964.2164292,38388039.58185436,275.0,4.110839072283638e-09,285.4,BID
747,1712365964.440967,38391576.36362351,275.0,2.254956680000429e-07,285.4,BID
748,1712365964.455983,38391640.83998714,275.0,-4.110839072283638e-09,285.4,ASK
749,1712365964.4963207,38391928.03898714,274.8,-1.8311033753643768e-08,285.4,ASK
750,1712365966.106132,38391990.70080532,275.0,3.995148547966196e-09,285.4,BID
751,1712365967.2719538,38392199.74807804,275.0,1.3328290373086888e-08,285.4,BID
752,1712365967.3672647,38392199.75795722,274.8,-6.298698310211663e-13,285.4,ASK
753,1712365967.3728154,38392383.74807804,274.5,-1.1730713939371884e-08,285.4,ASK
754,1712365967.675805,38392530.89353258,275.0,9.381597375978986e-09,285.4,BID
755,1712365967.7660077,38392807.89353258,274.5,-1.7660773017115246e-08,285.4,ASK
756,1712365968.1559532,38392830.45716894,275.0,1.438596606888762e-09,285.4,BID
757,1712365968.2164536,38392945.31171439,275.0,7.322816090997948e-09,285.4,BID
758,1712365968.2762446,38393357.31171439,274.5,-2.6268008964084768e-08,285.4,ASK
759,1712365970.1062982,38393523.81716893,275.0,1.0615938768039724e-08,285.4,BID
760,1712365970.1859932,38393749.81716893,274.5,-1.4409150548260093e-08,285.4,ASK
761,1712365972.015952,38393777.09981716,274.9,1.739468078203727e-09,285.4,BID
762,1712365973.1371722,38394075.29552469,274.9,1.901215417098045e-08,285.4,BID
763,1712365973.216044,38394404.29552469,274.6,-2.0976152789281282e-08,285.4,ASK
764,1712365973.539671,38394443.62619038,274.9,2.50761718198768e-09,285.4,BID
765,1712365974.0432098,38394800.71604123,274.9,2.2767085929907983e-08,285.4,BID
766,1712365974.1260934,38395062.58944974,274.9,1.669634233550913e-08,285.4,BID
767,1712365974.1319647,38395661.58944974,274.6,-3.8190624683220336e-08,285.4,ASK
768,1712365974.2260094,38395914.58944974,274.6,-1.6130597737653996e-08,285.4,ASK
769,1712365975.9661458,38396188.83099211,274.9,1.7484901197273466e-08,285.4,BID
770,1712365977.8959951,38396576.52106122,274.9,2.4718073326813465e-08,285.4,BID
771,1712365978.0209672,38396876.52106122,274.6,-1.9127190993265613e-08,285.4,ASK
772,1712365978.9959517,38396922.42138861,274.9,2.926481095595741e-09,285.4,BID
773,1712365979.0759623,38396999.42138861,274.6,-4.909312354938173e-09,285.4,ASK
774,1712365979.4289453,38397166.29661596,274.9,1.0639514485036672e-08,285.4,BID
775,1712365979.9460526,38397265.4526727,274.9,6.3219227846446415e-09,285.4,BID
776,1712365979.9897382,38397647.57344388,274.9,2.4362989909803645e-08,285.4,BID
777,1712365980.0661335,38398033.57344388,274.6,-2.4610319078001748e-08,285.4,ASK
778,1712365980.5861137,38398033.57344388,274.6,-0.0,285.4,ASK
779,1712365981.796203,38408081.69244287,274.6,-6.404727507619064e-07,285.4,ASK
780,1712365981.85619,38408252.51456,274.9,1.0888297726033252e-08,285.4,BID
781,1712365981.9374063,38408499.51456,274.6,-1.574391878261998e-08,285.4,ASK
782,1712365983.16072,38409659.74702797,274.9,7.395386941176458e-08,285.4,BID
783,1712365983.785958,38409969.11066433,275.0,1.97190120046198e-08,285.4,BID
784,1712365983.886076,38410093.11066433,274.6,-7.903829672246469e-09,285.4,ASK
785,1712365984.926221,38410395.80520978,275.0,1.9293920402723285e-08,285.4,BID
786,1712365985.02605,38410801.80520978,274.6,-2.5878668120419888e-08,285.4,ASK
787,1712365985.3663332,38410834.13848194,275.0,2.0609409346121928e-09,285.4,BID
788,1712365985.3731673,38410894.19793705,275.0,3.828223414598381e-09,285.4,BID
789,1712365985.4542065,38411176.19793705,274.6,-1.7974838448173426e-08,285.4,ASK
790,1712365985.826084,38411367.83793705,275.0,1.2215241277371164e-08,285.4,BID
791,1712365985.8860223,38411504.14702795,275.0,8.688418042194633e-09,285.4,BID
792,1712365987.7962196,38411829.01975522,275.0,2.07075701737012e-08,285.4,BID
793,1712365987.8759122,38412387.01975522,274.6,-3.556723352510911e-08,285.4,ASK
794,1712365989.2661464,38413050.22337741,274.6,-4.22729715142316e-08,285.4,ASK
795,1712365989.6660545,38413303.40519559,275.0,1.6137951346796004e-08,285.4,BID
796,1712365989.745998,38413710.40519559,274.6,-2.5942408682292844e-08,285.4,ASK
797,1712365990.80599,38413821.31097951,274.9,7.069196982115728e-09,285.4,BID
798,1712365991.236155,38414030.73986274,274.9,1.3349114689644484e-08,285.4,BID
799,1712365991.7292109,38414387.40046659,274.9,2.273374728741539e-08,285.4,BID
800,1712365991.7758849,38414786.88391511,274.9,2.5463299467629963e-08,285.4,BID
801,1712365991.8164086,38415078.88391511,274.6,-1.8612244066902973e-08,285.4,ASK
802,1712365991.896315,38415197.88391511,274.6,-7.585126862881692e-09,285.4,ASK
803,1712365993.665883,38415547.58187726,274.8,2.2289944593267063e-08,285.4,BID
804,1712365993.7662425,38415730.58187726,274.6,-1.1664522822750836e-08,285.4,ASK
805,1712365995.526153,38416001.00764145,274.8,1.723709015427732e-08,285.4,BID
806,1712365996.701277,38416056.87736488,274.8,3.5611675632273886e-09,285.4,BID
807,1712365996.7760136,38416266.87736488,274.6,-1.3385517993320632e-08,285.4,ASK
808,1712365997.1361797,38416540.54548715,274.8,1.7443759880156306e-08,285.4,BID
809,1712365997.2389855,38416885.54548715,274.6,-2.199049384616961e-08,285.4,ASK
810,1712365997.3161623,38417954.49092834,274.6,-6.813518303275713e-08,285.4,ASK
811,1712365997.6029353,38418255.95017142,274.8,1.9215181535811293e-08,285.4,BID
812,1712365997.6961708,38418594.8730244,274.8,2.1603133080409805e-08,285.4,BID
813,1712365997.705836,38418786.8730244,274.6,-1.2238187879607434e-08,285.4,ASK
814,1712365997.796057,38419512.8730244,274.6,-4.6275647919765615e-08,285.4,ASK
815,1712365998.1165786,38422272.81752949,274.8,1.759204134929618e-07,285.4,BID
816,1712365999.5705323,38422423.1814305,274.8,9.584279535416844e-09,285.4,BID
817,1712365999.6660314,38422611.1814305,274.6,-1.1983225632115613e-08,285.4,ASK
818,1712366001.4559772,38422653.37211463,274.8,2.689257912395781e-09,285.4,BID
819,1712366001.5560956,38422820.37211463,274.6,-1.064467383278355e-08,285.4,ASK
820,1712366001.6973565,38425619.45107643,274.8,1.784148657521881e-07,285.4,BID
821,1712366001.8760383,38426959.59882443,274.8,-8.542177044987956e-08,285.4,ASK
822,1712366002.5961702,38427078.8822002,274.9,7.60318939367334e-09,285.4,BID
823,1712366003.111183,38427326.31035589,274.9,1.5771209666897193e-08,285.4,BID
824,1712366003.5060377,38427470.81381169,274.9,9.210731465454138e-09,285.4,BID
825,1712366003.5660298,38427494.28780223,274.9,1.496245346243235e-09,285.4,BID
826,1712366003.623805,38427494.28780276,274.8,-3.4193101933991817e-17,285.4,ASK
827,1712366003.6286411,38428030.28780223,274.8,-3.4164941129710986e-08,285.4,ASK
828,1712366005.43613,38428199.61119255,274.9,1.0792768037226933e-08,285.4,BID
829,1712366006.685804,38428234.94688159,274.8,-2.252316673927493e-09,285.4,ASK
830,1712366007.3460212,38428275.9872599,274.9,2.615936772944431e-09,285.4,BID
831,1712366008.486107,38428652.01126863,274.9,2.3967981594079737e-08,285.4,BID
832,1712366008.586243,38429066.01126863,274.8,-2.6388592615403534e-08,285.4,ASK
833,1712366008.6460893,38435431.69075663,274.8,-4.057519872679995e-07,285.4,ASK
834,1712366008.666045,38435431.69075666,274.8,-2.3745209676383208e-18,285.4,ASK
835,1712366008.87602,38435606.08871955,274.9,1.1116224143668556e-08,285.4,BID
836,1712366009.3564448,38435721.55252457,274.9,7.359727807954956e-09,285.4,BID
837,1712366009.4361882,38435779.71549292,274.9,3.707340282983258e-09,285.4,BID
838,1712366010.596059,38435779.71549292,274.9,0.0,285.4,BID
839,1712366011.336111,38435823.80789015,274.9,2.8086176877955393e-09,285.4,BID
840,1712366011.425813,38436031.80789015,274.6,-1.3249279145386045e-08,285.4,ASK
841,1712366013.207477,38436416.68966534,274.9,2.4516375372608976e-08,285.4,BID
842,1712366013.305988,38437015.68966534,274.6,-3.8155376000414617e-08,285.4,ASK
843,1712366014.3759928,38437357.20294289,274.9,2.175386897190235e-08,285.4,BID
844,1712366014.4561834,38437576.20294289,274.6,-1.3949962177113192e-08,285.4,ASK
845,1712366014.7762828,38437941.34299381,274.9,2.3258857989284866e-08,285.4,BID
846,1712366014.8759794,38438497.34299381,274.6,-3.541634233093577e-08,285.4,ASK
847,1712366015.2759109,38438543.10508911,274.9,2.9149748795120513e-09,285.4,BID
848,1712366015.3363106,38438686.48813749,274.9,9.133279003248085e-09,285.4,BID
849,1712366015.3759708,38438836.48813749,274.6,-9.55476861446109e-09,285.4,ASK
850,1712366017.2259097,38439044.8220771,274.9,1.327055058353951e-08,285.4,BID
851,1712366017.4460444,38440797.39068184,274.9,1.1163591666157281e-07,285.4,BID
852,1712366019.142845,38440952.23608016,274.9,9.863413013189077e-09,285.4,BID
853,1712366019.416149,38441679.93921016,274.7,-4.6353566847751926e-08,285.4,ASK
854,1712366020.2560468,38441840.97268905,274.8,1.0257584199575836e-08,285.4,BID
855,1712366020.356729,38442296.97268846,274.6,-2.9046496550469064e-08,285.4,ASK
856,1712366020.361106,38442296.97268905,274.7,-3.74926487874203e-17,285.4,ASK
857,1712366020.675968,38442617.55856969,274.8,2.04208260708172e-08,285.4,BID
858,1712366020.755956,38443073.55856969,274.6,-2.9046496587961723e-08,285.4,ASK
859,1712366021.1861515,38443312.69612427,274.8,1.5232693340169778e-08,285.4,BID
860,1712366021.2659717,38443558.58404275,274.8,1.5662681107769286e-08,285.4,BID
861,1712366021.3658524,38443809.58404275,274.6,-1.598831281486489e-08,285.4,ASK
862,1712366023.0861073,38444146.25434842,274.8,2.144537913353415e-08,285.4,BID
863,1712366023.1745174,38444684.25434842,274.6,-3.426977009720044e-08,285.4,ASK
864,1712366024.9761796,38444705.84823488,274.8,1.375497257248303e-09,285.4,BID
865,1712366025.076193,38444851.84823488,274.6,-9.299974784742128e-09,285.4,ASK
866,1712366026.146124,38445109.18715006,274.7,1.6392091933872583e-08,285.4,BID
867,1712366026.2599075,38445249.18715006,274.6,-8.917784040163683e-09,285.4,ASK
868,1712366026.406243,38455900.41617495,274.6,-6.784668586161875e-07,285.4,ASK
869,1712366026.4135675,38475249.18715006,274.6,-1.2324868642760303e-06,285.4,ASK
870,1712366026.4860058,38489047.43223536,274.6,-8.789269271710468e-07,285.4,ASK
871,1712366026.5261016,38490927.69429012,274.5,-1.1976979245164973e-07,285.4,ASK
872,1712366026.5332308,38509799.81378592,274.5,-1.2021249003122977e-06,285.4,ASK
873,1712366026.5660453,38509990.73910468,274.5,1.2161648289462954e-08,285.4,BID
874,1712366026.5860922,38510027.18225336,274.4,-2.321372354800681e-09,285.4,ASK
875,1712366026.5918136,38510270.37543189,274.4,-1.5491030329609057e-08,285.4,ASK
876,1712366027.027398,38511717.28896709,274.1,-9.216616022645649e-08,285.4,ASK
877,1712366027.0318627,38511753.74540165,274.3,-2.3222186450387873e-09,285.4,ASK
878,1712366027.036169,38515254.38765941,274.1,-2.229855118325162e-07,285.4,ASK
879,1712366027.0400026,38516964.38765941,274.1,-1.0892436220485645e-07,285.4,ASK
880,1712366027.0696516,38517040.20670355,274.1,4.829556155704056e-09,285.4,BID
881,1712366027.1596706,38517330.20670355,274.4,1.8472552654624773e-08,285.4,BID
882,1712366027.1637046,38517553.20670355,274.0,-1.4204756006832152e-08,285.4,ASK
883,1712366027.2260778,38517593.20670355,274.0,-2.547938297189624e-09,285.4,ASK
884,1712366027.232794,38518162.20670355,274.0,-3.62444222775224e-08,285.4,ASK
885,1712366027.6060193,38525461.47677654,274.0,-4.649522440124801e-07,285.4,ASK
886,1712366027.610879,38541305.45824078,274.0,-1.009237178817298e-06,285.4,ASK
887,1712366027.6155028,38545048.26583478,273.9,-2.3841107019420122e-07,285.4,ASK
888,1712366027.6201818,38545084.77550984,273.9,-2.3256099827864515e-09,285.4,ASK
889,1712366028.1303685,38545121.29851933,273.8,-2.326459364981606e-09,285.4,ASK
890,1712366028.1365411,38550472.97638738,273.8,-3.408936248558792e-07,285.4,ASK
891,1712366028.1661575,38550717.15045938,273.8,-1.5553511730573062e-08,285.4,ASK
892,1712366028.9960604,38551033.97741748,274.5,2.0181388502968927e-08,285.4,BID
893,1712366029.097029,38551368.97741748,273.8,-2.13389832389631e-08,285.4,ASK
894,1712366030.90597,38551392.62040472,274.5,1.506021816463079e-09,285.4,BID
895,1712366032.072205,38551711.27151664,274.3,2.02975842877768e-08,285.4,BID
896,1712366032.146637,38552026.27151664,273.8,-2.0065014090368293e-08,285.4,ASK
1097,1712366032.4860137,38552171.64154945,274.3,9.25984684648706e-09,285.4,BID
897,1712366032.4860137,38552171.64154945,274.3,9.259846846487061e-09,285.4,BID
898,1712366032.5860136,38552594.64154945,273.8,-2.6944447492780283e-08,285.4,ASK
899,1712366032.9459383,38552806.99663512,274.3,1.3526691384125211e-08,285.4,BID
900,1712366033.0254238,38552861.50994171,274.3,3.472413539520533e-09,285.4,BID
901,1712366034.9360888,38553175.18839595,274.3,1.9980833663727475e-08,285.4,BID
902,1712366036.806222,38553483.38015679,274.3,1.9631339758412755e-08,285.4,BID
903,1712366036.8859704,38553881.38015679,273.8,-2.5351986057036763e-08,285.4,ASK
904,1712366037.9510016,38554140.91716007,274.3,1.6532106754792776e-08,285.4,BID
905,1712366038.057087,38554477.91716007,273.8,-2.1466380153822583e-08,285.4,ASK
906,1712366038.396063,38554605.62040472,274.3,8.134499692906037e-09,285.4,BID
907,1712366038.4024131,38554840.34151296,274.3,1.495137252126995e-08,285.4,BID
908,1712366038.476346,38555247.34151296,273.8,-2.5925272173904423e-08,285.4,ASK
909,1712366038.8359902,38555391.48660956,274.3,9.181820299484494e-09,285.4,BID
910,1712366038.9203851,38555516.2764605,273.6,-7.948921007468425e-09,285.4,ASK
911,1712366038.929875,38555740.48660956,273.8,-1.4281840635511045e-08,285.4,ASK
912,1712366038.945503,38555919.33416608,274.2,1.1392313465181191e-08,285.4,BID
913,1712366039.063476,38556138.33416608,273.6,-1.3949962177113192e-08,285.4,ASK
914,1712366040.3559604,38556138.33416608,273.6,-0.0,285.4,ASK
915,1712366040.7864149,38556503.30859997,273.8,2.31995098439232e-08,285.4,BID
916,1712366040.8860388,38556926.30859997,273.6,-2.6887890637560426e-08,285.4,ASK
917,1712366040.9661412,38557431.98496246,273.6,-3.2143193221484945e-08,285.4,ASK
918,1712366042.6699138,38557658.17926487,273.8,1.4377985026090588e-08,285.4,BID
919,1712366043.836018,38557759.31513046,273.8,6.428676343636002e-09,285.4,BID
920,1712366044.2760434,38557970.87831526,273.8,1.3447961645334724e-08,285.4,BID
921,1712366044.3565178,38557984.94708974,273.6,-8.94278178564056e-10,285.4,ASK
922,1712366044.3639798,38558168.87831526,273.6,-1.1691542970932309e-08,285.4,ASK
923,1712366044.740864,38558361.50431964,273.8,1.22442244434968e-08,285.4,BID
924,1712366044.796199,38558754.17415163,273.8,2.4959960991131192e-08,285.4,BID
925,1712366044.8516874,38559159.17415163,273.6,-2.5743725078515293e-08,285.4,ASK
926,1712366044.9169698,38559436.17415163,273.6,-1.7607436658638857e-08,285.4,ASK
927,1712366045.7661517,38560635.84338612,273.8,7.625667890842464e-08,285.4,BID
928,1712366045.7736158,38564195.50112977,273.8,2.2626876623722055e-07,285.4,BID
929,1712366046.6860454,38564404.99420052,274.2,1.331637535624378e-08,285.4,BID
930,1712366046.786105,38564988.99420052,273.8,-3.7121815915686255e-08,285.4,ASK
931,1712366047.5381565,38575316.84434074,274.2,6.564872460789279e-07,285.4,BID
932,1712366047.543359,38580812.83850773,274.2,3.493515132542951e-07,285.4,BID
933,1712366047.546756,38586039.38250912,274.2,3.322239799570992e-07,285.4,BID
1134,1712366048.5361533,38586329.6815609,274.2,1.845278760367561e-08,285.4,BID
934,1712366048.5361533,38586329.6815609,274.2,1.8452787603675612e-08,285.4,BID
935,1712366048.6160164,38586804.6815609,273.8,-3.019325780813522e-08,285.4,ASK
936,1712366049.5823493,38589438.87003677,274.2,1.674415405628936e-07,285.4,BID
937,1712366049.7260206,38589591.88862955,274.3,9.726589097030837e-09,285.4,BID
938,1712366050.1270573,38596304.75076642,274.3,4.2670142553474573e-07,285.4,BID
939,1712366050.15016,38596581.73072999,274.5,1.7606163047962253e-08,285.4,BID
940,1712366050.1661153,38596668.91682615,274.5,5.5419626919835294e-09,285.4,BID
941,1712366050.6060655,38596684.73196443,274.8,1.0052853628866835e-09,285.4,BID
942,1712366050.618382,38596827.82988944,274.7,9.095984298012456e-09,285.4,BID
943,1712366050.6951425,38597123.60499861,274.8,1.8800871840959016e-08,285.4,BID
944,1712366050.7661092,38597404.60499861,274.5,-1.7861695671759993e-08,285.4,ASK
945,1712366052.576283,38597492.47253863,274.8,5.585278502511549e-09,285.4,BID
946,1712366054.4864116,38597518.47618161,274.5,1.652915150649696e-09,285.4,BID
947,1712366054.5459733,38597606.47618161,273.9,-5.5936982886650515e-09,285.4,ASK
948,1712366054.9659789,38599398.59087695,273.9,-1.1391532845928477e-07,285.4,ASK
949,1712366055.6345568,38599777.24297166,274.5,2.406892697910664e-08,285.4,BID
950,1712366055.7263534,38600328.24297166,273.9,-3.5024179057436865e-08,285.4,ASK
951,1712366056.08999,38600564.42512102,274.5,1.5012860053154575e-08,285.4,BID
952,1712366056.15605,38600743.42512102,273.9,-1.1378090837170956e-08,285.4,ASK
953,1712366056.4962084,38600874.70380954,274.5,8.344697446745415e-09,285.4,BID
954,1712366056.5760226,38600919.15553995,274.5,2.825563276725505e-09,285.4,BID
955,1712366056.5967107,38600995.15553995,273.9,-4.8309212493016355e-09,285.4,ASK
956,1712366058.4563894,38601109.03532137,274.5,7.238740209419228e-09,285.4,BID
957,1712366060.3460894,38601420.60909186,274.5,1.9805109850012683e-08,285.4,BID
958,1712366060.426023,38609272.80331254,274.5,4.991227883462119e-07,285.4,BID
959,1712366061.4760396,38609301.183953,274.8,1.8040084089060942e-09,285.4,BID
960,1712366061.5360827,38613568.86451006,274.8,2.712740616884127e-07,285.4,BID
961,1712366061.9364028,38613697.14388437,274.9,8.154046778893509e-09,285.4,BID
962,1712366062.4305768,38613913.85905352,274.9,1.3775446259376008e-08,285.4,BID
963,1712366062.4559906,38613998.11150895,274.9,5.3554865425544284e-09,285.4,BID
964,1712366064.3660667,38614249.16280032,274.9,1.59580133965611e-08,285.4,BID
965,1712366065.5762649,38614690.78575113,274.5,-2.807165391097184e-08,285.4,ASK
966,1712366065.5830178,38616370.78575113,274.1,-1.0678878551087825e-07,285.4,ASK
967,1712366065.5891094,38631394.50852473,274.0,-9.549792314555385e-07,285.4,ASK
968,1712366065.5931237,38632184.73385002,274.0,-5.0230477837662e-08,285.4,ASK
969,1712366065.826038,38632224.73385002,275.0,2.542590131211387e-09,285.4,BID
970,1712366065.8380227,38632744.10479426,274.9,3.3013685931513184e-08,285.4,BID
971,1712366065.841534,38633231.10621464,275.1,3.095612513399292e-08,285.4,BID
1172,1712366065.8451266,38633387.35621464,275.0,9.93199270004448e-09,285.4,BID
972,1712366065.8451266,38633387.35621464,275.0,9.931992700044481e-09,285.4,BID
973,1712366066.0060496,38633471.10805126,275.2,5.32366483153825e-09,285.4,BID
974,1712366066.0162594,38634589.97857926,275.2,7.112072906475011e-08,285.4,BID
975,1712366066.215896,38634725.87974205,275.2,8.638523883140308e-09,285.4,BID
976,1712366066.2961817,38635275.87974205,274.0,-3.4960614304156575e-08,285.4,ASK
977,1712366067.3760495,38635455.46853389,274.8,1.1415517245199916e-08,285.4,BID
978,1712366067.4560645,38635557.46853389,274.0,-6.483604834589037e-09,285.4,ASK
979,1712366067.85615,38635795.11687753,274.7,1.5106058331265035e-08,285.4,BID
980,1712366067.9365125,38636422.11687753,274.0,-3.985510030673849e-08,285.4,ASK
981,1712366068.2807195,38636645.18932019,274.7,1.4179544781201832e-08,285.4,BID
982,1712366068.3484366,38636719.85258921,274.7,4.745952274395042e-09,285.4,BID
983,1712366068.3559508,38637129.85258921,274.0,-2.6061548844916722e-08,285.4,ASK
984,1712366068.4210196,38637258.85258921,274.0,-8.199853173156724e-09,285.4,ASK
985,1712366069.3061538,38637270.2139157,274.8,7.221799150112345e-10,285.4,BID
986,1712366069.3143277,38638924.82986038,274.7,1.0517525429743513e-07,285.4,BID
987,1712366070.2759306,38639147.79929269,274.8,1.4172996953783877e-08,285.4,BID
988,1712366070.3472,38639561.79929269,274.1,-2.6315807858037858e-08,285.4,ASK
989,1712366070.4161255,38639561.79929269,274.1,-0.0,285.4,ASK
990,1712366072.1161032,38639823.24397973,274.8,1.6594535831471865e-08,285.4,BID
991,1712366073.2861197,38639881.50089383,274.8,3.6977092915491054e-09,285.4,BID
992,1712366073.296346,38639937.08677448,274.8,3.5281722442051222e-09,285.4,BID
993,1712366073.746595,38640192.64354303,274.8,1.6220815196568806e-08,285.4,BID
994,1712366073.8261998,38640587.64354303,274.2,-2.507161926936429e-08,285.4,ASK
995,1712366074.1660292,38640918.40045714,274.8,2.0993952965191053e-08,285.4,BID
996,1712366074.266192,38641097.98560997,274.8,1.1398710324812757e-08,285.4,BID
997,1712366074.3460708,38641452.98560997,274.2,-2.2532721115504617e-08,285.4,ASK
998,1712366076.1161373,38641572.81457649,274.8,7.605838546959644e-09,285.4,BID
999,1712366077.0463607,38644644.29685617,274.2,-1.9495451723734894e-07,285.4,ASK
1000,1712366077.995974,38644788.55085908,274.8,9.156155541647044e-09,285.4,BID
1201,1712366079.1462586,38645131.35653593,274.8,2.175871750203081e-08,285.4,BID
1202,1712366079.2260468,38645540.35653593,274.3,-2.5960233623215185e-08,285.4,ASK
1203,1712366079.606031,38645583.26046606,274.8,2.7232177253314237e-09,285.4,BID
1204,1712366079.946508,38646627.61027631,274.3,-6.628744513069225e-08,285.4,ASK
1205,1712366080.066122,38646802.02075665,274.8,1.1070261163430289e-08,285.4,BID
1206,1712366080.1460736,38646866.55860235,274.8,4.096375432607419e-09,285.4,BID
1207,1712366080.1660717,38647211.55860235,274.3,-2.1897996577039697e-08,285.4,ASK
1208,1712366081.9961543,38647266.19106232,274.8,3.467656293860044e-09,285.4,BID
1209,1712366083.8860488,38647344.99382796,274.8,5.001804905383686e-09,285.4,BID
1210,1712366084.0090444,38647587.99382796,274.3,-1.5423806284697525e-08,285.4,ASK
1211,1712366085.066044,38647969.06733596,274.8,2.4187670648769066e-08,285.4,BID
1212,1712366085.1461377,38648333.06733596,274.3,-2.310397320012304e-08,285.4,ASK
1213,1712366085.516152,38648584.72308559,274.8,1.5973207953369652e-08,285.4,BID
1214,1712366085.9562552,38648643.92614235,274.8,3.7577632877787384e-09,285.4,BID
1215,1712366086.0159318,38648691.64812197,274.8,3.029031148771333e-09,285.4,BID
1216,1712366086.0360975,38648908.64812197,274.3,-1.3773522484688738e-08,285.4,ASK
1217,1712366087.9461277,38649191.74128063,274.8,1.7968617447451657e-08,285.4,BID
1218,1712366088.0135498,38649326.74128063,274.3,-8.568781269276403e-09,285.4,ASK
1219,1712366088.6861274,38649461.74128063,274.3,-8.568781269276403e-09,285.4,ASK
1220,1712366088.6883304,38655330.91834393,274.3,-3.725310702672745e-07,285.4,ASK
1221,1712366089.766093,38655506.24221583,274.8,1.1128236367086223e-08,285.4,BID
1222,1712366089.846104,38655739.24221583,274.3,-1.4789081746232609e-08,285.4,ASK
1223,1712366090.146017,38658876.15769493,274.8,1.991077229675995e-07,285.4,BID
1224,1712366090.1576416,38662717.09559543,274.8,2.4379375361663305e-07,285.4,BID
1225,1712366090.9760916,38662849.50462017,274.8,8.404325712000352e-09,285.4,BID
1226,1712366091.0764377,38663220.50462017,274.3,-2.3548280377048488e-08,285.4,ASK
1227,1712366091.4161396,38663382.52246374,274.9,1.0283670098104073e-08,285.4,BID
1228,1712366091.419099,38663448.90999941,274.8,4.213779793727195e-09,285.4,BID
1229,1712366091.49613,38664120.90999941,274.3,-4.265348898484254e-08,285.4,ASK
1230,1712366091.8798578,38664180.05150541,274.9,3.753856510082917e-09,285.4,BID
1231,1712366091.9197254,38664428.08351705,274.9,1.574320041146616e-08,285.4,BID
1232,1712366091.9959655,38664616.7933754,274.3,-1.1977877774527324e-08,285.4,ASK
1233,1712366091.998139,38664815.08351705,274.3,-1.2585961864065033e-08,285.4,ASK
1234,1712366093.1274276,38667713.42105956,274.3,-1.839645958981444e-07,285.4,ASK
1235,1712366093.8058865,38668047.90268924,274.9,2.1230369802653097e-08,285.4,BID
1236,1712366093.9060156,38668353.90268924,274.3,-1.9422570877026523e-08,285.4,ASK
1237,1712366095.6769118,38668456.93651972,274.9,6.5398100496921035e-09,285.4,BID
1238,1712366095.7562883,38668620.93651972,274.3,-1.0409482430824668e-08,285.4,ASK
1239,1712366096.856257,38668975.99654154,274.9,2.253653084755736e-08,285.4,BID
1240,1712366097.276142,38669029.76154699,274.9,3.4125968272621237e-09,285.4,BID
1241,1712366097.7860117,38669357.00054298,274.9,2.0770662069852173e-08,285.4,BID
1242,1712366097.8260915,38669501.75136145,274.9,9.18768964449206e-09,285.4,BID
1243,1712366097.886147,38669708.75136145,274.4,-1.3138797946223818e-08,285.4,ASK
1244,1712366097.8889863,38669887.75136145,274.4,-1.1361569238522044e-08,285.4,ASK
1245,1712366099.7108872,38670233.79575737,274.8,2.1964286948625883e-08,285.4,BID
1246,1712366099.8059728,38670922.79575737,274.4,-4.37325207002329e-08,285.4,ASK
1247,1712366100.4263313,38670922.79575737,274.4,-0.0,285.4,ASK
1248,1712366100.5776584,38682303.94377665,274.4,-7.234797421825803e-07,285.4,ASK
1249,1712366100.6561556,38683378.94377665,274.4,6.833587626911487e-08,285.4,BID
1250,1712366101.5961316,38683733.0704142,274.8,2.2511213104271672e-08,285.4,BID
1251,1712366101.6765726,38683860.0704142,274.2,-8.073168638304734e-09,285.4,ASK
1252,1712366102.791296,38684054.12791056,274.8,1.2335896800417854e-08,285.4,BID
1253,1712366102.866031,38684639.12791056,274.2,-3.7187430341797394e-08,285.4,ASK
1254,1712366103.2260191,38684809.97579993,274.8,1.0860502538521732e-08,285.4,BID
1255,1712366103.6663473,38685111.9663385,274.8,1.9197012165561573e-08,285.4,BID
1256,1712366103.7059555,38685327.12645494,274.8,1.3677353576928335e-08,285.4,BID
1257,1712366103.7666962,38685469.12645494,274.2,-9.026692493222616e-09,285.4,ASK
1258,1712366105.5958736,38685843.6861347,274.8,2.381010598286803e-08,285.4,BID
1259,1712366105.6960185,38686081.6861347,274.2,-1.5129245164697058e-08,285.4,ASK
1260,1712366107.4892766,38686474.59734285,274.8,2.497668065541121e-08,285.4,BID
1261,1712366107.573119,38687152.59734285,274.2,-4.3099278242288266e-08,285.4,ASK
1262,1712366107.5746138,38687170.59734285,274.2,-1.1442286259014582e-09,285.4,ASK
1263,1712366108.6618934,38687218.12281592,274.8,3.021111486098802e-09,285.4,BID
1264,1712366109.0760095,38687417.41295061,274.7,1.2668526498492136e-08,285.4,BID
1265,1712366109.5564094,38687443.74349301,274.7,1.673786686118918e-09,285.4,BID
1266,1712366109.575986,38687683.1173554,274.7,1.5216579201909515e-08,285.4,BID
1267,1712366109.6360383,38688151.1173554,274.2,-2.974994427343792e-08,285.4,ASK
1268,1712366109.6560087,38688356.1173554,274.2,-1.3031492683877721e-08,285.4,ASK
1269,1712366110.0767255,38688601.84942355,274.2,-1.5620759260033987e-08,285.4,ASK
1270,1712366110.5159726,38695025.83994833,274.4,4.08361880609375e-07,285.4,BID
1271,1712366111.486176,38695254.78309701,274.4,1.4553516912428082e-08,285.4,BID
1272,1712366111.588436,38695599.78309701,274.2,-2.1931048663111282e-08,285.4,ASK
1273,1712366113.3562484,38695865.37347601,274.4,1.6883117468000613e-08,285.4,BID
1274,1712366114.5562186,38695974.55350516,274.4,6.940384151446436e-09,285.4,BID
1275,1712366114.9759986,38696341.96239728,274.4,2.3355542876195352e-08,285.4,BID
1276,1712366115.0360205,38697078.28443335,274.4,4.680670841979604e-08,285.4,BID
1277,1712366115.0385785,38698687.574575,274.4,1.022997693031345e-07,285.4,BID
1278,1712366115.0760484,38699032.574575,274.3,-2.1931048663111282e-08,285.4,ASK
1279,1712366115.4261563,38699201.8974727,274.7,1.0763561476207436e-08,285.4,BID
1280,1712366115.4560845,38699437.61643884,274.7,1.4984243818156745e-08,285.4,BID
1281,1712366115.5194223,38699762.61643884,274.3,-2.065968352322077e-08,285.4,ASK
1282,1712366117.3662312,38700076.89383236,274.7,1.997806611884124e-08,285.4,BID
1283,1712366117.4461458,38700252.89383236,274.3,-1.1188013231036482e-08,285.4,ASK
1284,1712366119.2563968,38700455.02784546,274.6,1.2849306891694672e-08,285.4,BID
1285,1712366119.3359687,38700531.02784546,274.3,-4.831187531583935e-09,285.4,ASK
1286,1712366119.7962246,38700642.1619091,274.3,-7.064598718707421e-09,285.4,ASK
1287,1712366120.4259856,38700849.55083845,274.6,1.318335275840424e-08,285.4,BID
1288,1712366120.868445,38701048.3163155,274.6,1.2635174926996753e-08,285.4,BID
1289,1712366120.946468,38701428.3163155,274.3,-2.415593765791968e-08,285.4,ASK
1290,1712366121.3060925,38701592.50058352,274.6,1.0436907743959349e-08,285.4,BID
1291,1712366121.3308225,38701720.24639561,274.6,8.120578612800304e-09,285.4,BID
1292,1712366121.3745406,38702059.24639561,274.3,-2.1549639121144133e-08,285.4,ASK
1293,1712366121.4459057,38702253.24639561,274.3,-1.233224185693794e-08,285.4,ASK
1294,1712366121.8461852,38702964.87488857,274.6,4.523698292503464e-08,285.4,BID
1295,1712366121.966079,38703455.57044557,274.6,-3.119266127333675e-08,285.4,ASK
1296,1712366121.9861856,38703455.57044573,274.6,-1.0419649287160934e-17,285.4,ASK
1297,1712366123.2562847,38703841.69936051,274.6,2.4545542087810413e-08,285.4,BID
1298,1712366123.356354,38704119.69936051,274.3,-1.7671975444478077e-08,285.4,ASK
1299,1712366125.1394138,38704492.93679678,274.6,2.372605326845565e-08,285.4,BID
1300,1712366125.236271,38705149.93679678,274.3,-4.176434484540324e-08,285.4,ASK
1301,1712366126.3459284,38705342.62798396,274.6,1.2249042907275237e-08,285.4,BID
1302,1712366126.4260738,38705659.62798396,274.3,-2.015113746726457e-08,285.4,ASK
1303,1712366126.8061173,38705702.3592294,274.6,2.716350792031066e-09,285.4,BID
1304,1712366127.206113,38705877.04604658,274.6,1.1104536487840338e-08,285.4,BID
1305,1712366127.2660232,38706182.10795481,274.6,1.9392253781616772e-08,285.4,BID
1306,1712366127.366523,38706345.10795481,274.3,-1.0361625890107651e-08,285.4,ASK
1307,1712366129.1760745,38706633.38846482,274.5,1.832548954719633e-08,285.4,BID
1308,1712366129.256107,38706866.38846482,274.3,-1.4811403879724433e-08,285.4,ASK
1309,1712366130.3807085,38706866.38846482,274.3,-0.0,285.4,ASK
1310,1712366131.0060976,38707154.46861053,274.5,1.8301277303004453e-08,285.4,BID
1311,1712366131.0861003,38707522.46861053,274.3,-2.337845959819704e-08,285.4,ASK
1312,1712366131.1459308,38707628.33686915,274.3,-6.725643496815603e-09,285.4,ASK
1313,1712366131.2263246,38730296.13908355,274.3,-1.4400497235033913e-06,285.4,ASK
1314,1712366131.3261342,38730298.77876016,274.2,-1.6769449167344895e-10,285.4,ASK
1315,1712366131.3287983,38734106.56683902,274.2,-2.419027710872607e-07,285.4,ASK
1316,1712366131.331489,38734613.94562409,274.2,-3.223297398866612e-08,285.4,ASK
1317,1712366131.7661228,38734833.68096409,274.1,-1.3959439588226529e-08,285.4,ASK
1318,1712366131.7695656,38736833.68096409,274.1,-1.2705684564237522e-07,285.4,ASK
1319,1712366132.2062593,38736923.69919895,274.2,5.718716485576045e-09,285.4,BID
1320,1712366132.2959387,38737129.69919895,274.1,-1.3086855101164649e-08,285.4,ASK
1321,1712366132.3658636,38739212.20909074,274.2,1.3229856893513973e-07,285.4,BID
1322,1712366132.3766432,38740411.46109797,274.2,7.61865885845363e-08,285.4,BID
1323,1712366132.6360316,38740689.69060616,274.5,1.767548183771098e-08,285.4,BID
1324,1712366132.7188847,38741115.69060616,274.2,-2.7063108121825923e-08,285.4,ASK
1325,1712366133.1031966,38741389.92375734,274.5,1.7421599579437253e-08,285.4,BID
1326,1712366133.1564157,38741470.98750961,274.5,5.149852329759024e-09,285.4,BID
1327,1712366133.176842,38741793.98750961,274.2,-2.05196805712436e-08,285.4,ASK
1328,1712366133.26056,38742086.98750961,274.2,-1.8613827886607973e-08,285.4,ASK
1329,1712366135.0462017,38742109.08222727,274.5,1.4036425655592821e-09,285.4,BID
1330,1712366136.926004,38742210.90736388,274.5,6.468790332345595e-09,285.4,BID
1331,1712366138.116261,38742417.13322908,274.5,1.3101203961101128e-08,285.4,BID
1332,1712366138.5362184,38742719.96018718,274.5,1.923811903614648e-08,285.4,BID
1333,1712366138.996152,38742956.04397588,274.5,1.4998030749787043e-08,285.4,BID
1334,1712366139.0360866,38743117.46109792,274.5,1.0254575179296138e-08,285.4,BID
1335,1712366139.0760748,38743577.46109792,274.2,-2.9223074497746305e-08,285.4,ASK
1336,1712366139.1268828,38743837.46109792,274.2,-1.651738993350878e-08,285.4,ASK
1337,1712366139.9461946,38743866.19751579,274.2,-1.825579305109885e-09,285.4,ASK
1338,1712366140.966186,38744051.74214238,274.5,1.178735748996362e-08,285.4,BID
1339,1712366141.0459476,38744555.74214238,274.3,-3.2018325101878566e-08,285.4,ASK
1340,1712366142.7762406,38745913.93210625,274.5,8.628366629621103e-08,285.4,BID
1341,1712366142.815933,38746190.14113756,274.6,1.75471241283247e-08,285.4,BID
1342,1712366142.9163468,38746410.14113756,274.3,-1.3976253020661274e-08,285.4,ASK
1343,1712366144.0061817,38746515.57085351,274.6,6.697783572555315e-09,285.4,BID
1344,1712366144.4463603,38746893.46961534,274.6,2.4007312325217272e-08,285.4,BID
1345,1712366144.5060878,38747589.46961534,274.3,-4.4215782283546576e-08,285.4,ASK
1346,1712366144.9087837,38747797.00056945,274.6,1.3184114201034774e-08,285.4,BID
1347,1712366144.946283,38747834.66262334,274.6,2.392610883871708e-09,285.4,BID
1348,1712366146.8364024,38748215.47835531,274.6,2.4192622837706243e-08,285.4,BID
1349,1712366146.9159634,38748486.47835531,274.3,-1.7216202584541842e-08,285.4,ASK
1350,1712366148.686252,38748604.89787461,274.6,7.523005292231066e-09,285.4,BID
1351,1712366148.7660818,38748726.89787461,274.4,-7.750467584184889e-09,285.4,ASK
1352,1712366148.786044,38753080.08263921,274.6,2.7655096234434284e-07,285.4,BID
1353,1712366149.8698978,38753462.8727447,274.9,2.4318051673454948e-08,285.4,BID
1354,1712366149.9664414,38753880.8727447,274.4,-2.6554880739256425e-08,285.4,ASK
1355,1712366150.3160818,38753901.33473087,274.9,1.2999177091194387e-09,285.4,BID
1356,1712366150.4359348,38753987.33473087,274.4,-5.463444362622134e-09,285.4,ASK
1357,1712366150.8159294,38754065.58136601,274.9,4.970885321444857e-09,285.4,BID
1358,1712366150.836359,38754293.50788474,274.9,1.4479812254092822e-08,285.4,BID
1359,1712366152.7660625,38754450.91421431,274.9,9.999775859793978e-09,285.4,BID
1360,1712366152.826187,38754929.91421431,274.4,-3.0430114531348875e-08,285.4,ASK
1361,1712366154.596027,38754972.46787018,274.9,2.7033666427131142e-09,285.4,BID
1362,1712366154.6738837,38755224.46787018,274.4,-1.6009162550939283e-08,285.4,ASK
1363,1712366155.6366832,38755588.23651333,274.9,2.3109648171011323e-08,285.4,BID
1364,1712366155.6404536,38785103.21222484,274.9,1.8750398565578635e-06,285.4,BID
1365,1712366155.7576663,38785368.45949756,275.0,1.6850740893676957e-08,285.4,BID
1366,1712366155.836156,38785411.01315343,274.9,-2.7033666422397903e-09,285.4,ASK
1367,1712366155.8396094,38785924.45949756,274.6,-3.2618436446340525e-08,285.4,ASK
1368,1712366156.2362995,38786024.89222483,275.0,6.380332763082673e-09,285.4,BID
1369,1712366156.2760146,38787707.87558224,275.0,1.069172783303835e-07,285.4,BID
1370,1712366156.336455,38787862.87558224,274.6,-9.846905537284081e-09,285.4,ASK
1371,1712366156.696077,38787925.79240025,275.3,3.997006216964932e-09,285.4,BID
1372,1712366156.7162185,38787955.93317849,275.3,1.9147961044153702e-09,285.4,BID
1373,1712366156.7200084,38788212.85378782,275.3,1.632176110068659e-08,285.4,BID
1374,1712366156.7762852,38788388.85378782,274.6,-1.1181002416529021e-08,285.4,ASK
1375,1712366156.8561883,38789901.93317849,275.3,9.612354729281548e-08,285.4,BID
1376,1712366157.056541,38790212.125166,275.4,1.9706007738092132e-08,285.4,BID
1377,1712366157.0604844,38799743.9865528,275.4,6.055441204534755e-07,285.4,BID
1378,1712366157.1465175,38799743.98655373,275.4,-5.916545430308917e-17,285.4,ASK
1379,1712366157.1489325,38803390.46023373,275.4,-2.316547217496564e-07,285.4,ASK
1380,1712366158.6260912,38803757.83591431,275.5,2.33387975696812e-08,285.4,BID
1381,1712366158.7260375,38803959.83591431,274.6,-1.2832741409879898e-08,285.4,ASK
1382,1712366158.826237,38812027.16274561,275.6,5.125045499757627e-07,285.4,BID
1383,1712366158.8292403,38815017.2536547,275.8,1.8995575954668865e-07,285.4,BID
1384,1712366158.8322537,38816128.2536547,275.6,7.058007775433943e-08,285.4,BID
1385,1712366158.8352952,38817410.87797412,275.5,8.148310008480505e-08,285.4,BID
1386,1712366158.8382754,38817548.74107968,275.9,8.758225661321684e-09,285.4,BID
1387,1712366158.9260266,38817916.11676026,275.9,-2.3338797570154532e-08,285.4,ASK
1388,1712366159.325915,38818283.49236026,274.8,-2.3338792450686082e-08,285.4,ASK
1389,1712366160.0096707,38818650.86736026,274.9,-2.33387543339338e-08,285.4,ASK
1390,1712366160.4978416,38818716.07765757,275.8,4.142707340206074e-09,285.4,BID
1391,1712366160.556977,38818716.07765757,275.8,0.0,285.4,BID
1392,1712366161.6960478,38819018.24296026,275.8,1.915867304537028e-08,285.4,BID
1393,1712366161.6994584,38819096.09216083,275.8,4.9359981681770844e-09,285.4,BID
1394,1712366161.7885883,38819524.09216083,274.9,-2.7137172900122443e-08,285.4,ASK
1395,1712366162.144465,38819716.1516242,275.8,1.21774552913401e-08,285.4,BID
1396,1712366162.2161555,38819912.1516242,274.9,-1.2427303477626158e-08,285.4,ASK
1397,1712366162.563723,38820282.20238562,275.8,2.3462924052296703e-08,285.4,BID
1398,1712366162.5960617,38820464.42138489,275.8,1.1553524506980974e-08,285.4,BID
1399,1712366162.6361785,38820869.42138489,274.9,-2.5678866879788745e-08,285.4,ASK
1400,1712366162.6860309,38821191.42138489,274.9,-2.0416284284671544e-08,285.4,ASK
1401,1712366164.5061004,38821364.43443782,275.8,1.0969825072935617e-08,285.4,BID
1402,1712366164.590109,38821574.43443782,275.0,-1.3314968011742312e-08,285.4,ASK
1403,1712366164.6660602,38821905.95143782,275.0,-2.1019705954336568e-08,285.4,ASK
1404,1712366166.3960018,38822188.95723912,275.8,1.794387234007952e-08,285.4,BID
1405,1712366166.4963112,38822430.95723912,275.0,-1.5343915518293522e-08,285.4,ASK
1406,1712366166.5361173,38822767.17023912,275.0,-2.1317454000597943e-08,285.4,ASK
1407,1712366167.1822145,38824548.32196814,275.0,-1.12933229980607e-07,285.4,ASK
1408,1712366167.566075,38824738.83720761,275.6,1.2079544377564645e-08,285.4,BID
1409,1712366167.6531415,38824987.83720761,275.0,-1.57877477853516e-08,285.4,ASK
1410,1712366168.0462632,38825147.9605748,275.6,1.0152559581295837e-08,285.4,BID
1411,1712366168.485998,38825361.13546594,275.6,1.351627074518812e-08,285.4,BID
1412,1712366168.505989,38825405.8705893,275.6,2.8364130310571238e-09,285.4,BID
1413,1712366168.5660467,38825743.7565893,275.0,-2.1423529912451283e-08,285.4,ASK
1414,1712366168.5859432,38825877.7565893,275.0,-8.496217683683191e-09,285.4,ASK
1415,1712366170.146129,38825938.2945893,275.0,-3.8383882548961365e-09,285.4,ASK
1416,1712366170.4160042,38826052.89908857,275.6,7.266453532012211e-09,285.4,BID
1417,1712366170.496779,38826065.05201583,275.0,-7.705516084609352e-10,285.4,ASK
1418,1712366170.5006728,38826290.89908857,275.0,-1.4319745471513685e-08,285.4,ASK
1419,1712366172.2760422,38826329.07331724,275.5,2.420422064715195e-09,285.4,BID
1420,1712366172.7460475,38826654.89131724,275.0,-2.0658363084281253e-08,285.4,ASK
1421,1712366173.1861207,38829517.59881759,275.5,1.815088514003897e-07,285.4,BID
1422,1712366173.1885717,38831589.48481759,275.5,1.3136712292369494e-07,285.4,BID
1423,1712366173.1909509,38832223.33169716,275.6,4.0188813932569286e-08,285.4,BID
1424,1712366173.1932695,38833903.33169716,275.7,1.065197440939385e-07,285.4,BID
1425,1712366173.2461483,38833941.50592583,275.7,-2.420422064715195e-09,285.4,ASK
1426,1712366173.2503076,38838635.79374262,275.0,-2.9763948627860385e-07,285.4,ASK
1427,1712366173.2535996,38841452.57919716,275.0,-1.785971820150494e-07,285.4,ASK
1428,1712366173.4461608,38841829.41385995,275.8,2.3893054670156243e-08,285.4,BID
1429,1712366173.8867424,38842029.77644153,275.8,1.2703911259521385e-08,285.4,BID
1430,1712366174.185999,38849575.98899601,275.8,4.784646608222456e-07,285.4,BID
1431,1712366174.1893177,38856270.41458511,275.8,4.244574408378504e-07,285.4,BID
1432,1712366174.3660738,38856399.25069823,275.8,8.168803451992987e-09,285.4,BID
1433,1712366174.4101882,38856576.26665181,275.8,1.1223627425999348e-08,285.4,BID
1434,1712366174.486158,38856777.26665181,275.0,-1.2744326525524785e-08,285.4,ASK
1435,1712366175.0960896,38857136.06965181,275.0,-2.274976413123069e-08,285.4,ASK
1436,1712366176.3161669,38857177.28792592,275.8,2.6134285774353993e-09,285.4,BID
1437,1712366177.159321,38857251.97492592,275.0,-4.735500075616696e-09,285.4,ASK
1438,1712366178.0902982,38859023.54766348,275.7,1.123258777670564e-07,285.4,BID
1439,1712366178.1698704,38859113.98291919,275.7,5.734012080301226e-09,285.4,BID
1440,1712366178.9259548,38859421.65591919,275.0,-1.950788644324928e-08,285.4,ASK
1441,1712366179.326471,38859760.3682877,275.7,2.1475925485242665e-08,285.4,BID
1442,1712366179.4260807,38860388.3682877,275.0,-3.981809481606749e-08,285.4,ASK
1443,1712366179.8891168,38860703.99759491,275.7,2.0012352995597464e-08,285.4,BID
1444,1712366179.893247,38861082.99759491,275.0,-2.4030347030715885e-08,285.4,ASK
