,time,acc_trade_volume,trade_price,dev,high,ask_bid
0,1712365207.2039075,437509.55972645,1289.0,0.0,1296.0,BID
1,1712365230.8053882,437509.55972645,1289.0,0.0,1296.0,BID
2,1712365240.8755414,437515.72561984,1289.0,5.2921076268015e-10,1296.0,BID
3,1712365240.8767295,437829.08359847,1289.0,2.689511549634589e-08,1296.0,BID
4,1712365240.8853407,438180.31758418,1289.0,3.0145964858502434e-08,1296.0,BID
5,1712365240.9554863,438673.25248418,1289.0,-4.2307973537618573e-08,1296.0,ASK
6,1712365241.0355392,438821.13293502,1288.0,-1.2692390416811682e-08,1296.0,ASK
7,1712365241.0454638,438821.13296239,1289.0,-2.349132081214509e-15,1296.0,ASK
8,1712365247.245509,439392.34570544,1288.0,-4.9026460932890496e-08,1296.0,ASK
9,1712365255.8156302,440168.1408955,1289.0,6.65855113356199e-08,1296.0,BID
10,1712365256.2654948,440262.40689381,1288.0,-8.090730362156991e-09,1296.0,ASK
11,1712365260.5572772,440262.40689381,1288.0,-0.0,1296.0,ASK
12,1712365267.765512,441500.9706293,1288.0,-1.0627198675858617e-07,1296.0,ASK
13,1712365267.767026,441852.20461501,1288.0,-3.013678861166901e-08,1296.0,ASK
14,1712365270.1755908,441857.1448324,1288.0,4.2388348860274716e-10,1296.0,BID
15,1712365282.1456506,442448.78457153,1288.0,5.0764226919498975e-08,1296.0,BID
16,1712365290.515554,442448.78457153,1288.0,0.0,1296.0,BID
17,1712365319.9261289,442526.42432308,1288.0,6.6600831790174535e-09,1296.0,BID
18,1712365320.8056896,442526.42432308,1288.0,0.0,1296.0,BID
19,1712365334.6155834,442914.62308084,1288.0,3.3300130241202275e-08,1296.0,BID
20,1712365350.785672,442914.62308084,1288.0,0.0,1296.0,BID
21,1712365368.5657363,444135.37358629,1288.0,1.0471287332781889e-07,1296.0,BID
22,1712365368.567287,444467.41811189,1288.0,2.8481934836905413e-08,1296.0,BID
23,1712365377.9857776,444700.33736654,1288.0,1.9979221224066573e-08,1296.0,BID
24,1712365380.5656202,444700.33736654,1288.0,0.0,1296.0,BID
25,1712365382.085766,444717.22067976,1288.0,1.4479220067479015e-09,1296.0,BID
26,1712365409.765538,444735.4358928,1288.0,-1.562146450436784e-09,1296.0,ASK
27,1712365410.5383475,444735.4358928,1288.0,-0.0,1296.0,ASK
28,1712365440.7956507,444735.4358928,1288.0,-0.0,1296.0,ASK
29,1712365450.0458446,444771.78079249,1289.0,3.1169460274456286e-09,1296.0,BID
30,1712365470.7675672,444771.78079249,1289.0,0.0,1296.0,BID
31,1712365472.9371772,444910.61123843,1288.0,-1.190607958951345e-08,1296.0,ASK
32,1712365478.7660556,445253.38211578,1288.0,-2.9395982409071592e-08,1296.0,ASK
33,1712365485.915861,445965.8511918,1288.0,-6.110124812121662e-08,1296.0,ASK
34,1712365485.9172354,446260.64738403,1288.0,-2.5281680135871432e-08,1296.0,ASK
35,1712365492.4557736,446560.64738403,1288.0,2.5727957961015908e-08,1296.0,BID
36,1712365500.505627,446560.64738403,1288.0,0.0,1296.0,BID
37,1712365502.475603,446583.93930949,1288.0,2.000673280583154e-09,1296.0,BID
38,1712365530.7956576,446583.93930949,1288.0,0.0,1296.0,BID
39,1712365543.6459615,446677.71879485,1287.0,-8.055221861024677e-09,1296.0,ASK
40,1712365550.976114,446730.06665771,1289.0,4.496438082050562e-09,1296.0,BID
41,1712365550.977623,447007.11188988,1288.0,2.3796897606132355e-08,1296.0,BID
42,1712365550.9791164,447065.83132024,1289.0,5.04372611224125e-09,1296.0,BID
43,1712365553.765753,447220.27147468,1287.0,-1.3265691355515666e-08,1296.0,ASK
44,1712365560.516386,447220.27147468,1287.0,-0.0,1296.0,ASK
45,1712365572.389445,447223.92361182,1289.0,3.136795242866985e-10,1296.0,BID
46,1712365572.3901443,447235.78737848,1289.0,1.0189706847053067e-09,1296.0,BID
47,1712365575.984119,447437.67446464,1287.0,-1.7339941716020303e-08,1296.0,ASK
48,1712365575.9864836,449021.8644986,1287.0,-1.3606498255268665e-07,1296.0,ASK
49,1712365575.9871771,452035.37592013,1287.0,-2.588284045493131e-07,1296.0,ASK
50,1712365590.555858,452035.37592013,1287.0,-0.0,1296.0,ASK
51,1712365606.6787386,452348.73389876,1287.0,-2.6899781573221324e-08,1296.0,ASK
52,1712365606.6802635,452673.52896556,1287.0,-2.7881582563106977e-08,1296.0,ASK
53,1712365606.7561865,452825.15152162,1287.0,1.3015828278630236e-08,1296.0,BID
54,1712365610.5157566,453400.40727962,1287.0,-4.938203363000945e-08,1296.0,ASK
55,1712365620.775643,453400.40727962,1287.0,-0.0,1296.0,ASK
56,1712365634.8258054,454893.52896556,1287.0,-1.2815563556416026e-07,1296.0,ASK
57,1712365634.8276627,455263.11870914,1287.0,-3.1722135531550375e-08,1296.0,ASK
58,1712365634.8295283,455352.0974563,1287.0,-7.637105536253352e-09,1296.0,ASK
59,1712365634.9460175,456863.2290531,1287.0,1.2970143829038738e-07,1296.0,BID
60,1712365642.665761,457445.07614657,1287.0,-4.9940326208483734e-08,1296.0,ASK
61,1712365650.8058925,457445.07614657,1287.0,-0.0,1296.0,ASK
62,1712365662.4861295,457545.07614657,1286.0,-8.579233937106247e-09,1296.0,ASK
63,1712365662.4877536,457621.04445642,1286.0,-6.5174990200993325e-09,1296.0,ASK
64,1712365664.815974,458009.24321418,1288.0,3.330447956917027e-08,1296.0,BID
65,1712365673.2460136,458360.47719989,1288.0,3.01331853006846e-08,1296.0,BID
66,1712365673.2480133,458568.83948747,1288.0,1.7875888088192337e-08,1296.0,BID
67,1712365673.2499387,458785.64072971,1288.0,1.8599885750322528e-08,1296.0,BID
68,1712365680.495993,458785.64072971,1288.0,0.0,1296.0,BID
69,1712365695.7757597,458839.98855579,1288.0,4.661936692754495e-09,1296.0,BID
70,1712365703.9858198,460874.9663833,1288.0,1.745596555977782e-07,1296.0,BID
71,1712365704.000192,462720.74072628,1288.0,1.5832984972423e-07,1296.0,BID
72,1712365710.5757165,462720.74072628,1288.0,0.0,1296.0,BID
73,1712365711.5934155,463508.92435619,1288.0,6.75807223931933e-08,1296.0,BID
74,1712365712.6059868,463710.88712792,1288.0,1.731676412970134e-08,1296.0,BID
75,1712365714.816112,463847.99947612,1287.0,-1.1756335946029414e-08,1296.0,ASK
76,1712365714.8557506,463986.33095094,1287.0,-1.1860866736246929e-08,1296.0,ASK
77,1712365714.876076,464123.01656587,1287.0,-1.171974682953271e-08,1296.0,ASK
78,1712365714.978615,464537.44905034,1288.0,3.5534418149339016e-08,1296.0,BID
79,1712365740.780131,464537.44905034,1288.0,0.0,1296.0,BID
80,1712365752.985865,464925.6478081,1288.0,3.327840110203372e-08,1296.0,BID
81,1712365769.616271,464930.58802549,1288.0,4.2350093231839664e-10,1296.0,BID
82,1712365770.7759123,464930.58802549,1288.0,0.0,1296.0,BID
83,1712365772.5729616,465310.99863419,1287.0,-3.260934526002407e-08,1296.0,ASK
84,1712365773.0060258,465315.93885158,1288.0,4.234825497667784e-10,1296.0,BID
85,1712365774.1762774,468820.53212758,1287.0,-3.004187830712292e-07,1296.0,ASK
86,1712365800.6473851,468820.53212758,1287.0,-0.0,1296.0,ASK
87,1712365815.656185,468820.53212788,1287.0,-2.5816009431398338e-17,1296.0,ASK
88,1712365815.6580818,468830.53212788,1287.0,-8.60527095235416e-10,1296.0,ASK
89,1712365816.2659197,472758.81368265,1287.0,3.3803927155930573e-07,1296.0,BID
90,1712365816.3559349,473896.83368265,1287.0,-9.792970449198249e-08,1296.0,ASK
91,1712365816.3573077,474770.11408715,1287.0,-7.514814498104143e-08,1296.0,ASK
92,1712365816.375996,475032.22267669,1287.0,-2.255515431931108e-08,1296.0,ASK
93,1712365816.4213085,475264.12114045,1287.0,-1.9955491140893e-08,1296.0,ASK
94,1712365816.4425163,475791.06624159,1287.0,-4.5345053723254455e-08,1296.0,ASK
95,1712365816.462692,476216.59167078,1287.0,-3.6617616152964185e-08,1296.0,ASK
96,1712365816.5234227,476772.32477282,1287.0,-4.782233920246624e-08,1296.0,ASK
97,1712365816.5558083,477132.27865969,1287.0,-3.0975007268694207e-08,1296.0,ASK
98,1712365816.5658891,477541.18406237,1287.0,-3.518741783942765e-08,1296.0,ASK
99,1712365816.6390889,478495.33093028,1287.0,-8.210692326705565e-08,1296.0,ASK
100,1712365816.66897,478783.67500487,1287.0,-2.4812788893529008e-08,1296.0,ASK
101,1712365816.7628195,479071.97822675,1287.0,-2.4809273407140185e-08,1296.0,ASK
102,1712365816.7960997,479919.04798677,1287.0,-7.289264800517783e-08,1296.0,ASK
103,1712365816.866012,480548.97548661,1287.0,-5.420696816462545e-08,1296.0,ASK
104,1712365817.3659134,481490.84841297,1287.0,-8.10507173401449e-08,1296.0,ASK
105,1712365817.8325837,482184.12823173,1287.0,-5.965860686228775e-08,1296.0,ASK
106,1712365817.8340976,485210.82823173,1287.0,-2.604557359148995e-07,1296.0,ASK
107,1712365818.165865,486273.29990127,1287.0,-9.14285659559216e-08,1296.0,ASK
108,1712365818.3063698,486788.74372185,1287.0,-4.435533736807242e-08,1296.0,ASK
109,1712365818.7860956,487426.42185152,1287.0,-5.4873930862010895e-08,1296.0,ASK
110,1712365818.8258932,487910.11590065,1287.0,-4.162318350804622e-08,1296.0,ASK
111,1712365819.2362998,488069.8075765,1287.0,-1.3741901395248964e-08,1296.0,ASK
112,1712365819.3564065,490033.1273765,1287.0,-1.689489884512177e-07,1296.0,ASK
113,1712365821.4425352,490033.12741143,1287.0,-3.005821992183959e-15,1296.0,ASK
114,1712365821.44902,490809.3514765,1287.0,-6.679618399664988e-08,1296.0,ASK
115,1712365826.096196,490809.35157596,1287.0,-8.558803545891473e-15,1296.0,ASK
116,1712365826.098401,491309.3190765,1286.0,-4.3023558095181536e-08,1296.0,ASK
117,1712365830.5359972,491309.3190765,1286.0,-0.0,1296.0,ASK
118,1712365833.9460893,491733.38326611,1286.0,-3.640121216138128e-08,1296.0,ASK
119,1712365833.9478235,491873.38883765,1286.0,-1.2017927092810841e-08,1296.0,ASK
120,1712365833.966247,491892.90426144,1286.0,-1.675182906746615e-09,1296.0,ASK
121,1712365833.9682171,492197.39020941,1286.0,-2.613674501119779e-08,1296.0,ASK
122,1712365843.546765,492248.53468089,1286.0,-4.39018620963279e-09,1296.0,ASK
123,1712365843.548702,492295.28271863,1286.0,-4.012801084353276e-09,1296.0,ASK
124,1712365860.795896,492295.28271863,1286.0,-0.0,1296.0,ASK
125,1712365867.8460715,492373.04321629,1286.0,-6.674150748287906e-09,1296.0,ASK
126,1712365867.8477328,493848.11312012,1286.0,-1.2660462829682736e-07,1296.0,ASK
127,1712365868.4472506,494003.51327552,1287.0,1.333792985715445e-08,1296.0,BID
128,1712365886.0962448,494200.79814832,1287.0,1.6932877502671038e-08,1296.0,BID
129,1712365886.0982018,494392.01366402,1287.0,1.6411947140217587e-08,1296.0,BID
130,1712365888.8259523,494402.01366402,1287.0,8.58295786308834e-10,1296.0,BID
131,1712365890.7914212,494402.01366402,1287.0,0.0,1296.0,BID
132,1712365894.0061426,496622.01366402,1287.0,1.9049735833414562e-07,1296.0,BID
133,1712365894.093176,497277.01366402,1287.0,5.62053016706601e-08,1296.0,BID
134,1712365900.936627,500769.23477602,1287.0,2.996661696192488e-07,1296.0,BID
135,1712365901.4361188,503182.18975554,1286.0,-2.0705475197197409e-07,1296.0,ASK
136,1712365901.4387317,504707.5163311,1286.0,-1.30887695153628e-07,1296.0,ASK
137,1712365909.636099,506927.5163311,1287.0,1.9049735833414562e-07,1296.0,BID
138,1712365910.6211298,509147.5163311,1287.0,1.9049735833414562e-07,1296.0,BID
139,1712365912.2460847,509305.06201477,1286.0,-1.3518935385620272e-08,1296.0,ASK
140,1712365912.669211,514836.01501477,1287.0,4.746089799866277e-07,1296.0,BID
141,1712365912.7659938,519786.05992677,1287.0,4.247614771943155e-07,1296.0,BID
142,1712365912.826331,520441.05992677,1287.0,5.62053016706601e-08,1296.0,BID
143,1712365913.1262724,522550.12914377,1287.0,1.809784299019696e-07,1296.0,BID
144,1712365913.5292006,523985.12914377,1287.0,1.2313680595022473e-07,1296.0,BID
145,1712365913.7258892,527485.12914377,1287.0,3.003336730493236e-07,1296.0,BID
146,1712365913.746014,527866.54185412,1287.0,3.2728880070604924e-08,1296.0,BID
147,1712365913.7559414,530258.7104362,1287.0,2.0527107908837294e-07,1296.0,BID
148,1712365913.8959434,530399.33991227,1288.0,1.2067362024882074e-08,1296.0,BID
149,1712365916.7259388,530538.21354127,1288.0,1.191669345350604e-08,1296.0,BID
150,1712365918.4061692,530538.21354179,1288.0,4.462334053029941e-17,1296.0,BID
151,1712365920.233134,530616.21354178,1289.0,6.693150427097364e-09,1296.0,BID
152,1712365920.5184784,530616.21354178,1289.0,0.0,1296.0,BID
153,1712365928.9959233,530810.90263743,1288.0,-1.663965429574105e-08,1296.0,ASK
154,1712365932.906161,530888.48215643,1289.0,6.630553048081419e-09,1296.0,BID
155,1712365950.543506,530888.48215643,1289.0,0.0,1296.0,BID
156,1712365955.0161,533214.06355177,1289.0,1.9875643410034465e-07,1296.0,BID
157,1712365970.7360404,533347.52631089,1288.0,-1.1406430297827004e-08,1296.0,ASK
158,1712365975.8560145,533449.03736324,1288.0,-8.675669158386482e-09,1296.0,ASK
159,1712365976.5159178,533552.07439046,1288.0,-8.806087007569448e-09,1296.0,ASK
160,1712365976.5758626,533656.18747575,1288.0,-8.898052597462466e-09,1296.0,ASK
161,1712365976.817827,533671.40452594,1288.0,-1.300529252316984e-09,1296.0,ASK
162,1712365976.8262155,533780.61087121,1288.0,-9.333349419847005e-09,1296.0,ASK
163,1712365976.828164,533904.59031164,1288.0,-1.0595935937133367e-08,1296.0,ASK
164,1712365980.8059886,533904.59031164,1288.0,-0.0,1296.0,ASK
165,1712365985.9762022,533906.59031164,1289.0,1.708737674004032e-10,1296.0,BID
166,1712365997.5307407,534007.52198865,1289.0,8.623287950371967e-09,1296.0,BID
167,1712366001.1161842,534121.92474945,1288.0,-9.774215369449376e-09,1296.0,ASK
168,1712366001.1172776,534365.25838865,1288.0,-2.0789667832683907e-08,1296.0,ASK
169,1712366002.666105,534388.53224435,1289.0,1.988445702689745e-09,1296.0,BID
170,1712366008.0460649,536521.96901704,1289.0,1.822741894300522e-07,1296.0,BID
171,1712366010.8268828,536521.96901704,1289.0,0.0,1296.0,BID
172,1712366011.1361525,536820.04513804,1288.0,-2.545935707708017e-08,1296.0,ASK
173,1712366014.4058244,536822.04513804,1289.0,1.7082453295264764e-10,1296.0,BID
174,1712366028.7464206,536822.04513822,1288.0,-1.5372336373244952e-17,1296.0,ASK
175,1712366028.748939,537210.24389504,1288.0,-3.31569356632923e-08,1296.0,ASK
176,1712366040.483343,537210.24389504,1288.0,-0.0,1296.0,ASK
177,1712366042.2864585,537210.24389598,1288.0,-8.027609751494218e-17,1296.0,ASK
178,1712366042.287765,537257.62005204,1288.0,-4.046198496054495e-09,1296.0,ASK
179,1712366049.5796728,537257.62005262,1288.0,-4.953375251665122e-17,1296.0,ASK
180,1712366052.0759785,537261.57967994,1288.0,3.3817513787016784e-10,1296.0,BID
181,1712366068.4662266,537271.57967994,1287.0,-8.54057997218686e-10,1296.0,ASK
182,1712366068.4687662,538636.99786194,1287.0,-1.166146317884845e-07,1296.0,ASK
183,1712366068.5475898,538988.86079794,1287.0,-3.00511354415738e-08,1296.0,ASK
184,1712366068.5661333,539340.72373394,1287.0,-3.0051135441563856e-08,1296.0,ASK
185,1712366070.5661497,539340.72373394,1287.0,-0.0,1296.0,ASK
186,1712366070.9563549,540092.42070294,1287.0,-6.418425006051179e-08,1296.0,ASK
187,1712366070.958751,540354.27897994,1287.0,-2.235897951503621e-08,1296.0,ASK
188,1712366070.9759078,540354.27898063,1287.0,-5.891565935371225e-17,1296.0,ASK
189,1712366072.306246,540674.9224831,1288.0,2.7378403254961385e-08,1296.0,BID
190,1712366072.3088088,540742.47773839,1288.0,5.768259787190645e-09,1296.0,BID
191,1712366086.5562024,540842.47773839,1288.0,8.538580399745931e-09,1296.0,BID
192,1712366100.5790908,540842.47773839,1288.0,0.0,1296.0,BID
193,1712366121.3706348,541477.97528827,1288.0,5.452455240266018e-08,1296.0,BID
194,1712366121.371832,541842.47773839,1288.0,3.12736578547209e-08,1296.0,BID
195,1712366130.515916,541842.47773839,1288.0,0.0,1296.0,BID
196,1712366131.8163435,541942.47773839,1287.0,-8.578872990828262e-09,1296.0,ASK
197,1712366132.7497935,542050.34487125,1287.0,9.253784326907638e-09,1296.0,BID
198,1712366137.4866562,543656.35264125,1287.0,1.377773668111355e-07,1296.0,BID
199,1712366152.3062837,544302.97742757,1287.0,5.5473119145609687e-08,1296.0,BID
200,1712366156.4159822,544691.47781607,1287.0,3.3328954898283495e-08,1296.0,BID
201,1712366160.776117,544691.47781607,1287.0,0.0,1296.0,BID
202,1712366172.6159365,544696.42187201,1287.0,4.2401090351138836e-10,1296.0,BID
203,1712366184.6262636,544701.36592795,1287.0,4.2401090351138836e-10,1296.0,BID
204,1712366190.788418,544701.36592795,1287.0,0.0,1296.0,BID
205,1712366196.70611,545356.36592795,1287.0,5.617388679594496e-08,1296.0,BID
206,1712366196.7469862,553830.36592795,1287.0,7.267443003188358e-07,1296.0,BID
207,1712366196.7743678,555265.36592795,1287.0,1.2306798099569618e-07,1296.0,BID
208,1712366196.879142,556632.66826995,1287.0,1.1726211751959649e-07,1296.0,BID
209,1712366196.8831563,558742.78479795,1287.0,1.809670946108756e-07,1296.0,BID
210,1712366196.8845196,560274.99881191,1287.0,1.3140521613336618e-07,1296.0,BID
211,1712366196.8981316,560565.90725807,1287.0,2.4948791026826195e-08,1296.0,BID
212,1712366202.0759912,561597.2725531,1288.0,8.845159897448087e-08,1296.0,BID
213,1712366202.7019062,561650.90871549,1288.0,4.599926281320371e-09,1296.0,BID
214,1712366202.7051191,561830.43063188,1288.0,1.5396097417830655e-08,1296.0,BID
215,1712366203.900808,562021.79567742,1289.0,1.6411783824224066e-08,1296.0,BID
216,1712366215.926063,565900.77162776,1289.0,3.326674136161748e-07,1296.0,BID
217,1712366216.3660223,566755.77162776,1289.0,7.332621864203501e-08,1296.0,BID
218,1712366220.5159817,566755.77162776,1289.0,0.0,1296.0,BID
219,1712366222.796081,567755.77162776,1289.0,8.555331859801958e-08,1296.0,BID
220,1712366224.7714386,571634.7475781,1289.0,3.318592653134874e-07,1296.0,BID
221,1712366236.2312474,571931.13966732,1289.0,2.535732683897102e-08,1296.0,BID
222,1712366236.2325227,572026.4928441,1289.0,8.157780712396475e-09,1296.0,BID
223,1712366245.6288238,572026.49284491,1289.0,6.929971170670121e-17,1296.0,BID
224,1712366245.6309416,572103.95217794,1290.0,6.6269029971092255e-09,1296.0,BID
225,1712366250.5402915,572103.95217794,1290.0,0.0,1296.0,BID
226,1712366258.1363318,572181.43281746,1290.0,6.624818556488415e-09,1296.0,BID
227,1712366259.2961009,573581.43281746,1288.0,-1.19704045249801e-07,1296.0,ASK
228,1712366259.2977538,573982.99311214,1288.0,-3.433456548920851e-08,1296.0,ASK
229,1712366259.2990346,574314.86959015,1288.0,-2.8376397815036042e-08,1296.0,ASK
230,1712366280.8161182,574314.86959015,1288.0,-0.0,1296.0,ASK
231,1712366286.3261025,574683.89332948,1289.0,3.1544914915722344e-08,1296.0,BID
232,1712366290.4161906,574702.76718519,1289.0,1.613376346967429e-09,1296.0,BID
233,1712366296.0159156,574706.64315418,1290.0,3.313258714155954e-10,1296.0,BID
234,1712366296.6466172,575203.51214418,1290.0,4.247339220579002e-08,1296.0,BID
235,1712366310.7961423,575203.51214418,1290.0,0.0,1296.0,BID
236,1712366323.0061674,575502.15648526,1290.0,2.5526237397072773e-08,1296.0,BID
237,1712366327.1866567,575770.9214465,1290.0,2.2972336190324253e-08,1296.0,BID
238,1712366337.7062054,576080.83769552,1290.0,2.6489689096692882e-08,1296.0,BID
239,1712366340.5281878,576080.83769552,1290.0,0.0,1296.0,BID
240,1712366353.049366,576099.39918043,1291.0,1.586365372023219e-09,1296.0,BID
241,1712366354.836089,576117.97503182,1291.0,1.58759320948286e-09,1296.0,BID
242,1712366356.406315,576136.55088321,1291.0,1.58759320948286e-09,1296.0,BID
243,1712366358.0860236,576155.1267346,1291.0,1.58759320948286e-09,1296.0,BID
244,1712366360.256102,576173.70258599,1291.0,1.5875932094729103e-09,1296.0,BID
245,1712366361.944743,576190.14332785,1291.0,1.405115145889678e-09,1296.0,BID
246,1712366361.9475036,576192.27843738,1291.0,1.8247806359318104e-10,1296.0,BID
247,1712366363.7061276,576210.85428877,1291.0,1.58759320948286e-09,1296.0,BID
248,1712366364.7860825,576253.29702937,1291.0,3.627387264981884e-09,1296.0,BID
249,1712366364.8564858,576628.47502937,1291.0,-3.2064750769239174e-08,1296.0,ASK
250,1712366365.4563072,576638.73496445,1292.0,8.76869809123517e-10,1296.0,BID
251,1712366365.459515,576647.05088076,1292.0,7.107234003493932e-10,1296.0,BID
252,1712366366.4159842,576654.79081884,1292.0,6.614971706949665e-10,1296.0,BID
253,1712366367.316224,576673.35230375,1292.0,1.586365372023219e-09,1296.0,BID
254,1712366369.2060266,576691.91378866,1292.0,1.586365372023219e-09,1296.0,BID
255,1712366370.556141,576691.91378866,1292.0,0.0,1296.0,BID
256,1712366373.6461112,576892.2036927,1291.0,-1.7116709503161983e-08,1296.0,ASK
257,1712366373.6490672,576892.20378866,1291.0,-8.200708896470475e-15,1296.0,ASK
258,1712366374.5714333,578266.4095346,1291.0,-1.1743917230160053e-07,1296.0,ASK
259,1712366375.136119,578388.9967346,1291.0,-1.0476261902784566e-08,1296.0,ASK
260,1712366376.636103,578543.9990031,1291.0,-1.3246443024476333e-08,1296.0,ASK
261,1712366376.6396852,578543.9990346,1291.0,-2.691980268271689e-15,1296.0,ASK
262,1712366382.5359907,578543.99904807,1291.0,-1.1511475624888197e-15,1296.0,ASK
263,1712366382.5460317,579318.5923346,1291.0,-6.619648819634073e-08,1296.0,ASK
264,1712366382.563136,579318.59238656,1291.0,-4.440484542925859e-15,1296.0,ASK
265,1712366382.566223,579452.28139494,1290.0,-1.1425018805478989e-08,1296.0,ASK
266,1712366390.5160437,579457.76825738,1292.0,4.689054644047677e-10,1296.0,BID
267,1712366392.4225774,579463.25511982,1292.0,4.689054644047677e-10,1296.0,BID
268,1712366394.354802,579468.74622577,1292.0,4.69268113374087e-10,1296.0,BID
269,1712366398.5260234,580171.15236001,1292.0,6.002739783938658e-08,1296.0,BID
270,1712366398.5279243,580290.24878718,1292.0,1.0177941601726192e-08,1296.0,BID
271,1712366400.6060257,580290.24878718,1292.0,0.0,1296.0,BID
272,1712366430.547485,580290.24878718,1292.0,0.0,1296.0,BID
273,1712366446.9356844,580308.00940494,1293.0,1.5369232218291387e-09,1296.0,BID
274,1712366448.7655308,580325.78374806,1293.0,1.5381109521794223e-09,1296.0,BID
275,1712366450.5455806,580343.55809118,1293.0,1.5381109521794223e-09,1296.0,BID
276,1712366452.5348103,580361.3324343,1293.0,1.538110952169348e-09,1296.0,BID
277,1712366460.797497,580361.3324343,1293.0,0.0,1296.0,BID
278,1712366465.0894563,580386.23568259,1293.0,2.1549968980643473e-09,1296.0,BID
279,1712366486.255767,580772.74003288,1293.0,3.3446065600022574e-08,1296.0,BID
280,1712366490.7754552,580772.74003288,1293.0,0.0,1296.0,BID
281,1712366513.9457092,580792.74003288,1290.0,-1.7306157641277215e-09,1296.0,ASK
282,1712366513.9482918,581106.09801151,1290.0,-2.711511288161345e-08,1296.0,ASK
283,1712366513.9507294,585467.56147841,1290.0,-3.774008715242188e-07,1296.0,ASK
284,1712366520.5897326,585467.56147841,1290.0,-0.0,1296.0,ASK
285,1712366521.7956502,585471.85823266,1292.0,3.7160678842485687e-10,1296.0,BID
286,1712366523.6857004,585476.15830999,1292.0,3.718941865447847e-10,1296.0,BID
287,1712366525.5956466,585480.45838732,1292.0,3.7189418655485287e-10,1296.0,BID
288,1712366528.125882,585484.75514157,1292.0,3.7160678842485687e-10,1296.0,BID
289,1712366546.0201466,585546.73964118,1291.0,-5.360758258970274e-09,1296.0,ASK
290,1712366550.5154536,585546.73964118,1291.0,-0.0,1296.0,ASK
291,1712366558.3514545,585872.35204079,1291.0,2.816049073034832e-08,1296.0,BID
292,1712366558.3594258,585934.03631042,1291.0,5.334745560072465e-09,1296.0,BID
293,1712366562.7467327,586247.26540273,1289.0,-2.708952411221098e-08,1296.0,ASK
294,1712366562.7484548,587712.54606197,1289.0,-1.267243583822649e-07,1296.0,ASK
295,1712366563.6260414,587716.84281622,1291.0,3.716035027370317e-10,1296.0,BID
296,1712366565.435711,587721.14622179,1291.0,3.721787401449704e-10,1296.0,BID
297,1712366567.195586,587725.44962736,1291.0,3.721787401449704e-10,1296.0,BID
298,1712366580.7755692,587725.44962736,1291.0,0.0,1296.0,BID
299,1712366598.2455587,587730.94073331,1291.0,4.74781303607246e-10,1296.0,BID
300,1712366600.1055088,587736.43608934,1291.0,4.75148781231033e-10,1296.0,BID
301,1712366602.07553,587741.93144537,1291.0,4.751487812209674e-10,1296.0,BID
302,1712366610.7909389,587741.93144537,1291.0,0.0,1296.0,BID
303,1712366628.9655423,587896.77269244,1291.0,1.3388121546654482e-08,1296.0,BID
304,1712366640.5401945,587896.77269244,1291.0,0.0,1296.0,BID
305,1712366670.5256555,587896.77269244,1291.0,0.0,1296.0,BID
306,1712366677.6154635,587906.77269244,1291.0,8.64620403337349e-10,1296.0,BID
307,1712366683.8955052,587929.77269244,1289.0,-1.988626927675904e-09,1296.0,ASK
308,1712366687.5558,587935.25955488,1292.0,4.74405321593926e-10,1296.0,BID
309,1712366689.3404768,587940.75066083,1292.0,4.747722241232757e-10,1296.0,BID
310,1712366691.1455371,587946.24176678,1292.0,4.747722241333414e-10,1296.0,BID
311,1712366692.0855596,588297.47575249,1292.0,3.036840703903285e-08,1296.0,BID
312,1712366692.0956578,589687.22824403,1292.0,1.201608359774438e-07,1296.0,BID
313,1712366692.125582,591905.39067529,1292.0,-1.9178684959837682e-07,1296.0,ASK
314,1712366692.165525,592570.83940466,1291.0,-5.7536054878823553e-08,1296.0,ASK
315,1712366694.1155188,592576.3262671,1292.0,4.74405321593926e-10,1296.0,BID
316,1712366695.8857255,592581.81737305,1292.0,4.747722241232757e-10,1296.0,BID
317,1712366700.8053484,592581.81737305,1292.0,0.0,1296.0,BID
318,1712366704.7822304,592585.91636763,1291.0,3.5549177746669304e-10,1296.0,BID
319,1712366706.7855349,592590.01536221,1291.0,3.5549177746669304e-10,1296.0,BID
320,1712366708.895635,592594.11435679,1291.0,3.5549177746669304e-10,1296.0,BID
321,1712366713.915764,592598.21335137,1292.0,3.5549177746669304e-10,1296.0,BID
322,1712366714.3156605,592700.31526899,1289.0,-8.854950029642852e-09,1296.0,ASK
323,1712366714.3182127,593055.19722464,1289.0,-3.0777697980141216e-08,1296.0,ASK
324,1712366716.8854802,593105.19722464,1292.0,4.336328952505395e-09,1296.0,BID
325,1712366717.445684,593109.29305153,1292.0,3.5521705454857027e-10,1296.0,BID
326,1712366730.8056347,593109.29305153,1292.0,0.0,1296.0,BID
327,1712366732.9054666,593159.29305153,1292.0,4.33607319323568e-09,1296.0,BID
328,1712366753.3555346,593209.29305153,1291.0,-4.33607319323568e-09,1296.0,ASK
329,1712366757.0667052,593213.38887842,1292.0,3.551961036346851e-10,1296.0,BID
330,1712366758.8759308,593217.487873,1292.0,3.5547081034948624e-10,1296.0,BID
331,1712366760.5264125,593217.487873,1292.0,0.0,1296.0,BID
332,1712366766.526599,593294.8098931,1292.0,6.705397514313943e-09,1296.0,BID
333,1712366779.336074,594224.3218993,1291.0,-8.060766503294474e-08,1296.0,ASK
334,1712366782.706083,594228.42089388,1292.0,3.554665027144432e-10,1296.0,BID
335,1712366784.5159984,594232.51988846,1292.0,3.554665027245388e-10,1296.0,BID
336,1712366790.5259392,594232.51988846,1292.0,0.0,1296.0,BID
337,1712366790.945992,594236.39160407,1292.0,3.3571862336111536e-10,1296.0,BID
338,1712366798.4961343,594240.48743096,1292.0,3.5515143765824136e-10,1296.0,BID
339,1712366820.8060858,594240.48743096,1292.0,0.0,1296.0,BID
340,1712366824.2972813,594244.36814358,1291.0,-3.3649845877005123e-10,1296.0,ASK
341,1712366824.2994895,594273.85613738,1291.0,-2.556918132720003e-09,1296.0,ASK
342,1712366827.9059434,594602.02033045,1291.0,2.8455275101529e-08,1296.0,BID
343,1712366835.1759398,594723.56979114,1292.0,1.0539612228926052e-08,1296.0,BID
344,1712366835.886274,594741.34413426,1292.0,1.541221845366804e-09,1296.0,BID
345,1712366837.976123,594759.11847738,1292.0,1.541221845376899e-09,1296.0,BID
346,1712366850.7967093,594759.11847738,1292.0,0.0,1296.0,BID
347,1712366854.2360988,594776.8928205,1292.0,1.5411323504901163e-09,1296.0,BID
348,1712366873.3062477,594802.43461616,1292.0,2.2146127885397908e-09,1296.0,BID
349,1712366880.5267427,594802.43461616,1292.0,0.0,1296.0,BID
350,1712366896.2161367,595153.23028179,1292.0,3.041574711086903e-08,1296.0,BID
351,1712366905.0260353,595351.28605266,1292.0,1.7172430650788004e-08,1296.0,BID
352,1712366907.116015,597451.28605266,1292.0,1.8208055341308176e-07,1296.0,BID
353,1712366909.6461945,597551.28605266,1291.0,-8.670502543480083e-09,1296.0,ASK
354,1712366909.6491406,598055.28605266,1291.0,-4.369933281913962e-08,1296.0,ASK
355,1712366909.6562011,600876.47309721,1291.0,-2.446110944540455e-07,1296.0,ASK
356,1712366910.5499835,600876.47309721,1291.0,-0.0,1296.0,ASK
357,1712366914.0459876,601139.7298749,1291.0,2.2810171623527944e-08,1296.0,BID
358,1712366922.2003908,601144.44758565,1291.0,4.0877121122333487e-10,1296.0,BID
359,1712366924.0304437,601149.16894787,1291.0,4.0908759683313824e-10,1296.0,BID
360,1712366925.9159894,601153.89031009,1291.0,4.0908759683313824e-10,1296.0,BID
361,1712366927.6761155,601158.61167231,1291.0,4.0908759683313824e-10,1296.0,BID
362,1712366929.1460714,601258.61167231,1290.0,-8.664609444698191e-09,1296.0,ASK
363,1712366929.14983,602604.75100531,1290.0,-1.1663771578591012e-07,1296.0,ASK
364,1712366929.2462614,602604.75100574,1290.0,-3.726113039152128e-17,1296.0,ASK
365,1712366929.445938,602609.47236796,1291.0,4.0908759683313824e-10,1296.0,BID
366,1712366931.2959793,602614.19373018,1291.0,4.0908759683313824e-10,1296.0,BID
367,1712366932.1963005,602838.72387996,1291.0,1.9454660564031228e-08,1296.0,BID
368,1712366933.2612312,602843.44524218,1291.0,4.0908759683313824e-10,1296.0,BID
369,1712366940.5459602,602843.44524218,1291.0,0.0,1296.0,BID
370,1712366947.4160483,602943.44524218,1289.0,-8.662704512388618e-09,1296.0,ASK
371,1712366963.1558635,602947.54423676,1291.0,3.5508378844258595e-10,1296.0,BID
372,1712366965.066053,602951.64640394,1291.0,3.5535862141112355e-10,1296.0,BID
373,1712366968.916072,602955.74539852,1291.0,3.5508378844258595e-10,1296.0,BID
374,1712366970.8110628,602955.74539852,1291.0,0.0,1296.0,BID
375,1712366972.4837897,602978.98319867,1291.0,2.012996715525832e-09,1296.0,BID
376,1712366988.7163773,602986.72913205,1290.0,6.709989048861858e-10,1296.0,BID
377,1712367000.6179495,602986.72913205,1290.0,0.0,1296.0,BID
378,1712367020.0481467,603064.24851189,1290.0,6.7420534358611934e-09,1296.0,BID
379,1712367027.208907,603744.24851189,1290.0,5.914129274315974e-08,1296.0,BID
380,1712367027.210713,605639.88052171,1290.0,1.6486783474422604e-07,1296.0,BID
381,1712367027.2124531,605953.23850034,1290.0,2.7253523452296162e-08,1296.0,BID
382,1712367027.4259374,606177.05224954,1290.0,-1.946563891379312e-08,1296.0,ASK
383,1712367028.5459883,608287.16877754,1290.0,-1.835220872126866e-07,1296.0,ASK
384,1712367028.628508,608287.1687784,1290.0,-7.480298531667387e-17,1296.0,ASK
385,1712367028.635854,610812.3124644,1290.0,-2.1961803228273826e-07,1296.0,ASK
386,1712367030.5956454,610812.3124644,1290.0,-0.0,1296.0,ASK
387,1712367051.4663105,610816.41145898,1291.0,3.561870346006517e-10,1296.0,BID
388,1712367053.4126852,610820.51362616,1291.0,3.5646272147586304e-10,1296.0,BID
389,1712367060.7962058,610820.51362616,1291.0,0.0,1296.0,BID
390,1712367070.1460054,611424.19817302,1291.0,5.245784217461056e-08,1296.0,BID
391,1712367074.5361383,611431.77450791,1291.0,6.583540724831673e-10,1296.0,BID
392,1712367074.539554,611605.27338603,1291.0,1.507637857094224e-08,1296.0,BID
393,1712367076.1465049,611844.2780736,1291.0,2.0768578961898725e-08,1296.0,BID
394,1712367076.1507523,612290.77919548,1291.0,3.879921310591141e-08,1296.0,BID
395,1712367090.805796,612290.77919548,1291.0,0.0,1296.0,BID
396,1712367106.931429,612298.52512886,1291.0,6.7298052198933e-10,1296.0,BID
397,1712367120.537741,612298.52512886,1291.0,0.0,1296.0,BID
398,1712367132.426986,612376.0445087,1290.0,6.7350162755741455e-09,1296.0,BID
399,1712367145.745766,612398.52512886,1290.0,1.953154720472589e-09,1296.0,BID
400,1712367145.74781,612399.24636484,1291.0,6.266221522137496e-11,1296.0,BID
401,1712367150.5457757,612399.24636484,1291.0,0.0,1296.0,BID
402,1712367157.3759546,612633.67627171,1291.0,2.0367441254077983e-08,1296.0,BID
403,1712367157.379996,612746.21426884,1291.0,9.777383252851514e-09,1296.0,BID
404,1712367157.3959148,612746.21426919,1291.0,3.0403429637826104e-17,1296.0,BID
405,1712367160.2524834,612750.51102344,1292.0,3.733051424195627e-10,1296.0,BID
406,1712367162.1756918,612754.81110077,1292.0,3.735938540246011e-10,1296.0,BID
407,1712367163.9560876,612759.1111781,1292.0,3.735938540246011e-10,1296.0,BID
408,1712367166.2258475,612763.41125543,1292.0,3.735938540246011e-10,1296.0,BID
409,1712367180.7857916,612763.41125543,1292.0,0.0,1296.0,BID
410,1712367187.9961114,615827.02211401,1292.0,2.6615787352631e-07,1296.0,BID
411,1712367188.0002303,619577.88404999,1292.0,3.258643094227569e-07,1296.0,BID
412,1712367209.3660629,619740.54864999,1291.0,-1.4131841814296268e-08,1296.0,ASK
413,1712367210.815761,619740.54864999,1291.0,-0.0,1296.0,ASK
414,1712367212.4359727,619744.84540424,1292.0,3.729977861963919e-10,1296.0,BID
415,1712367214.315661,619749.14548157,1292.0,3.7328626011448117e-10,1296.0,BID
416,1712367216.650495,619920.89501717,1292.0,1.4909439272616752e-08,1296.0,BID
417,1712367220.9057424,620136.160528,1292.0,1.86870261395294e-08,1296.0,BID
418,1712367240.5577672,620136.160528,1292.0,0.0,1296.0,BID
419,1712367244.3173714,620469.96052692,1291.0,-2.8975624196296253e-08,1296.0,ASK
420,1712367244.3214917,620469.960528,1291.0,-9.374846578008844e-17,1296.0,ASK
421,1712367249.716527,620910.15433712,1291.0,-3.821117563769487e-08,1296.0,ASK
422,1712367249.71988,621684.14814516,1291.0,-6.718679983399113e-08,1296.0,ASK
423,1712367251.5659404,621688.44489941,1292.0,3.7298123670848676e-10,1296.0,BID
424,1712367253.3261735,621692.74497674,1292.0,3.7326969781721047e-10,1296.0,BID
425,1712367256.1363134,621697.04173099,1292.0,3.7298123671859207e-10,1296.0,BID
426,1712367269.8158216,621766.08375628,1290.0,-5.993216851484365e-09,1296.0,ASK
427,1712367270.527178,621766.08375628,1290.0,-0.0,1296.0,ASK
428,1712367276.4557018,622478.00552235,1291.0,6.17873291129032e-08,1296.0,BID
429,1712367291.2758756,622483.4966283,1291.0,4.76570301263393e-10,1296.0,BID
430,1712367293.0164995,622488.99198433,1291.0,4.7693916353945e-10,1296.0,BID
431,1712367293.115729,622688.99198433,1291.0,1.7357898594389154e-08,1296.0,BID
432,1712367294.7858088,622694.48734036,1291.0,4.7693916353945e-10,1296.0,BID
433,1712367296.5159209,622699.98269639,1291.0,4.769391635495537e-10,1296.0,BID
434,1712367296.8958762,622703.85944057,1290.0,-3.3646066176296284e-10,1296.0,ASK
435,1712367296.900278,624251.46793308,1290.0,-1.343161563840241e-07,1296.0,ASK
436,1712367298.195852,624256.96328911,1291.0,4.7693916353945e-10,1296.0,BID
437,1712367300.007244,624262.45864514,1291.0,4.769391635495537e-10,1296.0,BID
438,1712367300.7958295,624262.45864514,1291.0,0.0,1296.0,BID
439,1712367301.8158274,624267.95400117,1291.0,4.786424181200523e-10,1296.0,BID
440,1712367303.636084,624273.4493572,1291.0,4.786424181200523e-10,1296.0,BID
441,1712367305.9660418,624278.94471323,1291.0,4.78642418130192e-10,1296.0,BID
442,1712367307.7362092,624522.74471323,1290.0,-2.1234842820321258e-08,1296.0,ASK
443,1712367309.7460947,624869.71261723,1290.0,-3.0220709208942044e-08,1296.0,ASK
444,1712367315.4657898,626308.13651723,1290.0,-1.2528591232773134e-07,1296.0,ASK
445,1712367317.4958105,628027.31673165,1290.0,-1.497396293397334e-07,1296.0,ASK
446,1712367317.5757954,630715.38638267,1290.0,-2.341293540996789e-07,1296.0,ASK
447,1712367325.345879,630784.9355327,1290.0,-6.057691834186524e-09,1296.0,ASK
448,1712367329.986034,631210.35814794,1290.0,-3.705407041359125e-08,1296.0,ASK
449,1712367330.8258116,631210.35814794,1290.0,-0.0,1296.0,ASK
450,1712367333.2358282,633174.32151914,1290.0,1.709266697290223e-07,1296.0,BID
451,1712367339.056287,633730.45546362,1290.0,-4.840116900711125e-08,1296.0,ASK
452,1712367339.0606425,634369.01451236,1290.0,-5.5574749115490384e-08,1296.0,ASK
453,1712367348.5758238,634490.02380748,1291.0,1.0531619949960342e-08,1296.0,BID
454,1712367360.5307343,634490.02380748,1291.0,0.0,1296.0,BID
455,1712367367.178841,636189.87270748,1290.0,-1.4788593760246533e-07,1296.0,ASK
456,1712367369.4484365,636286.02085625,1290.0,-8.364837092043727e-09,1296.0,ASK
457,1712367390.565727,636286.02085625,1290.0,-0.0,1296.0,ASK
458,1712367395.9157405,638633.43157902,1290.0,-2.041823112640048e-07,1296.0,ASK
459,1712367410.1259334,639633.43157902,1290.0,-8.698192833636813e-08,1296.0,ASK
460,1712367417.1958902,640043.39694755,1291.0,3.5659578305870474e-08,1296.0,BID
461,1712367420.0864518,640182.50018955,1291.0,-1.2099468226998982e-08,1296.0,ASK
462,1712367420.10569,640182.50018956,1291.0,-8.70838509514888e-19,1296.0,ASK
463,1712367420.7757263,640182.50018956,1291.0,-0.0,1296.0,ASK
464,1712367436.110395,640190.24012764,1292.0,6.72940490249145e-10,1296.0,BID
465,1712367443.187575,640540.24012764,1292.0,3.0430368971164964e-08,1296.0,BID
466,1712367443.1908505,641190.24012764,1291.0,5.6513542375020646e-08,1296.0,BID
467,1712367447.905659,641329.65876814,1292.0,1.2121601919642153e-08,1296.0,BID
468,1712367450.7958922,641329.65876814,1292.0,0.0,1296.0,BID
469,1712367454.7659717,641893.23876814,1290.0,-4.899353891583644e-08,1296.0,ASK
470,1712367456.2357433,642456.81876814,1290.0,-4.8993538915846566e-08,1296.0,ASK
471,1712367458.5062184,643232.01256658,1290.0,-6.738970071894749e-08,1296.0,ASK
472,1712367458.5136514,644141.77287607,1290.0,-7.908793272842597e-08,1296.0,ASK
473,1712367458.5221975,645058.22938814,1290.0,-7.967005179172078e-08,1296.0,ASK
474,1712367458.5479612,645058.22938871,1290.0,-4.9548988159987537e-17,1296.0,ASK
475,1712367474.250458,645184.22938871,1289.0,-1.0953521954994588e-08,1296.0,ASK
476,1712367480.5787115,645184.22938871,1289.0,-0.0,1296.0,ASK
477,1712367488.665955,645684.22938871,1290.0,4.34475766217845e-08,1296.0,BID
478,1712367508.1358912,653475.61907194,1290.0,6.770340005046304e-07,1296.0,BID
479,1712367508.138617,658126.30137597,1290.0,4.041217514958459e-07,1296.0,BID
480,1712367510.5360255,658126.30137597,1290.0,0.0,1296.0,BID
481,1712367529.695911,658134.05331395,1290.0,6.72630028562208e-10,1296.0,BID
482,1712367540.8359716,658134.05331395,1290.0,0.0,1296.0,BID
483,1712367570.7759943,658134.05331395,1290.0,0.0,1296.0,BID
484,1712367599.4761434,658172.81300387,1290.0,3.3631472263902407e-09,1296.0,BID
485,1712367600.6157317,658172.81300387,1290.0,0.0,1296.0,BID
486,1712367607.3257816,658217.81300387,1290.0,3.9155892338070824e-09,1296.0,BID
487,1712367618.0556035,658372.81528584,1289.0,-1.3487228144383177e-08,1296.0,ASK
488,1712367621.725768,658886.39751921,1289.0,-4.4688379192408e-08,1296.0,ASK
489,1712367621.729532,660090.70134078,1289.0,-1.0479020173271661e-07,1296.0,ASK
490,1712367630.5562022,660090.70134078,1289.0,-0.0,1296.0,ASK
491,1712367654.0957336,660180.20114078,1289.0,-7.785979644431104e-09,1296.0,ASK
492,1712367660.7957952,660180.20114078,1289.0,-0.0,1296.0,ASK
493,1712367662.9618824,660245.54866498,1289.0,-5.684810323149407e-09,1296.0,ASK
494,1712367662.9700189,660622.38383516,1289.0,-3.2782213125772184e-08,1296.0,ASK
495,1712367666.5386424,660793.68809008,1289.0,-1.490235794991005e-08,1296.0,ASK
496,1712367668.6363037,661761.06573173,1289.0,-8.415557392512077e-08,1296.0,ASK
497,1712367671.616731,662396.06573173,1290.0,5.52408771318188e-08,1296.0,BID
498,1712367671.6234453,667256.69383406,1290.0,4.228430862744543e-07,1296.0,BID
499,1712367671.629436,668574.32786374,1291.0,1.1462560557206116e-07,1296.0,BID
500,1712367671.6322286,668674.32786374,1290.0,8.699350729420283e-09,1296.0,BID
501,1712367671.634775,669359.32786374,1291.0,5.9590552496528944e-08,1296.0,BID
502,1712367671.6373107,669507.57764333,1290.0,1.2896768282121396e-08,1296.0,BID
503,1712367679.5057428,669528.42833139,1289.0,-1.8138744838408558e-09,1296.0,ASK
504,1712367679.5144193,669887.43046557,1289.0,-3.123085477841606e-08,1296.0,ASK
505,1712367679.5457551,670008.9172975,1289.0,-1.0568565599652077e-08,1296.0,ASK
506,1712367679.5858655,670251.0244521,1289.0,-2.1061750519681573e-08,1296.0,ASK
507,1712367679.6056523,670496.63684159,1289.0,-2.1366683196645627e-08,1296.0,ASK
508,1712367680.065699,670589.65402499,1289.0,-8.091891022593412e-09,1296.0,ASK
509,1712367681.0260668,670866.57972499,1289.0,-2.409073790289397e-08,1296.0,ASK
510,1712367690.725857,670866.57977751,1289.0,-4.5689054362866846e-15,1296.0,ASK
511,1712367690.7340846,671007.18969065,1289.0,-1.2232149504377752e-08,1296.0,ASK
512,1712367690.7956283,671007.18969065,1289.0,-0.0,1296.0,ASK
513,1712367699.1461058,671020.51125236,1288.0,-1.1574831165868734e-09,1296.0,ASK
514,1712367699.1507938,672379.90133922,1289.0,-1.1811461063289277e-07,1296.0,ASK
515,1712367699.1544666,672479.90133922,1288.0,-8.688794465591318e-09,1296.0,ASK
516,1712367699.1581397,675174.90133922,1288.0,-2.3416301084768602e-07,1296.0,ASK
517,1712367699.161827,675526.13532493,1289.0,-3.0517999111642614e-08,1296.0,ASK
518,1712367699.164199,677547.55792022,1288.0,-1.7563725458577002e-07,1296.0,ASK
519,1712367720.5357654,677547.55792022,1288.0,-0.0,1296.0,ASK
520,1712367725.025905,677860.91589885,1288.0,-2.7207112590287066e-08,1296.0,ASK
521,1712367725.0308273,679364.04514637,1288.0,-1.305082667874838e-07,1296.0,ASK
522,1712367725.0353272,682744.42879012,1288.0,-2.9349971810504533e-07,1296.0,ASK
523,1712367725.1657758,684362.03071478,1288.0,1.404472861450789e-07,1296.0,BID
524,1712367750.5857306,684362.03071478,1288.0,0.0,1296.0,BID
525,1712367776.9175055,685074.4997908,1289.0,-6.181258168624881e-08,1296.0,ASK
526,1712367780.5957444,685074.4997908,1289.0,-0.0,1296.0,ASK
527,1712367785.605951,685093.89467055,1291.0,1.6825320802208871e-09,1296.0,BID
528,1712367810.065666,685731.46515121,1289.0,-5.5310102508552265e-08,1296.0,ASK
529,1712367810.5755131,685731.46515121,1289.0,-0.0,1296.0,ASK
530,1712367830.8057036,685883.9660233,1289.0,-1.3228685279647972e-08,1296.0,ASK
531,1712367830.8096263,685983.59137721,1289.0,-8.641999450151326e-09,1296.0,ASK
532,1712367840.5863607,685983.59137721,1289.0,-0.0,1296.0,ASK
533,1712367845.2811987,685983.59137731,1289.0,-8.674319629627678e-18,1296.0,ASK
534,1712367845.288005,686511.45849693,1288.0,-4.5788532519068166e-08,1296.0,ASK
535,1712367870.5558777,686511.45849693,1288.0,-0.0,1296.0,ASK
536,1712367900.5757494,686511.45849693,1288.0,-0.0,1296.0,ASK
537,1712367904.2761447,686996.45849693,1288.0,-4.214705242616757e-08,1296.0,ASK
538,1712367904.2812366,687148.59137731,1288.0,-1.3220520587878178e-08,1296.0,ASK
539,1712367904.2852952,688988.14091799,1288.0,-1.5985895037437774e-07,1296.0,ASK
540,1712367914.5160136,689065.72043699,1288.0,-6.741748565960289e-09,1296.0,ASK
541,1712367914.5210028,690970.36372137,1288.0,-1.655156708451765e-07,1296.0,ASK
542,1712367914.6357532,691508.23823367,1288.0,4.6741907770325593e-08,1296.0,BID
543,1712367930.545731,691508.23823367,1288.0,0.0,1296.0,BID
544,1712367960.7856956,691508.23823367,1288.0,0.0,1296.0,BID
545,1712367964.9958563,691516.00220882,1288.0,-6.7432114759334e-10,1296.0,ASK
546,1712367965.0010283,692316.93999517,1287.0,-6.956350024455805e-08,1296.0,ASK
547,1712367982.1256049,692616.93999517,1289.0,2.605576916088611e-08,1296.0,BID
548,1712367990.795585,692616.93999517,1289.0,0.0,1296.0,BID
549,1712367998.4058514,692622.02533264,1289.0,4.4161984422353647e-10,1296.0,BID
550,1712368015.3957667,692733.11533264,1288.0,-9.647255228131252e-09,1296.0,ASK
551,1712368015.4757347,693122.02533264,1288.0,-3.377364326918661e-08,1296.0,ASK
552,1712368015.4807887,693322.53191764,1288.0,-1.7412352150654756e-08,1296.0,ASK
553,1712368015.4957938,694627.02533264,1288.0,-1.1328455232627201e-07,1296.0,ASK
554,1712368016.395929,695016.93999517,1289.0,3.3860889968657577e-08,1296.0,BID
555,1712368016.4012382,695127.02533264,1289.0,9.560008528660288e-09,1296.0,BID
556,1712368020.5502555,695127.02533264,1289.0,0.0,1296.0,BID
557,1712368050.5381658,695127.02533264,1289.0,0.0,1296.0,BID
558,1712368080.8055253,695127.02533264,1289.0,0.0,1296.0,BID
559,1712368084.2110522,695131.96171743,1289.0,4.2856418391887437e-10,1296.0,BID
560,1712368084.3658612,695136.96171743,1289.0,4.340870922253567e-10,1296.0,BID
561,1712368094.1859848,695141.96171743,1289.0,4.340870922253567e-10,1296.0,BID
562,1712368102.8262465,695473.83819543,1289.0,2.8812659062599207e-08,1296.0,BID
563,1712368102.831698,696102.73579121,1289.0,5.4599265731929024e-08,1296.0,BID
564,1712368109.7117147,697128.55521089,1289.0,8.905899380744288e-08,1296.0,BID
565,1712368109.7158391,697691.07171052,1289.0,4.883623033062955e-08,1296.0,BID
566,1712368110.7857757,697691.07171052,1289.0,0.0,1296.0,BID
567,1712368125.4501295,697768.65122952,1289.0,6.733321528680432e-09,1296.0,BID
568,1712368140.543608,697768.65122952,1289.0,0.0,1296.0,BID
569,1712368144.685945,697773.74051523,1288.0,-4.417080701489251e-10,1296.0,ASK
570,1712368144.7658384,697780.37843656,1287.0,-5.761168831080555e-10,1296.0,ASK
571,1712368144.77574,701138.09108179,1287.0,-2.914217941668287e-07,1296.0,ASK
572,1712368144.7797692,705481.49525883,1287.0,-3.769716982371447e-07,1296.0,ASK
573,1712368157.5057335,709888.9429325,1288.0,3.8253014610467043e-07,1296.0,BID
574,1712368170.5370803,709888.9429325,1288.0,0.0,1296.0,BID
575,1712368175.2692838,709893.1058725,1287.0,-3.6082026025847375e-10,1296.0,ASK
576,1712368175.272205,710105.1436325,1287.0,-1.8378242239550723e-08,1296.0,ASK
577,1712368182.2558675,710252.21490694,1286.0,-1.2747312120910605e-08,1296.0,ASK
578,1712368182.2619684,710259.9909567,1286.0,-6.739843231558632e-10,1296.0,ASK
579,1712368186.7760916,710573.34893533,1287.0,-2.7160109779308363e-08,1296.0,ASK
580,1712368186.7814467,710905.22541333,1287.0,-2.8765189305399543e-08,1296.0,ASK
581,1712368186.785848,711605.22541333,1287.0,-6.067206882249121e-08,1296.0,ASK
582,1712368186.789936,711848.32687601,1286.0,-2.1070669535101644e-08,1296.0,ASK
583,1712368195.8770337,712197.09718769,1287.0,-3.02294519335515e-08,1296.0,ASK
584,1712368200.6287682,712197.09718769,1287.0,-0.0,1296.0,ASK
585,1712368230.5801754,712197.09718769,1287.0,-0.0,1296.0,ASK
586,1712368247.1958735,712447.09718769,1287.0,-2.1765193717617412e-08,1296.0,ASK
587,1712368247.5359411,712491.79465534,1287.0,-3.891396168361452e-09,1296.0,ASK
588,1712368247.5411818,713263.24396111,1287.0,-6.716297433362096e-08,1296.0,ASK
589,1712368260.7857957,713263.24396111,1287.0,-0.0,1296.0,ASK
590,1712368290.7956934,713263.24396111,1287.0,-0.0,1296.0,ASK
591,1712368294.026652,713855.62760034,1286.0,-5.156721849499071e-08,1296.0,ASK
592,1712368294.0332036,713955.62760034,1286.0,-8.705037593883535e-09,1296.0,ASK
593,1712368294.0384102,714937.61866483,1287.0,-8.5482691332426e-08,1296.0,ASK
594,1712368294.0409954,715057.70957392,1287.0,-1.0453958783121829e-08,1296.0,ASK
595,1712368294.0435169,715065.89546342,1286.0,-7.12584758365323e-10,1296.0,ASK
596,1712368316.9565125,715190.89546342,1286.0,-1.088129699235442e-08,1296.0,ASK
597,1712368320.555792,715190.89546342,1286.0,-0.0,1296.0,ASK
598,1712368350.5256171,715190.89546342,1286.0,-0.0,1296.0,ASK
599,1712368380.7957387,715190.89546342,1286.0,-0.0,1296.0,ASK
600,1712368393.836131,715268.65596109,1286.0,-6.7676194918167974e-09,1296.0,ASK
601,1712368410.81567,715268.65596109,1286.0,-0.0,1296.0,ASK
602,1712368424.8857746,715840.31455059,1286.0,-4.975192107403742e-08,1296.0,ASK
603,1712368424.8917017,716059.16979508,1286.0,-1.904715340676962e-08,1296.0,ASK
604,1712368426.3859694,716229.11703892,1286.0,-1.4790649554793464e-08,1296.0,ASK
605,1712368426.3919537,716985.72461623,1286.0,-6.584818484625047e-08,1296.0,ASK
606,1712368430.6661725,716993.50066599,1286.0,-6.76756058661453e-10,1296.0,ASK
607,1712368430.6728978,718160.75489717,1286.0,-1.015871036483407e-07,1296.0,ASK
608,1712368430.67923,720851.66103411,1286.0,-2.341917924469169e-07,1296.0,ASK
609,1712368432.9760048,720901.66103411,1285.0,-4.351541460922735e-09,1296.0,ASK
610,1712368432.9809484,721018.27161764,1285.0,-1.0148715780267298e-08,1296.0,ASK
611,1712368432.9863112,724755.69993063,1285.0,-3.252714852240499e-07,1296.0,ASK
612,1712368440.485721,724755.69993063,1285.0,-0.0,1296.0,ASK
613,1712368448.9859686,724788.59619757,1286.0,2.859953646963724e-09,1296.0,BID
614,1712368448.994036,725513.1286502,1286.0,6.298979863053489e-08,1296.0,BID
615,1712368460.505659,726671.26808747,1286.0,1.0068695981099552e-07,1296.0,BID
616,1712368466.9958692,726679.04413723,1286.0,6.760384669435211e-10,1296.0,BID
617,1712368470.5356972,726679.04413723,1286.0,0.0,1296.0,BID
618,1712368500.555464,726679.04413723,1286.0,0.0,1296.0,BID
619,1712368530.57858,726679.04413723,1286.0,0.0,1296.0,BID
620,1712368555.7481222,726689.04413723,1286.0,-8.69732248469639e-10,1296.0,ASK
621,1712368555.7518988,726715.89385389,1286.0,-2.3352064441461114e-09,1296.0,ASK
622,1712368560.7959287,726715.89385389,1286.0,-0.0,1296.0,ASK
623,1712368590.7763014,726715.89385389,1286.0,-0.0,1296.0,ASK
624,1712368591.5854602,727295.8643663,1286.0,5.04416978824093e-08,1296.0,BID
625,1712368592.6753707,727303.64041606,1286.0,6.76305336765175e-10,1296.0,BID
626,1712368602.6958127,727311.42251722,1285.0,-6.76831644377011e-10,1296.0,ASK
627,1712368602.7014434,728866.63247056,1285.0,-1.352610674706671e-07,1296.0,ASK
628,1712368602.706823,729255.73752892,1285.0,-3.384158225002539e-08,1296.0,ASK
629,1712368602.7112966,729339.35382046,1284.0,-7.272348551619059e-09,1296.0,ASK
630,1712368602.71381,729544.35382046,1285.0,-1.7829437608688382e-08,1296.0,ASK
631,1712368602.716298,730143.85139036,1284.0,-5.2140022044353474e-08,1296.0,ASK
632,1712368602.7187994,730221.67240203,1285.0,-6.768316449824854e-09,1296.0,ASK
633,1712368602.7212925,730231.67240203,1284.0,-8.697286638384573e-10,1296.0,ASK
634,1712368614.5051732,730415.6639287,1284.0,-1.6002270464834532e-08,1296.0,ASK
635,1712368614.5097332,731389.8118393,1284.0,-8.472443606671164e-08,1296.0,ASK
636,1712368620.5083747,731389.8118393,1284.0,-0.0,1296.0,ASK
637,1712368631.3353686,731544.50432198,1284.0,-1.3447025946918202e-08,1296.0,ASK
638,1712368650.5601172,731544.50432198,1284.0,-0.0,1296.0,ASK
639,1712368680.785293,731544.50432198,1284.0,-0.0,1296.0,ASK
640,1712368684.2856512,731583.38457081,1286.0,3.379703259476658e-09,1296.0,BID
641,1712368696.765236,731683.38457081,1286.0,8.692596784187168e-09,1296.0,BID
642,1712368710.7885962,731683.38457081,1286.0,0.0,1296.0,BID
643,1712368712.3254907,732460.98954749,1286.0,6.759301581649245e-08,1296.0,BID
644,1712368715.6652005,732538.75004515,1286.0,6.759301580956068e-09,1296.0,BID
645,1712368740.552709,732538.75004515,1286.0,0.0,1296.0,BID
646,1712368770.5326602,732538.75004515,1286.0,0.0,1296.0,BID
647,1712368776.4252746,732578.75004515,1286.0,3.476652306221574e-09,1296.0,BID
648,1712368799.715474,734305.63854491,1286.0,1.5009477213194885e-07,1296.0,BID
649,1712368800.6653554,734305.63854491,1286.0,0.0,1296.0,BID
650,1712368806.3857193,734311.80556895,1286.0,5.36536974128627e-10,1296.0,BID
651,1712368806.392798,734338.88341285,1286.0,2.355798248514604e-09,1296.0,BID
652,1712368830.5260897,734338.88341285,1286.0,0.0,1296.0,BID
653,1712368841.606213,734345.82004292,1286.0,-6.034911881416372e-10,1296.0,ASK
654,1712368860.8465438,734345.82004292,1286.0,-0.0,1296.0,ASK
655,1712368883.4671998,734627.0553155,1289.0,2.446762698375765e-08,1296.0,BID
656,1712368883.4730062,735222.0553155,1289.0,5.1765334845014906e-08,1296.0,BID
657,1712368890.8170738,735222.0553155,1289.0,0.0,1296.0,BID
658,1712368900.2909462,736006.54406646,1289.0,6.824425684282413e-08,1296.0,BID
659,1712368912.967674,736046.76988062,1289.0,3.499324610945297e-09,1296.0,BID
660,1712368920.557652,736046.76988062,1289.0,0.0,1296.0,BID
661,1712368922.5678632,736201.92891863,1288.0,1.3496349184809444e-08,1296.0,BID
662,1712368923.507826,736315.39401778,1286.0,-9.869644837046097e-09,1296.0,ASK
663,1712368930.3377602,736527.45850975,1286.0,-1.8446211513253122e-08,1296.0,ASK
664,1712368930.6569066,736550.54990895,1286.0,-2.008581586779442e-09,1296.0,ASK
665,1712368930.659716,736932.20181213,1286.0,-3.3197597886830014e-08,1296.0,ASK
666,1712368930.6623957,736936.09761306,1286.0,-3.3887223316078125e-10,1296.0,ASK
667,1712368930.7380054,737278.01005523,1286.0,-2.9740901782710496e-08,1296.0,ASK
668,1712368930.7425468,737347.92566705,1286.0,-6.081537515916054e-09,1296.0,ASK
669,1712368932.237919,737654.85448583,1286.0,-2.669788731783412e-08,1296.0,ASK
670,1712368932.3463829,737960.70352794,1286.0,-2.6603964055828805e-08,1296.0,ASK
671,1712368950.4983406,737960.70352794,1286.0,-0.0,1296.0,ASK
672,1712368955.1033473,737987.93167724,1286.0,-2.3679055141440793e-09,1296.0,ASK
673,1712368955.106568,738027.40675654,1286.0,-3.4329640592144592e-09,1296.0,ASK
674,1712368955.1097126,738204.42538571,1285.0,-1.5394486914992073e-08,1296.0,ASK
675,1712368955.1131968,738395.71405101,1286.0,-1.6635485591286386e-08,1296.0,ASK
676,1712368955.1163204,738400.66740101,1285.0,-4.307698128676608e-10,1296.0,ASK
677,1712368955.1194642,738478.48841268,1285.0,-6.767731461266553e-09,1296.0,ASK
678,1712368955.1226532,739123.48841268,1286.0,-5.6092650286162e-08,1296.0,ASK
679,1712368972.3486698,740102.77816268,1286.0,8.516427515592681e-08,1296.0,BID
680,1712368972.3684945,740102.77816324,1286.0,4.869691678800049e-17,1296.0,BID
681,1712368980.7986364,740102.77816324,1286.0,0.0,1296.0,BID
682,1712368981.6958838,740180.41791479,1288.0,6.7503511220672e-09,1296.0,BID
683,1712369010.809244,740180.41791479,1288.0,0.0,1296.0,BID
684,1712369023.4093866,740258.05766634,1287.0,6.7502924319720095e-09,1296.0,BID
685,1712369040.509515,740258.05766634,1287.0,0.0,1296.0,BID
686,1712369040.919752,740296.61882822,1286.0,-3.352623529152123e-09,1296.0,ASK
687,1712369040.9245064,740374.34046506,1286.0,-6.757353142146987e-09,1296.0,ASK
688,1712369040.9796093,740474.53522351,1286.0,-8.711234005950528e-09,1296.0,ASK
689,1712369042.035225,740624.93775403,1286.0,-1.3076448895280054e-08,1296.0,ASK
690,1712369042.0796764,740777.03183058,1286.0,-1.3223517000708518e-08,1296.0,ASK
691,1712369047.2797146,741108.90830858,1287.0,2.8854340343274707e-08,1296.0,BID
692,1712369047.2897396,742532.99068099,1287.0,1.2381400965200745e-07,1296.0,BID
693,1712369049.1696422,742537.93473693,1287.0,4.298511109493716e-10,1296.0,BID
694,1712369053.0097566,742836.53252057,1287.0,2.59609904468578e-08,1296.0,BID
695,1712369053.4898608,742985.2143592,1286.0,-1.29268467610195e-08,1296.0,ASK
696,1712369053.789853,743023.11092497,1286.0,-3.2948415421280206e-09,1296.0,ASK
697,1712369053.7947028,743173.02686998,1286.0,-1.3034143685838293e-08,1296.0,ASK
698,1712369053.853032,743361.51191412,1286.0,-1.6387457303412727e-08,1296.0,ASK
699,1712369069.240339,743371.51191412,1286.0,-8.69430111984854e-10,1296.0,ASK
700,1712369069.2464457,743379.28796388,1286.0,-6.760731813582214e-10,1296.0,ASK
701,1712369071.0290473,743379.28796388,1286.0,-0.0,1296.0,ASK
702,1712369084.030388,747249.53679748,1286.0,3.3637363952794865e-07,1296.0,BID
703,1712369084.0404031,747267.31284723,1286.0,1.5449638532129579e-09,1296.0,BID
704,1712369100.780476,747267.31284723,1286.0,0.0,1296.0,BID
705,1712369107.730527,747345.01292493,1287.0,6.800258127635301e-09,1296.0,BID
706,1712369130.7909276,747345.01292493,1287.0,0.0,1296.0,BID
707,1712369160.5238228,747345.01292493,1287.0,0.0,1296.0,BID
708,1712369173.271331,747643.2078531,1287.0,2.6097589563601212e-08,1296.0,BID
709,1712369173.2761357,747926.81160402,1287.0,2.4820590798193665e-08,1296.0,BID
710,1712369187.9716282,748239.88149293,1287.0,2.7399424650297573e-08,1296.0,BID
711,1712369187.9765508,748358.42985045,1287.0,1.0375181083670446e-08,1296.0,BID
712,1712369187.981267,748703.81238103,1287.0,3.0227380394519014e-08,1296.0,BID
713,1712369190.5438955,748703.81238103,1287.0,0.0,1296.0,BID
714,1712369194.5216408,748859.10349063,1286.0,-1.3588773929256712e-08,1296.0,ASK
715,1712369194.541525,749014.14793185,1286.0,-1.3567189172335676e-08,1296.0,ASK
716,1712369208.3118062,749310.66139049,1286.0,-2.5946458666026503e-08,1296.0,ASK
717,1712369208.3183208,750893.71574058,1286.0,-1.385254296687999e-07,1296.0,ASK
718,1712369220.5419216,751049.23673591,1286.0,1.3608890117623622e-08,1296.0,BID
719,1712369220.8020086,751049.23673591,1286.0,0.0,1296.0,BID
720,1712369250.8044815,751049.23673591,1286.0,0.0,1296.0,BID
721,1712369256.3828228,751057.01883707,1285.0,-6.807943489797375e-10,1296.0,ASK
722,1712369256.38699,751515.566557,1285.0,-4.011470553341649e-08,1296.0,ASK
723,1712369280.5765057,751515.566557,1285.0,-0.0,1296.0,ASK
724,1712369289.8326845,752223.23672356,1285.0,-6.190520861776304e-08,1296.0,ASK
725,1712369292.1426702,752231.01277332,1286.0,6.802293008210795e-10,1296.0,BID
726,1712369310.5126395,752231.01277332,1286.0,0.0,1296.0,BID
727,1712369321.7930765,752733.4339972,1286.0,4.39470123150765e-08,1296.0,BID
728,1712369321.802807,754262.50313947,1286.0,1.337483713506308e-07,1296.0,BID
729,1712369340.8058014,754262.50313947,1286.0,0.0,1296.0,BID
730,1712369370.8335495,754262.50313947,1286.0,0.0,1296.0,BID
731,1712369395.3435714,754456.50551716,1288.0,1.6965599046834926e-08,1296.0,BID
732,1712369400.6134045,754456.50551716,1288.0,0.0,1296.0,BID
733,1712369414.1136692,754606.50551716,1287.0,-1.3139169140774764e-08,1296.0,ASK
734,1712369420.8840334,755145.55567946,1289.0,4.721780838547876e-08,1296.0,BID
735,1712369420.8904238,755382.30070722,1289.0,2.0737553086500682e-08,1296.0,BID
736,1712369427.7336864,755483.30980722,1287.0,-8.847837664385053e-09,1296.0,ASK
737,1712369428.153741,758562.95864739,1288.0,-2.6976018003456346e-07,1296.0,ASK
738,1712369428.2016406,759340.70357547,1287.0,-6.81261477228194e-08,1296.0,ASK
739,1712369428.216142,759794.74991796,1287.0,-3.977194461150909e-08,1296.0,ASK
740,1712369428.2190504,760797.41284397,1287.0,-8.782771850686108e-08,1296.0,ASK
741,1712369428.2796912,761026.22557796,1287.0,-2.0042728089720177e-08,1296.0,ASK
742,1712369428.2846315,761253.93553478,1287.0,-1.994613091797722e-08,1296.0,ASK
743,1712369428.51383,767376.89415278,1287.0,-5.363372594924361e-07,1296.0,ASK
744,1712369428.5171003,767376.89415356,1287.0,-6.833235765212192e-17,1296.0,ASK
745,1712369430.5072703,767376.89415356,1287.0,-0.0,1296.0,ASK
746,1712369433.5740292,768662.63630645,1286.0,-1.1246003947032073e-07,1296.0,ASK
747,1712369433.5815184,770290.33800756,1286.0,-1.423702234085539e-07,1296.0,ASK
748,1712369433.653823,770290.33800767,1286.0,-9.622464128581513e-18,1296.0,ASK
749,1712369439.814056,770368.03808537,1286.0,-6.796194544406989e-09,1296.0,ASK
750,1712369439.8206563,770628.3760363,1286.0,-2.277098574656121e-08,1296.0,ASK
751,1712369439.8738697,770759.28861508,1285.0,-1.145053364211905e-08,1296.0,ASK
752,1712369439.8789437,772517.33105404,1285.0,-1.537707398264539e-07,1296.0,ASK
753,1712369439.893677,772852.87509756,1285.0,-2.9349038836031563e-08,1296.0,ASK
754,1712369440.0420926,773068.24469348,1285.0,-1.883773756925245e-08,1296.0,ASK
755,1712369460.7981682,773068.24469348,1285.0,-0.0,1296.0,ASK
756,1712369461.243877,773212.83813982,1285.0,-1.2639067912679417e-08,1296.0,ASK
757,1712369486.6042972,774107.42265516,1285.0,-7.819659001986168e-08,1296.0,ASK
758,1712369490.8003762,774107.42265516,1285.0,-0.0,1296.0,ASK
759,1712369506.9045238,774248.11110376,1285.0,-1.2296292610188429e-08,1296.0,ASK
760,1712369520.5645225,774248.11110376,1285.0,-0.0,1296.0,ASK
761,1712369522.0466585,774385.11188076,1287.0,1.1973797714413404e-08,1296.0,BID
762,1712369522.0537238,775025.11188076,1287.0,5.593567208176657e-08,1296.0,BID
763,1712369539.5145743,775225.11188076,1286.0,-1.7479897525552053e-08,1296.0,ASK
764,1712369549.275013,775326.29787302,1285.0,-8.843603878630327e-09,1296.0,ASK
765,1712369550.7478523,775326.29787302,1285.0,-0.0,1296.0,ASK
766,1712369559.414746,775616.58127315,1285.0,-2.5367544809421842e-08,1296.0,ASK
767,1712369559.6511846,775755.99395797,1285.0,-1.2183120108096946e-08,1296.0,ASK
768,1712369560.0346978,775763.74589595,1287.0,6.77433273763156e-10,1296.0,BID
769,1712369561.7967792,776412.43855372,1285.0,-5.668853284808747e-08,1296.0,ASK
770,1712369561.8346865,776774.55575402,1285.0,-3.164502104067452e-08,1296.0,ASK
771,1712369561.9102523,777134.72558119,1285.0,-3.147484225982085e-08,1296.0,ASK
772,1712369561.9233608,777269.72234977,1285.0,-1.179721807911871e-08,1296.0,ASK
773,1712369570.3349316,777374.99902743,1285.0,-9.200012252611744e-09,1296.0,ASK
774,1712369570.4947505,777447.99106551,1285.0,-6.378693359304466e-09,1296.0,ASK
775,1712369570.5248055,777576.44876635,1285.0,-1.1225776192220416e-08,1296.0,ASK
776,1712369570.5548325,777704.33523921,1285.0,-1.1175857211753175e-08,1296.0,ASK
777,1712369570.6550188,777826.84783928,1285.0,-1.070624042092078e-08,1296.0,ASK
778,1712369570.919159,777991.00735304,1285.0,-1.4345718078729581e-08,1296.0,ASK
779,1712369580.7700143,777991.00735304,1285.0,-0.0,1296.0,ASK
780,1712369588.4552114,778875.6472363,1285.0,-7.728457335459633e-08,1296.0,ASK
781,1712369610.8132403,778875.6472363,1285.0,-0.0,1296.0,ASK
782,1712369611.04492,778989.60487967,1285.0,-9.954664554507996e-09,1296.0,ASK
783,1712369624.1652036,781522.09827966,1285.0,-2.212236190386373e-07,1296.0,ASK
784,1712369640.5850365,781522.09827966,1285.0,-0.0,1296.0,ASK
785,1712369642.8352711,783219.18116114,1285.0,-1.482030799244358e-07,1296.0,ASK
786,1712369647.9152317,785530.3959452,1285.0,-2.0183407251499288e-07,1296.0,ASK
787,1712369649.4356673,787782.02636846,1285.0,-1.966306815184461e-07,1296.0,ASK
788,1712369655.3053477,787957.52636846,1285.0,-1.5326087376508113e-08,1296.0,ASK
789,1712369667.268437,788060.08824749,1285.0,-8.956537433117212e-09,1296.0,ASK
790,1712369669.655748,788239.23447204,1285.0,-1.5644505359683227e-08,1296.0,ASK
791,1712369669.662861,791832.8172001,1285.0,-3.1382087113936844e-07,1296.0,ASK
792,1712369670.541978,791832.8172001,1285.0,-0.0,1296.0,ASK
793,1712369674.9553072,793875.95776901,1285.0,-1.7821744803817117e-07,1296.0,ASK
794,1712369683.6007936,795142.85590764,1285.0,-1.1050798786272625e-07,1296.0,ASK
795,1712369687.858697,795438.05590764,1285.0,-2.574947189705561e-08,1296.0,ASK
796,1712369700.5755055,795438.05590764,1285.0,-0.0,1296.0,ASK
797,1712369708.117995,796060.69180764,1285.0,-5.49227335912532e-08,1296.0,ASK
798,1712369720.1460314,796180.06172416,1285.0,-1.0529624333958644e-08,1296.0,ASK
799,1712369720.1513906,798742.96430764,1285.0,-2.2607372272110857e-07,1296.0,ASK
800,1712369720.32644,798859.69582514,1285.0,-1.0296891068047784e-08,1296.0,ASK
801,1712369720.331851,799025.81851464,1285.0,-1.4653688004289932e-08,1296.0,ASK
802,1712369720.355712,799025.8185156,1285.0,-8.468843835806247e-17,1296.0,ASK
803,1712369730.5257847,799025.8185156,1285.0,-0.0,1296.0,ASK
804,1712369760.8158555,799025.8185156,1285.0,-0.0,1296.0,ASK
805,1712369768.8559873,799125.8185156,1285.0,-8.817417547721632e-09,1296.0,ASK
806,1712369790.7860122,799125.8185156,1285.0,-0.0,1296.0,ASK
807,1712369806.5564206,799130.4877763,1285.0,4.1170354755243076e-10,1296.0,BID
808,1712369820.56768,799130.4877763,1285.0,0.0,1296.0,BID
809,1712369850.5200136,799130.4877763,1285.0,0.0,1296.0,BID
810,1712369857.3665228,801057.72381606,1284.0,-1.699304334783053e-07,1296.0,ASK
811,1712369874.721286,801135.60543599,1285.0,6.867066182693368e-09,1296.0,BID
812,1712369880.7724102,801135.60543599,1285.0,0.0,1296.0,BID
813,1712369895.8167417,801233.60076672,1284.0,-8.63859392654403e-09,1296.0,ASK
814,1712369897.6465938,801622.70582508,1285.0,3.430082401781129e-08,1296.0,BID
815,1712369910.8165205,801622.70582508,1285.0,0.0,1296.0,BID
816,1712369927.8868062,802844.08605854,1285.0,1.0766253592765529e-07,1296.0,BID
817,1712369940.536858,802844.08605854,1285.0,0.0,1296.0,BID
818,1712369954.0918095,803831.87843077,1284.0,-8.706012918485212e-08,1296.0,ASK
819,1712369954.9667418,803863.27110461,1284.0,-2.766826629560218e-09,1296.0,ASK
820,1712369970.5469625,803863.27110461,1284.0,-0.0,1296.0,ASK
821,1712370000.5571928,803863.27110461,1284.0,-0.0,1296.0,ASK
822,1712370023.687524,804863.27110461,1284.0,-8.836784797541135e-08,1296.0,ASK
823,1712370023.693001,805115.04869372,1284.0,-2.2249043718094737e-08,1296.0,ASK
824,1712370023.6986094,805167.40099601,1284.0,-4.6262602899284645e-09,1296.0,ASK
825,1712370028.8747616,805694.43960627,1284.0,-4.6573267788627966e-08,1296.0,ASK
826,1712370028.8822906,805926.85922198,1284.0,-2.0538421267557866e-08,1296.0,ASK
827,1712370028.8853557,806667.40099601,1284.0,-6.544008290693121e-08,1296.0,ASK
828,1712370030.5281289,806667.40099601,1284.0,-0.0,1296.0,ASK
829,1712370033.253263,806686.53507976,1284.0,-1.6903000034403211e-09,1296.0,ASK
830,1712370033.256601,806865.45676688,1284.0,-1.5805895505976907e-08,1296.0,ASK
831,1712370060.8275814,806865.45676688,1284.0,-0.0,1296.0,ASK
832,1712370061.011331,808990.73111258,1284.0,-1.877419676855605e-07,1296.0,ASK
833,1712370061.0180402,809729.27876226,1284.0,-6.524164245476996e-08,1296.0,ASK
834,1712370062.0089972,810505.67627778,1284.0,-6.858521468760783e-08,1296.0,ASK
835,1712370086.629141,812056.49125043,1284.0,-1.3699551545927188e-07,1296.0,ASK
836,1712370090.8273315,812056.49125043,1284.0,-0.0,1296.0,ASK
837,1712370113.647513,812860.60020974,1284.0,-7.099138197665135e-08,1296.0,ASK
838,1712370115.0976262,812890.60020974,1284.0,-2.6485732246125993e-09,1296.0,ASK
839,1712370115.1059337,812958.59554048,1284.0,-6.003020413221329e-09,1296.0,ASK
840,1712370120.553962,812958.59554048,1284.0,-0.0,1296.0,ASK
841,1712370139.817696,812992.69372939,1284.0,-3.010077189913364e-09,1296.0,ASK
842,1712370139.8235428,813001.50318758,1284.0,-7.77670310383474e-10,1296.0,ASK
843,1712370139.8776064,813072.40211568,1284.0,6.258726726692539e-09,1296.0,BID
844,1712370150.557994,813072.40211568,1284.0,0.0,1296.0,BID
845,1712370163.127699,815329.83418758,1284.0,-1.992761889086024e-07,1296.0,ASK
846,1712370163.1320353,815467.24861818,1284.0,-1.2130342423977268e-08,1296.0,ASK
847,1712370163.2676332,816873.42193192,1284.0,1.241308043750917e-07,1296.0,BID
848,1712370171.217873,816881.79157887,1284.0,-7.388356741610631e-10,1296.0,ASK
849,1712370180.583174,816881.79157887,1284.0,-0.0,1296.0,ASK
850,1712370198.7284043,816959.61259054,1285.0,6.8667322206604565e-09,1296.0,BID
851,1712370210.528813,816959.61259054,1285.0,0.0,1296.0,BID
852,1712370216.5278692,820088.75540642,1285.0,2.761053312162929e-07,1296.0,BID
853,1712370216.535017,820298.20632869,1285.0,1.8481264572985843e-08,1296.0,BID
854,1712370222.1780145,820374.9982829,1285.0,-6.7758709651324115e-09,1296.0,ASK
855,1712370240.8199494,820374.9982829,1285.0,-0.0,1296.0,ASK
1056,1712370256.3515549,820609.73347044,1285.0,2.070424773662465e-08,1296.0,BID
856,1712370256.3515549,820609.73347044,1285.0,2.0704247736624652e-08,1296.0,BID
857,1712370270.8179855,820609.73347044,1285.0,0.0,1296.0,BID
858,1712370285.1016784,820799.73347044,1285.0,-1.6758043202612922e-08,1296.0,ASK
859,1712370299.8181338,821110.37838108,1287.0,2.7398951753559973e-08,1296.0,BID
860,1712370300.5113213,821110.37838108,1287.0,0.0,1296.0,BID
861,1712370301.2083972,821185.76455046,1287.0,6.685986982310139e-09,1296.0,BID
862,1712370330.5381844,821185.76455046,1287.0,0.0,1296.0,BID
863,1712370333.4887738,821519.07457692,1285.0,-2.9560957142116146e-08,1296.0,ASK
864,1712370333.4932208,823236.32093029,1285.0,-1.5230098654269505e-07,1296.0,ASK
865,1712370343.3782663,823265.68515726,1285.0,-2.604286058211237e-09,1296.0,ASK
866,1712370349.8882687,824014.29303373,1285.0,-6.639333832112116e-08,1296.0,ASK
867,1712370349.8955328,824092.1140454,1285.0,-6.9018733554680565e-09,1296.0,ASK
868,1712370360.803338,824092.1140454,1285.0,-0.0,1296.0,ASK
869,1712370390.82523,824092.1140454,1285.0,-0.0,1296.0,ASK
870,1712370420.538319,824092.1140454,1285.0,-0.0,1296.0,ASK
871,1712370422.5684495,824234.04341183,1285.0,1.2583415963921678e-08,1296.0,BID
872,1712370422.5815918,824328.64645038,1285.0,8.387477626861965e-09,1296.0,BID
873,1712370427.9788706,824481.21910338,1285.0,-1.3527046626860041e-08,1296.0,ASK
874,1712370439.1986425,824644.64056527,1286.0,1.4488898838347677e-08,1296.0,BID
875,1712370442.6886823,824644.64056565,1285.0,-3.3688880717829494e-17,1296.0,ASK
876,1712370442.6986165,824678.09465572,1285.0,-2.966029805074777e-09,1296.0,ASK
877,1712370447.3736143,824790.27669699,1284.0,-9.946026847648664e-09,1296.0,ASK
878,1712370447.3797224,825456.30477245,1284.0,-5.9049853655914434e-08,1296.0,ASK
879,1712370450.4982393,825456.30477245,1284.0,-0.0,1296.0,ASK
880,1712370474.426754,825599.09289636,1284.0,-1.2657586608676056e-08,1296.0,ASK
881,1712370474.4306026,825606.88105835,1284.0,-6.90388893777898e-10,1296.0,ASK
882,1712370474.4343517,826603.88105835,1283.0,-8.837999620197564e-08,1296.0,ASK
883,1712370474.437997,827115.17840831,1283.0,-4.5324431140974775e-08,1296.0,ASK
884,1712370474.442014,827193.06002825,1284.0,-6.90388894131866e-09,1296.0,ASK
885,1712370474.4459796,827293.06002825,1283.0,-8.864593400398759e-09,1296.0,ASK
886,1712370474.4497,827923.39672905,1284.0,-5.58767855794073e-08,1296.0,ASK
887,1712370474.4537942,829003.58543583,1283.0,-9.575433681308013e-08,1296.0,ASK
888,1712370474.4587882,829830.29835567,1283.0,-7.328473893237084e-08,1296.0,ASK
889,1712370480.82025,829830.29835567,1283.0,-0.0,1296.0,ASK
890,1712370510.8087478,829830.29835567,1283.0,-0.0,1296.0,ASK
891,1712370511.7695065,829877.92796765,1284.0,4.220071775687848e-09,1296.0,BID
892,1712370531.3188796,829881.89993026,1284.0,3.519232386709602e-10,1296.0,BID
893,1712370540.5487766,829881.89993026,1284.0,0.0,1296.0,BID
894,1712370570.5594037,829881.89993026,1284.0,0.0,1296.0,BID
895,1712370572.8392396,830238.74899598,1283.0,-3.1617302081774964e-08,1296.0,ASK
896,1712370600.6698382,830238.74899598,1283.0,-0.0,1296.0,ASK
897,1712370611.3990293,830262.11348196,1284.0,2.076031784358941e-09,1296.0,BID
898,1712370617.599211,830697.65849093,1283.0,-3.8699986077763e-08,1296.0,ASK
899,1712370630.5428302,830697.65849093,1283.0,-0.0,1296.0,ASK
900,1712370632.1190982,832037.68529067,1284.0,1.1906072718732805e-07,1296.0,BID
901,1712370660.819318,832037.68529067,1284.0,0.0,1296.0,BID
902,1712370666.764633,832061.04977665,1284.0,-2.075605870701221e-09,1296.0,ASK
903,1712370666.7680762,832107.68529067,1284.0,-4.1429093182648075e-09,1296.0,ASK
904,1712370668.629933,832830.53379155,1284.0,-6.421491974347535e-08,1296.0,ASK
905,1712370690.8493536,832830.53379155,1284.0,-0.0,1296.0,ASK
906,1712370705.9030695,832937.9451608,1286.0,9.541126150068796e-09,1296.0,BID
907,1712370718.2146127,833716.27790991,1284.0,-6.913766203557754e-08,1296.0,ASK
908,1712370718.2293026,833838.49811256,1286.0,1.085656369258848e-08,1296.0,BID
909,1712370718.6903665,834306.18990011,1286.0,4.1544078392465096e-08,1296.0,BID
910,1712370718.6943662,835333.99630684,1286.0,9.129788264435478e-08,1296.0,BID
911,1712370718.7695174,836939.44056979,1286.0,-1.426082392083868e-07,1296.0,ASK
912,1712370720.5294812,836939.44056979,1286.0,-0.0,1296.0,ASK
913,1712370733.4698474,836960.19924177,1286.0,1.843084360653299e-09,1296.0,BID
914,1712370746.7193823,837052.11926338,1286.0,8.161232781340049e-09,1296.0,BID
915,1712370746.725325,837075.75732586,1286.0,2.0987346066764304e-09,1296.0,BID
916,1712370749.3727832,837145.17140051,1286.0,-6.163014451018209e-09,1296.0,ASK
917,1712370750.5963051,837145.17140051,1286.0,-0.0,1296.0,ASK
918,1712370752.6894495,837187.05843138,1285.0,-3.718904473073618e-09,1296.0,ASK
919,1712370766.5729473,838701.59163397,1285.0,-1.3446654453063061e-07,1296.0,ASK
1120,1712370766.5796545,838733.926634,1285.0,-2.87083552476498e-09,1296.0,ASK
920,1712370766.5796545,838733.926634,1285.0,-2.8708355247649804e-09,1296.0,ASK
921,1712370766.583061,839207.300064,1285.0,-4.202805808142461e-08,1296.0,ASK
922,1712370767.669499,839484.01523909,1285.0,2.4567921885046287e-08,1296.0,BID
923,1712370769.6698232,839809.37001509,1285.0,2.8886347556093584e-08,1296.0,BID
924,1712370770.1499608,840187.05843109,1285.0,3.353274535144807e-08,1296.0,BID
925,1712370780.7797244,840187.05843109,1285.0,0.0,1296.0,BID
926,1712370783.3104265,840187.05843138,1285.0,2.5737634223362202e-17,1296.0,BID
927,1712370798.3094783,840196.09640803,1285.0,-8.021507037586111e-10,1296.0,ASK
928,1712370800.6801114,840527.97288603,1286.0,2.945514916626436e-08,1296.0,BID
929,1712370800.6857984,840841.33086466,1286.0,2.7811570312574765e-08,1296.0,BID
930,1712370800.689253,840910.11389968,1285.0,6.104724772397283e-09,1296.0,BID
931,1712370800.692839,841764.42786331,1286.0,7.582322611470884e-08,1296.0,BID
932,1712370800.759616,844257.54817519,1286.0,-2.212727793136273e-07,1296.0,ASK
933,1712370800.7674286,846775.89360119,1286.0,-2.2351159269267882e-07,1296.0,ASK
934,1712370810.831505,846775.89360119,1286.0,-0.0,1296.0,ASK
935,1712370824.6897914,847089.25157982,1286.0,2.7790671124624373e-08,1296.0,BID
936,1712370824.6975007,852403.17757982,1286.0,4.712743249501445e-07,1296.0,BID
937,1712370824.7692208,856562.10357982,1286.0,-3.688412377529456e-07,1296.0,ASK
938,1712370824.7728183,856852.43707982,1286.0,-2.5748707118406746e-08,1296.0,ASK
939,1712370824.7895448,860719.51164682,1286.0,-3.4295791023337175e-07,1296.0,ASK
940,1712370824.849749,864851.77136082,1286.0,-3.664762940308189e-07,1296.0,ASK
941,1712370824.9096522,865075.98136082,1286.0,-1.9884435048032748e-08,1296.0,ASK
942,1712370825.319658,867338.34254682,1286.0,-2.0064124730481934e-07,1296.0,ASK
943,1712370825.3759508,867338.34254778,1286.0,-8.514603234182585e-17,1296.0,ASK
944,1712370840.579628,867338.34254778,1286.0,-0.0,1296.0,ASK
945,1712370850.6495442,867343.29044824,1286.0,4.377860617930791e-10,1296.0,BID
1145,1712370850.6495442,867343.29044824,1286.0,4.3778606179307907e-10,1296.0,BID
946,1712370853.5104375,867347.33399411,1286.0,3.5776953000982755e-10,1296.0,BID
947,1712370857.239464,867353.69286949,1285.0,-5.62627933314897e-10,1296.0,ASK
948,1712370866.4598448,868519.05174487,1285.0,-1.0310997093699597e-07,1296.0,ASK
949,1712370866.470562,868562.69286949,1285.0,-3.861329918440111e-09,1296.0,ASK
950,1712370870.5664363,868562.69286949,1285.0,-0.0,1296.0,ASK
951,1712370870.96343,869916.68431678,1286.0,1.1978334754591885e-07,1296.0,BID
952,1712370870.967156,870562.69286949,1286.0,5.715033661533536e-08,1296.0,BID
953,1712370872.0916717,871562.69286949,1285.0,-8.84668420806271e-08,1296.0,ASK
954,1712370886.1093812,871683.50011645,1286.0,1.0687435639005731e-08,1296.0,BID
955,1712370898.7193255,873208.7014222,1286.0,1.3492974305694642e-07,1296.0,BID
956,1712370898.7273395,874463.44518195,1286.0,1.110032180454591e-07,1296.0,BID
957,1712370898.7334044,874478.67230375,1286.0,1.3470953796187766e-09,1296.0,BID
958,1712370900.8024986,874478.67230375,1286.0,0.0,1296.0,BID
959,1712370903.5192008,874634.67230375,1286.0,-1.3951208663456728e-08,1296.0,ASK
960,1712370904.181836,875313.96522894,1286.0,-6.074972655728515e-08,1296.0,ASK
961,1712370910.7386596,875818.85827092,1286.0,-4.5153001162757815e-08,1296.0,ASK
962,1712370914.5792708,880395.46761637,1286.0,-4.0928994839422026e-07,1296.0,ASK
963,1712370925.3091223,881561.17551637,1286.0,-1.0425021893295177e-07,1296.0,ASK
964,1712370930.8190506,881561.17551637,1286.0,-0.0,1296.0,ASK
965,1712370934.779213,881561.17558664,1286.0,-6.279192456599438e-15,1296.0,ASK
966,1712370934.7863464,881611.17558664,1286.0,-4.4679019319242375e-09,1296.0,ASK
967,1712370941.2091136,881790.21281763,1286.0,1.5998415804532826e-08,1296.0,BID
968,1712370960.548776,881790.21281763,1286.0,0.0,1296.0,BID
969,1712370987.928732,881800.21281763,1285.0,-8.935568682426792e-10,1296.0,ASK
970,1712370987.9378326,881916.91407763,1285.0,-1.0427921240557616e-08,1296.0,ASK
971,1712370990.518572,881916.91407763,1285.0,-0.0,1296.0,ASK
972,1712370996.262785,881916.91407813,1285.0,-4.467753363807747e-17,1296.0,ASK
973,1712370996.2708876,882306.01913563,1285.0,-3.4768243847838216e-08,1296.0,ASK
974,1712371001.1590793,882306.01913649,1285.0,-7.684119696961075e-17,1296.0,ASK
975,1712371001.1676514,882657.25312163,1285.0,-3.1384297396341616e-08,1296.0,ASK
976,1712371020.8306854,882657.25312163,1285.0,-0.0,1296.0,ASK
977,1712371049.7589276,887381.65312163,1285.0,-4.221099835246971e-07,1296.0,ASK
978,1712371049.8382823,891824.14989563,1285.0,-3.969228346629618e-07,1296.0,ASK
979,1712371050.8181417,891824.14989563,1285.0,-0.0,1296.0,ASK
980,1712371051.2737978,895242.34989563,1285.0,-3.0508411601445465e-07,1296.0,ASK
981,1712371052.7783978,895642.49219563,1285.0,-3.5713843506954696e-08,1296.0,ASK
982,1712371074.79865,895642.49226559,1285.0,-6.244131708287537e-15,1296.0,ASK
983,1712371074.806766,895667.09219563,1285.0,-2.195614039628261e-09,1296.0,ASK
984,1712371080.5205016,895667.09219563,1285.0,-0.0,1296.0,ASK
985,1712371082.1482227,895672.57832478,1285.0,-4.8943698309963e-10,1296.0,ASK
986,1712371082.1559465,896149.13599563,1284.0,-4.251539515664236e-08,1296.0,ASK
987,1712371090.666442,896332.488676,1284.0,-1.6357541040229035e-08,1296.0,ASK
988,1712371096.0681849,896532.488676,1285.0,1.784270729744614e-08,1296.0,BID
989,1712371096.1945906,896810.681476,1285.0,-2.4818563513281364e-08,1296.0,ASK
990,1712371105.398032,896810.6814862,1285.0,-9.099746153691893e-16,1296.0,ASK
991,1712371107.9038107,897226.06387265,1284.0,-3.705773168971661e-08,1296.0,ASK
992,1712371110.5382645,897226.06387265,1284.0,-0.0,1296.0,ASK
993,1712371130.965149,897452.75263614,1284.0,-2.0220094486012704e-08,1296.0,ASK
994,1712371137.1179123,898183.21573614,1284.0,-6.515555810158989e-08,1296.0,ASK
995,1712371140.8388157,898183.21573614,1284.0,-0.0,1296.0,ASK
996,1712371149.087958,898297.25883614,1284.0,-1.0171256240119138e-08,1296.0,ASK
997,1712371160.108436,900514.58033614,1284.0,-1.9775808569938018e-07,1296.0,ASK
998,1712371170.7979617,900514.58033614,1284.0,-0.0,1296.0,ASK
999,1712371189.467742,906861.10599263,1284.0,-5.658817506217794e-07,1296.0,ASK
1000,1712371200.6489508,906861.10599263,1284.0,-0.0,1296.0,ASK
1201,1712371203.1177552,907154.42129263,1284.0,-2.6495984198847872e-08,1296.0,ASK
1202,1712371219.8478806,907699.16836415,1285.0,4.920851315754988e-08,1296.0,BID
1203,1712371219.8504686,908252.20501163,1285.0,4.9957333534979444e-08,1296.0,BID
1204,1712371219.9875824,908252.2050126,1285.0,8.763081759029093e-17,1296.0,BID
1205,1712371229.8755338,911252.2050126,1286.0,2.709983168165422e-07,1296.0,BID
1206,1712371230.5327277,911252.2050126,1286.0,0.0,1296.0,BID
1207,1712371230.808144,911378.8246156,1287.0,1.1432069947002193e-08,1296.0,BID
1208,1712371230.9277782,911629.52645766,1286.0,-2.2635049600272533e-08,1296.0,ASK
1209,1712371242.497849,911637.14001856,1286.0,-6.874035196136559e-10,1296.0,ASK
1210,1712371260.8275766,911637.14001856,1286.0,-0.0,1296.0,ASK
1211,1712371272.657681,911637.1400193,1287.0,6.681390650214528e-17,1296.0,BID
1212,1712371272.6604517,911642.7207639,1288.0,5.03844657824739e-10,1296.0,BID
1213,1712371280.1112778,911721.50900952,1288.0,7.113215081659489e-09,1296.0,BID
1214,1712371283.459781,911846.86459958,1288.0,1.1317440396933452e-08,1296.0,BID
1215,1712371290.827564,911846.86459958,1288.0,0.0,1296.0,BID
1216,1712371299.5676315,911926.94868476,1289.0,7.230030644959076e-09,1296.0,BID
1217,1712371311.507326,912082.03250824,1289.0,1.4001043949945716e-08,1296.0,BID
1218,1712371318.2175844,912305.46074757,1289.0,2.0171211466963858e-08,1296.0,BID
1219,1712371320.5500126,912305.46074757,1289.0,0.0,1296.0,BID
1220,1712371331.2877562,912770.9378616,1288.0,-4.2021260492678685e-08,1296.0,ASK
1221,1712371334.1174002,913505.7188616,1288.0,-6.633285047842104e-08,1296.0,ASK
1222,1712371340.9475138,913616.8088616,1288.0,-1.002872469435774e-08,1296.0,ASK
1223,1712371343.9375515,913857.0510616,1288.0,-2.1688026678974934e-08,1296.0,ASK
1224,1712371344.117695,913857.0511277,1288.0,-5.967225492359021e-15,1296.0,ASK
1225,1712371350.557328,913857.0511277,1288.0,-0.0,1296.0,ASK
1226,1712371363.297524,913867.0511277,1288.0,9.025939081534207e-10,1296.0,BID
1227,1712371380.777185,913867.0511277,1288.0,0.0,1296.0,BID
1228,1712371393.8175814,914097.0511277,1288.0,2.075963575360193e-08,1296.0,BID
1229,1712371410.827099,914097.0511277,1288.0,0.0,1296.0,BID
1230,1712371421.6975825,914155.17673515,1288.0,5.246235544083002e-09,1296.0,BID
1231,1712371421.701699,914820.80442372,1288.0,6.007747345958876e-08,1296.0,BID
1232,1712371430.5071237,915097.0511277,1288.0,-2.493316355621344e-08,1296.0,ASK
1233,1712371433.1177144,917758.8135167,1288.0,2.402423487286616e-07,1296.0,BID
1234,1712371433.96567,917758.81351704,1288.0,3.069177325202905e-17,1296.0,BID
1235,1712371436.6670928,921934.29443445,1288.0,-3.7686584903890633e-07,1296.0,ASK
1236,1712371440.5970793,921934.29443445,1288.0,-0.0,1296.0,ASK
1237,1712371450.097167,922004.58276075,1288.0,-6.338229835502241e-09,1296.0,ASK
1238,1712371461.4970622,922165.05190941,1290.0,1.4470259846196016e-08,1296.0,BID
1239,1712371461.506951,922544.87331998,1289.0,3.4250287684508144e-08,1296.0,BID
1240,1712371470.5170712,922544.87331998,1289.0,0.0,1296.0,BID
1241,1712371485.9972146,923085.16387921,1288.0,-4.87170896454621e-08,1296.0,ASK
1242,1712371493.2070117,923213.16387921,1288.0,-1.1541544393272152e-08,1296.0,ASK
1243,1712371500.563141,923213.16387921,1288.0,-0.0,1296.0,ASK
1244,1712371509.946929,924216.41924721,1289.0,9.075412334563284e-08,1296.0,BID
1245,1712371510.0270555,924434.54411221,1289.0,1.9731497617026503e-08,1296.0,BID
1246,1712371510.0304575,924434.54411267,1289.0,4.160754069572887e-17,1296.0,BID
1247,1712371530.5274072,924434.54411267,1289.0,0.0,1296.0,BID
1248,1712371543.7972496,924519.75290374,1290.0,7.706859318858195e-09,1296.0,BID
1249,1712371543.8003435,927535.31930646,1290.0,2.7274821929272225e-07,1296.0,BID
1250,1712371551.9770412,928077.68378313,1290.0,4.905511120098607e-08,1296.0,BID
1251,1712371560.5601945,928077.68378313,1290.0,0.0,1296.0,BID
1252,1712371575.5872831,931074.51647792,1290.0,2.709386486654748e-07,1296.0,BID
1253,1712371575.5902865,931239.75467087,1290.0,1.4938909597334923e-08,1296.0,BID
1254,1712371575.5932603,931590.98865601,1290.0,3.17544791421488e-08,1296.0,BID
1255,1712371575.7067485,931702.07865601,1290.0,-1.00434617296339e-08,1296.0,ASK
1256,1712371577.177216,931852.07865601,1290.0,-1.3561249972504521e-08,1296.0,ASK
1257,1712371578.657046,932618.98865601,1290.0,-6.933505477609255e-08,1296.0,ASK
1258,1712371580.1934285,933801.66865601,1290.0,-1.0692412744987177e-07,1296.0,ASK
1259,1712371581.6769333,936150.37855601,1290.0,-2.123429471119754e-07,1296.0,ASK
1260,1712371582.8602238,936158.12448939,1290.0,-7.00296925574984e-10,1296.0,ASK
1261,1712371583.1770153,936258.84988939,1290.0,-9.106415519880182e-09,1296.0,ASK
1262,1712371584.6881075,936987.85988939,1290.0,-6.590857894969378e-08,1296.0,ASK
1263,1712371587.1169562,937816.41928939,1290.0,-7.490867426979154e-08,1296.0,ASK
1264,1712371587.6768732,938531.01928939,1290.0,-6.460579486900944e-08,1296.0,ASK
1265,1712371589.1867597,939387.58608939,1290.0,-7.74407766196579e-08,1296.0,ASK
1266,1712371590.537004,939387.58608939,1290.0,-0.0,1296.0,ASK
1267,1712371604.7268105,941059.57949164,1290.0,-1.509630107164444e-07,1296.0,ASK
1268,1712371608.4768777,942364.51309676,1290.0,-1.178214612263955e-07,1296.0,ASK
1269,1712371612.4167788,944578.80143996,1290.0,-1.9992640786379026e-07,1296.0,ASK
1270,1712371616.147149,946584.2367624,1290.0,-1.8106922770463122e-07,1296.0,ASK
1271,1712371620.782468,946584.2367624,1290.0,-0.0,1296.0,ASK
1272,1712371621.172916,948025.41242956,1290.0,-1.300136736456477e-07,1296.0,ASK
1273,1712371622.8169124,948029.28539625,1291.0,3.4939434431680707e-10,1296.0,BID
1274,1712371648.9570084,948121.51539025,1291.0,8.320401609259134e-09,1296.0,BID
1275,1712371648.9609854,948129.28539625,1291.0,7.00960366818229e-10,1296.0,BID
1276,1712371650.7997482,948129.28539625,1291.0,0.0,1296.0,BID
1277,1712371653.5369968,948133.19375625,1291.0,3.525239137401676e-10,1296.0,BID
1278,1712371653.540168,953896.05456743,1291.0,5.197950668557611e-07,1296.0,BID
1279,1712371680.5165946,953896.05456743,1291.0,0.0,1296.0,BID
1280,1712371692.5669782,953981.21725332,1291.0,7.676298204885646e-09,1296.0,BID
1281,1712371700.236821,954033.48860689,1290.0,-4.711576359793813e-09,1296.0,ASK
1282,1712371700.2400708,954149.70956617,1290.0,-1.0475793849948952e-08,1296.0,ASK
1283,1712371710.547138,954149.70956617,1290.0,-0.0,1296.0,ASK
1284,1712371737.0482,954169.08941113,1289.0,-1.7467870911002623e-09,1296.0,ASK
1285,1712371740.1398509,956547.88746008,1291.0,2.144110921851725e-07,1296.0,BID
1286,1712371740.1438468,957204.99472801,1291.0,5.922784704732936e-08,1296.0,BID
1287,1712371740.5987933,957204.99472801,1291.0,0.0,1296.0,BID
1288,1712371752.4367683,957591.90893937,1291.0,3.486181423626317e-08,1296.0,BID
1289,1712371770.5267396,957591.90893937,1291.0,0.0,1296.0,BID
1290,1712371800.596599,957591.90893937,1291.0,0.0,1296.0,BID
1291,1712371807.4168508,957595.78190606,1291.0,3.4963480699994763e-10,1296.0,BID
1292,1712371822.3370905,957640.74097447,1290.0,-4.058711696925804e-09,1296.0,ASK
1293,1712371830.516598,957640.74097447,1290.0,-0.0,1296.0,ASK
1294,1712371838.14724,957648.35453537,1290.0,-6.87315685906023e-10,1296.0,ASK
1295,1712371847.356958,958027.78190537,1290.0,-3.4252879367373793e-08,1296.0,ASK
1296,1712371848.0365124,958027.78190606,1290.0,-6.22893071001636e-17,1296.0,ASK
1297,1712371860.7965338,958027.78190606,1290.0,-0.0,1296.0,ASK
1298,1712371870.746951,960027.78190606,1289.0,-1.805422500860264e-07,1296.0,ASK
1299,1712371884.3367577,960417.49351946,1289.0,-3.517970578394802e-08,1296.0,ASK
1300,1712371890.7967272,960417.49351946,1289.0,-0.0,1296.0,ASK
1301,1712371903.1925423,960517.49351946,1290.0,9.024603072623097e-09,1296.0,BID
1302,1712371905.8366325,960670.4914794,1289.0,-1.3807458593795512e-08,1296.0,ASK
1303,1712371920.544652,960670.4914794,1289.0,-0.0,1296.0,ASK
1304,1712371950.547158,960670.4914794,1289.0,-0.0,1296.0,ASK
1305,1712371980.8167596,960670.4914794,1289.0,-0.0,1296.0,ASK
1306,1712372000.98682,960680.4914794,1289.0,-9.024337400172111e-10,1296.0,ASK
1307,1712372000.9902475,964483.41841273,1289.0,-3.431889575457193e-07,1296.0,ASK
1308,1712372010.797513,964483.41841273,1289.0,-0.0,1296.0,ASK
1309,1712372040.537785,964483.41841273,1289.0,-0.0,1296.0,ASK
1310,1712372053.816783,965400.81397851,1290.0,-8.27521677664984e-08,1296.0,ASK
1311,1712372056.6667907,965439.57366843,1290.0,3.496254486591305e-09,1296.0,BID
1312,1712372064.736699,965447.31960181,1290.0,6.987092618254201e-10,1296.0,BID
1313,1712372068.1266286,965455.07153979,1290.0,6.992508969633254e-10,1296.0,BID
1314,1712372070.5266502,965455.07153979,1290.0,0.0,1296.0,BID
1315,1712372071.4369144,965462.82347777,1290.0,6.99171845903783e-10,1296.0,BID
1316,1712372099.7966554,965501.58316769,1290.0,3.495859231345892e-09,1296.0,BID
1317,1712372100.796743,965501.58316769,1290.0,0.0,1296.0,BID
1318,1712372114.9769237,966315.73266917,1289.0,-7.372841089446302e-08,1296.0,ASK
1319,1712372125.166675,967451.64873296,1289.0,-1.028672082221758e-07,1296.0,ASK
1320,1712372130.7866144,967451.64873296,1289.0,-0.0,1296.0,ASK
1321,1712372160.5566027,967451.64873296,1289.0,-0.0,1296.0,ASK
1322,1712372165.2279413,968191.499044,1289.0,-6.698471669560953e-08,1296.0,ASK
1323,1712372181.387596,968424.23760103,1289.0,-2.1071730421904284e-08,1296.0,ASK
1324,1712372190.547603,968424.23760103,1289.0,-0.0,1296.0,ASK
1325,1712372218.4271314,968477.19365115,1290.0,4.794001405505069e-09,1296.0,BID
1326,1712372218.4294622,970288.1906385,1291.0,1.6394580190662145e-07,1296.0,BID
1327,1712372218.4310503,975326.15698321,1290.0,4.5607664625142553e-07,1296.0,BID
1328,1712372220.8267925,975326.15698321,1290.0,0.0,1296.0,BID
1329,1712372250.8066068,975326.15698321,1290.0,0.0,1296.0,BID
1330,1712372258.0266726,975558.59890178,1290.0,-2.102553458109605e-08,1296.0,ASK
1331,1712372280.5614262,975558.59890178,1290.0,-0.0,1296.0,ASK
1332,1712372281.056743,977020.87388789,1290.0,1.32266501676807e-07,1296.0,BID
1333,1712372288.3589976,977380.29109559,1291.0,3.2510203044219646e-08,1296.0,BID
1334,1712372288.3669417,982881.72206759,1291.0,4.976184615033246e-07,1296.0,BID
1335,1712372291.27676,982921.6895519,1290.0,-3.6151608833670974e-09,1296.0,ASK
1336,1712372291.617123,983019.40902382,1290.0,-8.83897544533511e-09,1296.0,ASK
1337,1712372291.636774,983738.16183486,1290.0,-6.501302476597353e-08,1296.0,ASK
1338,1712372291.6967802,984451.27942827,1290.0,-6.450330496005669e-08,1296.0,ASK
1339,1712372310.5367324,984451.27942827,1290.0,-0.0,1296.0,ASK
1340,1712372313.9468813,984528.79880811,1290.0,-7.004553741114046e-09,1296.0,ASK
1341,1712372313.9497375,985836.09999532,1290.0,-1.1812609234664913e-07,1296.0,ASK
1342,1712372340.5266314,985836.09999532,1290.0,-0.0,1296.0,ASK
1343,1712372341.026732,987596.83487904,1290.0,1.5907211413044689e-07,1296.0,BID
1344,1712372344.0765944,987729.6395302,1290.0,1.1998124659033362e-08,1296.0,BID
1345,1712372345.9268026,987764.51046043,1290.0,3.15038490159503e-09,1296.0,BID
1346,1712372361.9068322,988166.03295499,1290.0,3.627521250992816e-08,1296.0,BID
1347,1712372368.55695,988264.3924638,1290.0,8.886207205811186e-09,1296.0,BID
1348,1712372368.5599325,990192.73433298,1290.0,1.7421442644938617e-07,1296.0,BID
1349,1712372370.5299482,990192.73433298,1290.0,0.0,1296.0,BID
1350,1712372393.5367675,990692.73433298,1290.0,4.514915601469965e-08,1296.0,BID
1351,1712372395.9766524,992077.50549934,1290.0,1.2504249886929106e-07,1296.0,BID
1352,1712372395.986667,992271.30394896,1290.0,1.7499672874602608e-08,1296.0,BID
1353,1712372400.6974275,992271.30394896,1290.0,0.0,1296.0,BID
1354,1712372430.594051,992271.30394896,1290.0,0.0,1296.0,BID
1355,1712372445.896979,992926.30394896,1291.0,5.9253152855057886e-08,1296.0,BID
1356,1712372457.63693,994301.94810887,1291.0,1.244446621088705e-07,1296.0,BID
1357,1712372457.6407132,996799.27064144,1291.0,2.2591486068816773e-07,1296.0,BID
1358,1712372460.696717,998348.45731843,1291.0,1.4014380911863838e-07,1296.0,BID
1359,1712372460.8167083,998348.45731843,1291.0,0.0,1296.0,BID
1360,1712372466.2171645,998363.94918519,1291.0,1.400444145201089e-09,1296.0,BID
1361,1712372485.808551,999913.13586218,1291.0,1.4004441460895088e-07,1296.0,BID
1362,1712372490.8169525,999913.13586218,1291.0,0.0,1296.0,BID
1363,1712372492.334398,1002131.71155531,1291.0,2.0051967517518506e-07,1296.0,BID
1364,1712372492.3376014,1002726.77977517,1291.0,5.3783554251909243e-08,1296.0,BID
1365,1712372494.3367548,1003421.24083317,1291.0,-6.276689418494339e-08,1296.0,ASK
1366,1712372516.4469488,1003421.2408337,1291.0,-4.790606895868516e-17,1296.0,ASK
1367,1712372516.4600725,1003459.97050017,1291.0,-3.5004711194888558e-09,1296.0,ASK
1368,1712372520.529077,1003459.97050017,1291.0,-0.0,1296.0,ASK
1369,1712372522.5269597,1003554.62228849,1290.0,-8.551294574171204e-09,1296.0,ASK
1370,1712372522.53133,1003554.62228894,1291.0,-4.0660717338194026e-17,1296.0,ASK
1371,1712372534.4969528,1003566.23925194,1291.0,-1.0495319151793395e-09,1296.0,ASK
1372,1712372545.7369027,1003566.23925253,1291.0,-5.330277172011571e-17,1296.0,ASK
1373,1712372545.7406914,1005890.01926802,1291.0,-2.09941384000706e-07,1296.0,ASK
1374,1712372550.497543,1005890.01926802,1291.0,-0.0,1296.0,ASK
1375,1712372563.8969607,1006855.21295093,1291.0,8.71754993567731e-08,1296.0,BID
1376,1712372563.9067595,1007408.69358588,1291.0,4.9989915589377855e-08,1296.0,BID
1377,1712372580.79678,1007408.69358588,1291.0,0.0,1296.0,BID
1378,1712372581.926948,1008956.68120197,1292.0,1.3978821415172548e-07,1296.0,BID
1379,1712372597.5270226,1010120.40816201,1292.0,1.0508825252433926e-07,1296.0,BID
1380,1712372598.516863,1010159.10785241,1292.0,3.4947053535831462e-09,1296.0,BID
1381,1712372610.8268542,1010159.10785241,1292.0,0.0,1296.0,BID
1382,1712372620.9769392,1010170.71273108,1292.0,1.047621343994142e-09,1296.0,BID
1383,1712372627.586971,1010723.21202322,1292.0,4.9876441403934496e-08,1296.0,BID
1384,1712372628.626869,1012919.71970123,1292.0,1.9828801240851417e-07,1296.0,BID
1385,1712372635.3112278,1013011.42097625,1291.0,-8.278260868872208e-09,1296.0,ASK
1386,1712372640.5912418,1013011.42097625,1291.0,-0.0,1296.0,ASK
1387,1712372649.826965,1013233.07767986,1291.0,-2.0003231067274865e-08,1296.0,ASK
1388,1712372649.836762,1013958.56954662,1291.0,-6.547143042312844e-08,1296.0,ASK
1389,1712372649.838978,1016290.60392164,1291.0,-2.104525678700415e-07,1296.0,ASK
1390,1712372668.6271155,1016824.42892834,1291.0,-4.8174608683586333e-08,1296.0,ASK
1391,1712372670.5785048,1016824.42892834,1291.0,-0.0,1296.0,ASK
1392,1712372687.1171875,1017860.22892834,1291.0,-9.34334320615211e-08,1296.0,ASK
1393,1712372693.7470398,1018484.53716415,1291.0,-5.6315177771771726e-08,1296.0,ASK
1394,1712372693.7510571,1018488.41090543,1291.0,-3.4942744033887307e-10,1296.0,ASK
1395,1712372700.8309498,1018488.41090543,1291.0,-0.0,1296.0,ASK
1396,1712372717.5369515,1019515.25026743,1291.0,9.299741488776041e-08,1296.0,BID
1397,1712372718.4369717,1019833.38956543,1291.0,2.8812814723603364e-08,1296.0,BID
1398,1712372721.837041,1020860.22892834,1291.0,9.299741497017776e-08,1296.0,BID
1399,1712372721.8409033,1021028.92701343,1291.0,1.5278422692456308e-08,1296.0,BID
1400,1712372721.8569074,1021028.92701435,1291.0,8.331353012107872e-17,1296.0,BID
1401,1712372726.2870688,1021044.43732435,1291.0,-1.404717025360428e-09,1296.0,ASK
1402,1712372730.7871218,1021044.43732435,1291.0,-0.0,1296.0,ASK
1403,1712372750.0669882,1021083.13701475,1292.0,3.503854691933827e-09,1296.0,BID
1404,1712372760.5395677,1021083.13701475,1292.0,0.0,1296.0,BID
1405,1712372790.5080876,1021083.13701475,1292.0,0.0,1296.0,BID
1406,1712372791.367046,1021973.74279545,1292.0,8.063473078189727e-08,1296.0,BID
1407,1712372811.2270496,1023460.68939759,1292.0,1.3462694892500712e-07,1296.0,BID
1408,1712372815.267174,1024751.27603574,1292.0,1.168486757812749e-07,1296.0,BID
1409,1712372815.2702396,1027103.79431571,1292.0,2.1299511217608845e-07,1296.0,BID
1410,1712372815.3481426,1027131.23810473,1292.0,2.4847385759485903e-09,1296.0,BID
1411,1712372815.3521166,1028278.45894473,1292.0,1.0386845177231222e-07,1296.0,BID
1412,1712372815.3560712,1028292.77055095,1292.0,1.2957613116959152e-09,1296.0,BID
1413,1712372818.5769794,1028489.27055095,1292.0,-1.7790951891407383e-08,1296.0,ASK
1414,1712372820.8072283,1028489.27055095,1292.0,-0.0,1296.0,ASK
1415,1712372822.2670958,1028738.47137843,1292.0,-2.2542912476173683e-08,1296.0,ASK
1416,1712372838.4172,1028947.77055095,1292.0,-1.8933375844548803e-08,1296.0,ASK
1417,1712372850.836987,1028947.77055095,1292.0,-0.0,1296.0,ASK
1418,1712372854.401743,1029134.80681062,1291.0,-1.6918547758031396e-08,1296.0,ASK
1419,1712372859.496961,1029142.57681662,1293.0,7.02843490466591e-10,1296.0,BID
1420,1712372859.499028,1029538.49514433,1293.0,3.581317947364063e-08,1296.0,BID
1421,1712372875.2617016,1029615.89452513,1292.0,-7.001236673671406e-09,1296.0,ASK
1422,1712372875.2659202,1029707.02496364,1292.0,-8.243292925453906e-09,1296.0,ASK
1423,1712372880.5191145,1029707.02496364,1292.0,-0.0,1296.0,ASK
1424,1712372890.516597,1030241.10645656,1293.0,4.8306576329395894e-08,1296.0,BID
1425,1712372890.5188174,1031562.41126894,1293.0,1.1950931200531273e-07,1296.0,BID
1426,1712372891.6968598,1031582.81126894,1292.0,-1.8451381861841103e-09,1296.0,ASK
1427,1712372897.136567,1031816.72012181,1293.0,2.115657629982618e-08,1296.0,BID
1428,1712372897.1398532,1032147.31014865,1293.0,2.9901190318303486e-08,1296.0,BID
1429,1712372897.9193306,1032904.99311461,1292.0,-6.853087125061e-08,1296.0,ASK
1430,1712372910.5806212,1032904.99311461,1292.0,-0.0,1296.0,ASK
1431,1712372928.7857823,1033885.5156794,1292.0,-8.865310620477124e-08,1296.0,ASK
1432,1712372936.1255572,1034271.46381871,1292.0,-3.489516979256052e-08,1296.0,ASK
1433,1712372940.7957082,1034271.46381871,1292.0,-0.0,1296.0,ASK
1434,1712372943.9120145,1034634.80011298,1292.0,-3.2845496287161685e-08,1296.0,ASK
1435,1712372956.6838574,1034672.92003521,1292.0,-3.446029983293045e-09,1296.0,ASK
1436,1712372956.686538,1035721.20011298,1292.0,-9.47642169122622e-08,1296.0,ASK
1437,1712372967.4453008,1035798.53963347,1293.0,6.991470362766493e-09,1296.0,BID
1438,1712372970.343015,1035838.15061568,1293.0,3.580821375756652e-09,1296.0,BID
1439,1712372970.7849364,1035838.15061568,1293.0,0.0,1296.0,BID
1440,1712373000.5945864,1035838.15061568,1293.0,0.0,1296.0,BID
1441,1712373002.8928182,1036028.85545468,1293.0,1.72802540918457e-08,1296.0,BID
1442,1712373012.7044666,1036181.71277648,1292.0,-1.3850793584227057e-08,1296.0,ASK
1443,1712373012.90406,1036318.19041392,1292.0,-1.2366588415814936e-08,1296.0,ASK
1444,1712373013.044698,1036494.98899509,1292.0,-1.6020172438811585e-08,1296.0,ASK
1445,1712373013.1239724,1036594.92756434,1292.0,-9.055689825543813e-09,1296.0,ASK
1446,1712373030.5458405,1036594.92756434,1292.0,-0.0,1296.0,ASK
1447,1712373034.5235472,1036594.9275652,1293.0,7.79268206810655e-17,1296.0,BID
1448,1712373052.3133397,1036602.6975732,1294.0,7.039979491970251e-10,1296.0,BID
1449,1712373052.3176243,1038823.97625142,1294.0,2.012579181474948e-07,1296.0,BID
1450,1712373052.321701,1038908.98397941,1294.0,7.702085528248247e-09,1296.0,BID
1451,1712373052.5931242,1038916.70423056,1294.0,6.99489753020348e-10,1296.0,BID
1452,1712373060.7746131,1038916.70423056,1294.0,0.0,1296.0,BID
1453,1712373074.4827762,1038939.88815637,1294.0,2.099997138966552e-09,1296.0,BID
1454,1712373080.872686,1039092.29292947,1293.0,-1.38048055405758e-08,1296.0,ASK
1455,1712373090.7860017,1039092.29292947,1293.0,-0.0,1296.0,ASK
1456,1712373111.0221145,1039876.62566296,1293.0,-7.10433010642507e-08,1296.0,ASK
1457,1712373118.702433,1041667.02719655,1293.0,-1.6217101460339514e-07,1296.0,ASK
1458,1712373120.5419204,1041667.02719655,1293.0,-0.0,1296.0,ASK
1459,1712373121.8992898,1042047.99546727,1293.0,-3.449694681704721e-08,1296.0,ASK
1460,1712373126.041938,1042197.0341737,1293.0,-1.349556045620464e-08,1296.0,ASK
1461,1712373130.0221596,1042346.80425095,1293.0,-1.3561786602104414e-08,1296.0,ASK
1462,1712373142.6151447,1042624.40502425,1293.0,-2.5136946693236786e-08,1296.0,ASK
1463,1712373150.5514562,1042624.40502425,1293.0,-0.0,1296.0,ASK
1464,1712373165.0415676,1043012.89960115,1293.0,-3.517451639983314e-08,1296.0,ASK
1465,1712373165.0460615,1043343.83779027,1293.0,-2.996332884083596e-08,1296.0,ASK
1466,1712373176.1265304,1043909.87404369,1292.0,-5.124923914691602e-08,1296.0,ASK
1467,1712373178.491182,1043911.87404369,1294.0,1.8108111922959847e-10,1296.0,BID
1468,1712373180.7709656,1043911.87404369,1294.0,0.0,1296.0,BID
1469,1712373182.0514882,1043911.87404444,1293.0,6.789043746348475e-17,1296.0,BID
1470,1712373182.0563295,1044429.14550444,1293.0,4.6826991964770295e-08,1296.0,BID
1471,1712373186.100867,1044431.14550444,1294.0,1.8105383956336558e-10,1296.0,BID
1472,1712373202.11086,1044508.36558167,1295.0,6.990495736936733e-09,1296.0,BID
1473,1712373202.1144865,1044785.25538998,1294.0,2.506598146525208e-08,1296.0,BID
1474,1712373202.1179743,1047897.30435085,1294.0,2.817242066373491e-07,1296.0,BID
1475,1712373202.1214552,1047912.21202668,1295.0,1.3495459739891114e-09,1296.0,BID
1476,1712373202.125156,1049388.13922333,1294.0,1.3361114293473405e-07,1296.0,BID
1477,1712373210.7806015,1049388.13922333,1294.0,0.0,1296.0,BID
1478,1712373226.2305098,1049539.55807095,1293.0,-1.3698694689966156e-08,1296.0,ASK
1479,1712373226.2504404,1049689.95579053,1293.0,-1.3606314372193742e-08,1296.0,ASK
1480,1712373226.2706106,1049798.41342047,1293.0,-9.812041121022468e-09,1296.0,ASK
1481,1712373229.1687038,1050156.88761761,1293.0,-3.243076181093446e-08,1296.0,ASK
1482,1712373229.1717634,1050386.61342047,1293.0,-2.0783037813650932e-08,1296.0,ASK
1483,1712373232.5003934,1051160.00862542,1293.0,-6.996820378584547e-08,1296.0,ASK
1484,1712373240.510219,1051160.00862542,1293.0,-0.0,1296.0,ASK
1485,1712373258.0535817,1051402.80073468,1293.0,-2.196058032082491e-08,1296.0,ASK
1486,1712373261.949885,1052176.19593962,1293.0,-6.995370471306922e-08,1296.0,ASK
1487,1712373261.9599192,1053003.21189654,1293.0,-7.480370924700652e-08,1296.0,ASK
1488,1712373267.1800709,1053197.21189654,1293.0,1.7547327197853906e-08,1296.0,BID
1489,1712373270.559702,1053197.21189654,1293.0,0.0,1296.0,BID
1490,1712373272.3599467,1054185.70599109,1292.0,-8.938813225923714e-08,1296.0,ASK
1491,1712373272.3622236,1054197.21189654,1292.0,-1.0404628654681751e-09,1296.0,ASK
1492,1712373293.0193872,1054762.21189654,1295.0,5.10921562454585e-08,1296.0,BID
1493,1712373298.4199018,1055237.21189654,1295.0,4.295358268423502e-08,1296.0,BID
1494,1712373300.5631847,1055237.21189654,1295.0,0.0,1296.0,BID
1495,1712373300.5718513,1055852.21189654,1293.0,-5.561997445790903e-08,1296.0,ASK
1496,1712373300.57402,1055911.05057481,1292.0,-5.32131021548097e-09,1296.0,ASK
