,time,acc_trade_volume,trade_price,dev,high,ask_bid
0,1712365207.1674151,4824434.01532647,236.8,0.0,239.5,BID
1,1712365230.445531,4824434.01532647,236.8,0.0,239.5,BID
2,1712365260.3369553,4824434.01532647,236.8,0.0,239.5,BID
3,1712365290.2755744,4824434.01532647,236.8,0.0,239.5,BID
4,1712365320.4455624,4824434.01532647,236.8,0.0,239.5,BID
5,1712365344.9255714,4825278.60992106,236.8,5.072735970649159e-08,239.5,BID
6,1712365350.435577,4825278.60992106,236.8,0.0,239.5,BID
7,1712365380.3171413,4825278.60992106,236.8,0.0,239.5,BID
8,1712365410.3017898,4825278.60992106,236.8,0.0,239.5,BID
9,1712365427.0618834,4829278.60992106,236.5,-2.402418897284679e-07,239.5,ASK
10,1712365440.438683,4829278.60992106,236.5,-0.0,239.5,ASK
11,1712365460.3359234,4831444.71925539,236.5,-1.3009015860002314e-07,239.5,ASK
12,1712365465.5757625,4834339.89545739,236.5,1.7387577133067105e-07,239.5,BID
13,1712365466.3257658,4835433.55521839,236.5,6.568199005846152e-08,239.5,BID
14,1712365466.4257407,4836813.52101639,236.5,8.287668894605098e-08,239.5,BID
15,1712365467.066003,4838109.94613839,236.5,7.785948154192802e-08,239.5,BID
16,1712365467.2056348,4839532.34176539,236.5,8.542489973875883e-08,239.5,BID
17,1712365470.4257956,4839532.34176539,236.5,0.0,239.5,BID
18,1712365472.4456527,4840781.20013539,236.5,7.499184053194205e-08,239.5,BID
19,1712365473.8855894,4841613.17060181,236.5,4.9958424464924215e-08,239.5,BID
20,1712365473.8957071,4847949.49098996,236.8,3.804853612881734e-07,239.5,BID
21,1712365492.3655713,4849521.79048596,236.8,9.441393508255498e-08,239.5,BID
22,1712365500.3100457,4849521.79048596,236.8,0.0,239.5,BID
23,1712365530.435494,4849521.79048596,236.8,0.0,239.5,BID
24,1712365560.402604,4849521.79048596,236.8,0.0,239.5,BID
25,1712365583.7359755,4852033.85629921,236.3,-1.5085979056257278e-07,239.5,ASK
26,1712365588.3763573,4861325.29514813,236.3,-5.579887721808911e-07,239.5,ASK
27,1712365588.3777566,4865630.90842274,236.3,-2.5856962561456977e-07,239.5,ASK
28,1712365588.3791652,4867524.17694511,236.2,-1.136984912007107e-07,239.5,ASK
29,1712365588.3805273,4878082.74164641,236.2,-6.340848440665619e-07,239.5,ASK
30,1712365590.3057704,4878082.74164641,236.2,-0.0,239.5,ASK
31,1712365612.0373814,4880082.74164641,236.3,-1.200595000479812e-07,239.5,ASK
32,1712365620.4281943,4880082.74164641,236.3,-0.0,239.5,ASK
33,1712365626.3516586,4881350.70445284,236.6,7.611333096993746e-08,239.5,BID
34,1712365626.3529065,4883116.30449541,236.6,1.059855223822328e-07,239.5,BID
35,1712365627.1256387,4887436.70393641,236.6,2.593451408098537e-07,239.5,BID
36,1712365627.8697526,4888886.98135284,236.6,8.705732095229396e-08,239.5,BID
37,1712365627.8710856,4890139.69485141,236.6,7.519794480064187e-08,239.5,BID
38,1712365650.4357617,4890139.69485141,236.6,0.0,239.5,BID
39,1712365665.3156986,4890372.57995509,236.3,-1.3977641455227196e-08,239.5,ASK
40,1712365671.055903,4897728.17153536,236.2,-4.4147873855121234e-07,239.5,ASK
41,1712365675.2757518,4899733.22896554,236.0,-1.2034249255672306e-07,239.5,ASK
42,1712365675.2768776,4899839.16116893,236.0,-6.357995140714613e-09,239.5,ASK
43,1712365675.29564,4913720.84313691,236.2,8.33171251736109e-07,239.5,BID
44,1712365680.2757552,4913720.84313691,236.2,0.0,239.5,BID
45,1712365701.4259176,4915837.69326392,236.2,1.270097750411736e-07,239.5,BID
46,1712365702.7676313,4919739.06180065,236.2,2.340798405519632e-07,239.5,BID
47,1712365710.3153582,4919739.06180065,236.2,0.0,239.5,BID
48,1712365740.4197474,4919739.06180065,236.2,0.0,239.5,BID
49,1712365743.7743402,4920832.50897465,236.2,6.560059872437837e-08,239.5,BID
50,1712365744.4960225,4921865.62321765,236.2,6.198096671060045e-08,239.5,BID
51,1712365744.596457,4923060.77030265,236.2,7.170201378170227e-08,239.5,BID
52,1712365745.6563303,4925680.33079265,236.2,1.5715870014109097e-07,239.5,BID
53,1712365746.2858012,4927692.32045665,236.2,1.207079132162415e-07,239.5,BID
54,1712365747.2662272,4929058.10241365,236.2,8.193913362855826e-08,239.5,BID
55,1712365747.3258944,4931401.9771509,236.2,1.4061912614960828e-07,239.5,BID
56,1712365747.6860597,4932679.6072199,236.2,7.665052273908851e-08,239.5,BID
57,1712365748.0259783,4934295.7176539,236.2,9.695741558995193e-08,239.5,BID
58,1712365748.2658346,4934402.55956089,236.2,6.409905511718683e-09,239.5,BID
59,1712365749.2034233,4934509.40146788,236.2,-6.409905511718683e-09,239.5,ASK
60,1712365752.226036,4934616.24337487,236.0,-6.409905511718683e-09,239.5,ASK
61,1712365755.22342,4934723.08528186,236.1,-6.409905511718683e-09,239.5,ASK
62,1712365761.246558,4941142.24337487,236.1,-3.85112901858435e-07,239.5,ASK
63,1712365761.2482228,4947668.24337487,235.9,-3.915228073701537e-07,239.5,ASK
64,1712365761.2501578,4951178.24337487,235.8,-2.105799959958994e-07,239.5,ASK
65,1712365761.2514057,4951202.75477487,235.9,-1.470544305952811e-09,239.5,ASK
66,1712365761.252638,4954772.75477487,235.9,-2.1417965404711133e-07,239.5,ASK
67,1712365761.2538838,4970755.1275103,235.8,-9.588512782426573e-07,239.5,ASK
68,1712365768.4962673,4972176.1742553,236.4,8.525470594648763e-08,239.5,BID
69,1712365770.426043,4972176.1742553,236.4,0.0,239.5,BID
70,1712365770.7260792,4973146.8513583,236.4,5.819189278676698e-08,239.5,BID
71,1712365800.3380404,4973146.8513583,236.4,0.0,239.5,BID
72,1712365811.956137,4974215.4076693,236.4,6.408041622985818e-08,239.5,BID
73,1712365830.3400724,4974215.4076693,236.4,0.0,239.5,BID
74,1712365847.8519285,4974237.07999528,235.6,-1.2996513309815543e-09,239.5,ASK
75,1712365847.856216,4976989.07999528,235.8,-1.6503260730645077e-07,239.5,ASK
76,1712365847.8575573,4996989.07999528,235.5,-1.1993648786806011e-06,239.5,ASK
77,1712365847.8588843,5002920.95287303,235.6,-3.557239997185458e-07,239.5,ASK
78,1712365847.8606062,5007920.95287303,235.2,-2.998412196701504e-07,239.5,ASK
79,1712365847.8618982,5009196.46307711,235.2,-7.649010705864346e-08,239.5,ASK
80,1712365847.863227,5011317.80376442,235.7,-1.272130758037526e-07,239.5,ASK
81,1712365847.8645184,5014069.80376442,235.8,-1.6503260730645077e-07,239.5,ASK
82,1712365847.8656614,5014112.32077122,235.2,-2.549670235157798e-09,239.5,ASK
83,1712365847.866556,5019112.32077122,235.7,-2.998412196701504e-07,239.5,ASK
84,1712365847.8674638,5025638.32077122,235.4,-3.913527599134802e-07,239.5,ASK
85,1712365847.868758,5029088.32077122,235.3,-2.068904415724037e-07,239.5,ASK
86,1712365847.8700244,5029110.32077122,235.1,-1.3193013665486616e-09,239.5,ASK
87,1712365847.870909,5035636.32077122,235.2,-3.913527599134802e-07,239.5,ASK
88,1712365847.8716805,5036622.21146223,235.4,-5.912213345079402e-08,239.5,ASK
89,1712365847.8724537,5038742.62234522,235.2,-1.2715731707150897e-07,239.5,ASK
90,1712365847.87323,5044739.91291667,235.1,-3.596469839319317e-07,239.5,ASK
91,1712365848.4759147,5045586.29463482,236.3,5.075602533534308e-08,239.5,BID
92,1712365859.4701064,5045669.42015435,235.4,-4.984891432313004e-09,239.5,ASK
93,1712365860.4460244,5045669.42015435,235.4,-0.0,239.5,ASK
94,1712365868.90601,5049126.29463482,235.4,-2.070937611972709e-07,239.5,ASK
95,1712365869.030058,5050458.18761875,235.4,7.979078474288429e-08,239.5,BID
96,1712365870.8560896,5050500.66850235,236.0,2.5449364775751227e-09,239.5,BID
97,1712365871.581054,5070500.66850235,235.2,-1.1981560937040975e-06,239.5,ASK
98,1712365871.5818946,5073688.08881684,235.3,-1.909513536501131e-07,239.5,ASK
99,1712365871.5826914,5077378.08881684,235.2,-2.2105979928840602e-07,239.5,ASK
100,1712365871.5835006,5115892.44128787,235.1,-2.3073103054115665e-06,239.5,ASK
101,1712365871.5842943,5119402.44128787,235.3,-2.1027639444506922e-07,239.5,ASK
102,1712365875.179086,5119444.92217147,235.9,2.5449364775751227e-09,239.5,BID
103,1712365886.026214,5121798.92217147,235.4,-1.4102297222897228e-07,239.5,ASK
104,1712365886.028365,5124969.06536408,235.2,-1.8991631920699805e-07,239.5,ASK
105,1712365886.030317,5126191.06536408,235.4,-7.320733732532036e-08,239.5,ASK
106,1712365886.031991,5132717.06536408,235.3,-3.909583333756471e-07,239.5,ASK
107,1712365890.4361343,5132717.06536408,235.3,-0.0,239.5,ASK
108,1712365909.9260662,5133133.48019717,235.3,-2.4915939554196333e-08,239.5,ASK
109,1712365917.6260805,5133810.28473836,235.3,-4.049620642270436e-08,239.5,ASK
110,1712365917.6282115,5136433.27864273,235.3,-1.569453160140871e-07,239.5,ASK
111,1712365920.3047905,5136433.27864273,235.3,-0.0,239.5,ASK
112,1712365924.2799137,5136485.27864273,235.3,-3.111227000554942e-09,239.5,ASK
113,1712365950.285952,5136485.27864273,235.3,-0.0,239.5,ASK
114,1712365980.4591444,5136485.27864273,235.3,-0.0,239.5,ASK
115,1712365995.4362228,5136599.18161056,235.3,-6.814956337052155e-09,239.5,ASK
116,1712365995.4382107,5144698.04648561,235.3,-4.845651659001335e-07,239.5,ASK
117,1712366010.4462771,5144698.04648561,235.3,-0.0,239.5,ASK
118,1712366040.2836552,5144698.04648561,235.3,-0.0,239.5,ASK
119,1712366046.881771,5144723.54584812,235.4,-1.525482218371045e-09,239.5,ASK
120,1712366046.9376671,5147689.86608383,235.4,1.7745811378023128e-07,239.5,BID
121,1712366053.508506,5147851.6566299,235.2,-9.679010643409574e-09,239.5,ASK
122,1712366065.0762064,5151211.6566299,235.9,2.0100974099950084e-07,239.5,BID
123,1712366065.0777955,5155493.1419539,236.0,2.56136980973335e-07,239.5,BID
124,1712366070.3060195,5155493.1419539,236.0,0.0,239.5,BID
125,1712366074.9564457,5157905.19183025,236.1,1.442772922440926e-07,239.5,BID
126,1712366078.5598187,5158913.1419539,236.1,6.029075765936733e-08,239.5,BID
127,1712366083.7560258,5158955.49688824,236.2,2.533469684679097e-09,239.5,BID
128,1712366100.340831,5158955.49688824,236.2,0.0,239.5,BID
129,1712366121.9562871,5159027.9754669,236.2,4.341866775628955e-09,239.5,BID
130,1712366130.286976,5159027.9754669,236.2,0.0,239.5,BID
131,1712366160.426024,5159027.9754669,236.2,0.0,239.5,BID
132,1712366162.2362883,5161487.8997167,236.0,-1.473628845205334e-07,239.5,ASK
133,1712366164.2260692,5163947.8239665,236.0,-1.4736288452047768e-07,239.5,ASK
134,1712366189.041544,5165641.67643417,236.1,1.0147100489305633e-07,239.5,BID
135,1712366190.4360683,5165641.67643417,236.1,0.0,239.5,BID
136,1712366195.7325864,5166439.67957404,236.1,4.780027225437475e-08,239.5,BID
137,1712366197.6522849,5168587.81531852,236.1,1.286730193095909e-07,239.5,BID
138,1712366210.8561983,5169011.81531852,236.1,2.5397538459778618e-08,239.5,BID
139,1712366215.416572,5169033.95176236,236.1,1.3259697730521361e-09,239.5,BID
140,1712366215.9164145,5169644.31617104,236.1,3.6560739490415975e-08,239.5,BID
141,1712366220.2908316,5169644.31617104,236.1,0.0,239.5,BID
142,1712366229.8960598,5169750.24837443,236.0,-6.344964440036156e-09,239.5,ASK
143,1712366229.8977823,5169789.9276625,236.0,-2.3766490618523755e-09,239.5,ASK
144,1712366232.0068738,5170385.03296096,236.1,3.5644703271947743e-08,239.5,BID
145,1712366239.9461434,5171584.99679106,236.1,7.18735907270811e-08,239.5,BID
146,1712366240.291102,5172571.12409686,236.1,5.9065538980409626e-08,239.5,BID
147,1712366250.298458,5172571.12409686,236.1,0.0,239.5,BID
148,1712366280.4462233,5172571.12409686,236.1,0.0,239.5,BID
149,1712366285.2290127,5173588.88574576,236.0,-6.095780131614778e-08,239.5,ASK
150,1712366285.233611,5174118.13066799,235.6,-3.1698587632723284e-08,239.5,ASK
151,1712366293.72611,5180644.13066799,235.5,-3.908681485681682e-07,239.5,ASK
152,1712366293.72836,5184118.13066799,235.5,-2.0807170519856213e-07,239.5,ASK
153,1712366303.826109,5187778.08015381,236.3,2.192089609830523e-07,239.5,BID
154,1712366305.2562108,5190381.60612191,236.0,-1.5593554626116656e-07,239.5,ASK
155,1712366310.4460762,5190381.60612191,236.0,-0.0,239.5,ASK
156,1712366340.3091066,5190381.60612191,236.0,-0.0,239.5,ASK
157,1712366370.4090352,5190381.60612191,236.0,-0.0,239.5,ASK
158,1712366400.340124,5190381.60612191,236.0,-0.0,239.5,ASK
159,1712366401.096235,5194674.49966249,236.4,2.575035446894715e-07,239.5,BID
160,1712366401.0991125,5200097.93343755,236.5,3.2531750630790924e-07,239.5,BID
161,1712366401.101386,5206623.93343755,236.5,3.914534839399992e-07,239.5,BID
162,1712366406.7820516,5206747.50845678,236.0,-7.4124841871321e-09,239.5,ASK
163,1712366406.786247,5206876.6701036,236.2,-7.747590658803781e-09,239.5,ASK
164,1712366406.7884767,5210386.6701036,236.1,-2.105427104856569e-07,239.5,ASK
165,1712366406.7907271,5217442.5330628,236.5,-4.232366131752788e-07,239.5,ASK
166,1712366406.791814,5219870.71895881,236.2,-1.4565152139858061e-07,239.5,ASK
167,1712366424.0559478,5219913.05596135,236.8,2.539529136356485e-09,239.5,BID
168,1712366430.319947,5219913.05596135,236.8,0.0,239.5,BID
169,1712366442.5960824,5220877.59229852,236.0,-5.783221838118e-08,239.5,ASK
170,1712366442.5983248,5221388.60402205,236.0,-3.0639531608807255e-08,239.5,ASK
171,1712366453.7055235,5221436.60402205,236.0,-2.8780113048326767e-09,239.5,ASK
172,1712366457.8256948,5221782.44641195,236.8,2.073621474626152e-08,239.5,BID
173,1712366457.8281512,5223851.5958959,236.8,1.2406324179581513e-07,239.5,BID
174,1712366460.4285483,5223851.5958959,236.8,0.0,239.5,BID
175,1712366477.1457176,5226656.75016001,236.8,1.681836425202431e-07,239.5,BID
176,1712366479.0757186,5227501.3447546,236.8,5.0637855175577466e-08,239.5,BID
177,1712366490.4341574,5227501.3447546,236.8,0.0,239.5,BID
178,1712366514.8055167,5227659.3338455,236.1,-9.471779987386228e-09,239.5,ASK
179,1712366517.7657762,5227840.21890972,236.7,1.0844441989869588e-08,239.5,BID
180,1712366520.2965896,5227840.21890972,236.7,0.0,239.5,BID
181,1712366550.2955625,5227840.21890972,236.7,0.0,239.5,BID
182,1712366569.0921226,5228533.95591743,236.1,-4.1590800400306574e-08,239.5,ASK
183,1712366571.5155404,5231898.93293177,236.1,-2.017365165755839e-07,239.5,ASK
184,1712366575.6939316,5232025.35518208,236.1,-7.57924475754065e-09,239.5,ASK
185,1712366580.4255052,5232025.35518208,236.1,-0.0,239.5,ASK
186,1712366588.325713,5232067.71011642,236.7,2.539105241142701e-09,239.5,BID
187,1712366593.7857504,5248914.44449892,236.1,-1.0099326615175734e-06,239.5,ASK
188,1712366593.7883952,5251032.19121641,236.1,-1.269552620854973e-07,239.5,ASK
189,1712366594.1799967,5257132.19121641,236.1,3.656844760167108e-07,239.5,BID
190,1712366594.185438,5258433.37523476,236.1,7.80037370412645e-08,239.5,BID
191,1712366594.2728927,5260777.249972,236.3,-1.4051124674364122e-07,239.5,ASK
192,1712366610.4461672,5260777.249972,236.3,-0.0,239.5,ASK
193,1712366636.9057596,5260819.5690579,236.6,2.535924124110067e-09,239.5,BID
194,1712366640.3168783,5260819.5690579,236.6,0.0,239.5,BID
195,1712366661.9156127,5261300.31383604,236.6,2.8808078506395386e-08,239.5,BID
196,1712366661.918151,5264647.99475014,236.6,2.006059326551309e-07,239.5,BID
197,1712366670.3188505,5264647.99475014,236.6,0.0,239.5,BID
198,1712366695.0555756,5264672.99475014,236.2,-1.498014966424935e-09,239.5,ASK
199,1712366695.1773942,5265772.99475014,236.2,6.591265852269714e-08,239.5,BID
200,1712366695.178872,5265800.6053844,236.5,1.654445734151387e-09,239.5,BID
201,1712366700.4456596,5265800.6053844,236.5,0.0,239.5,BID
202,1712366714.3768325,5271163.28332704,236.6,3.2218285839494725e-07,239.5,BID
203,1712366714.378796,5272447.0753224,236.5,7.712858744709047e-08,239.5,BID
204,1712366728.6355848,5275438.10013519,236.4,1.7969695999320998e-07,239.5,BID
205,1712366730.4455752,5275438.10013519,236.4,0.0,239.5,BID
206,1712366760.2962644,5275438.10013519,236.4,0.0,239.5,BID
207,1712366774.2965007,5276120.67741441,236.6,4.100275797095599e-08,239.5,BID
208,1712366774.2991946,5276175.20657226,236.6,3.2755937382487763e-09,239.5,BID
209,1712366779.666175,5281507.92714264,236.6,3.203391872698717e-07,239.5,BID
210,1712366779.6690016,5282929.16330398,236.6,8.53743658295199e-08,239.5,BID
211,1712366790.2954528,5282929.16330398,236.6,0.0,239.5,BID
212,1712366790.696036,5283055.90601627,236.5,7.61268750115987e-09,239.5,BID
213,1712366793.587016,5283182.64872856,236.5,7.61268750115987e-09,239.5,BID
214,1712366797.15663,5283309.39144085,236.5,7.61268750115987e-09,239.5,BID
215,1712366799.506164,5283436.13415314,236.5,7.61268750115987e-09,239.5,BID
216,1712366802.1161098,5283562.87686543,236.5,7.61268750115987e-09,239.5,BID
217,1712366804.085926,5283689.61957772,236.5,7.61268750115987e-09,239.5,BID
218,1712366806.116412,5283816.36229001,236.5,7.61268750115987e-09,239.5,BID
219,1712366820.4560945,5283816.36229001,236.5,0.0,239.5,BID
220,1712366837.2810426,5283943.31954773,236.3,-7.625477877839668e-09,239.5,ASK
221,1712366837.285889,5284070.27680545,236.3,-7.625477877895607e-09,239.5,ASK
222,1712366840.6178253,5285292.97848545,236.3,7.343955579618204e-08,239.5,BID
223,1712366845.6161296,5287636.85322269,236.3,1.407809626504856e-07,239.5,BID
224,1712366845.7559788,5292549.85322269,236.3,2.950912258717597e-07,239.5,BID
225,1712366847.0262368,5292676.81048041,236.3,7.625477877895607e-09,239.5,BID
226,1712366849.1560676,5293522.66346643,236.3,5.0804761765100936e-08,239.5,BID
227,1712366849.19621,5296490.29983422,236.3,1.7824617417313477e-07,239.5,BID
228,1712366849.5994997,5296617.25709194,236.3,7.625477877895607e-09,239.5,BID
229,1712366850.4493482,5296617.25709194,236.3,0.0,239.5,BID
230,1712366852.326095,5296999.19484918,236.3,2.293629307796841e-08,239.5,BID
231,1712366854.0961924,5297886.19520011,236.3,-5.326653263144101e-08,239.5,ASK
232,1712366854.099039,5298013.15245783,236.3,-7.624092712067552e-09,239.5,ASK
233,1712366855.8559468,5301381.77264132,236.3,2.022938511114683e-07,239.5,BID
234,1712366862.2878764,5301616.97230854,236.1,-1.4124313181776834e-08,239.5,ASK
235,1712366863.2071383,5310172.57325521,236.3,5.137846862514666e-07,239.5,BID
236,1712366880.3068218,5310172.57325521,236.3,0.0,239.5,BID
237,1712366894.9598582,5312106.20077128,236.5,1.1609671297313717e-07,239.5,BID
238,1712366894.9626586,5312350.85459165,236.3,1.4689232608280074e-08,239.5,BID
239,1712366910.3530755,5312350.85459165,236.3,0.0,239.5,BID
240,1712366920.7501633,5316274.83112898,236.3,2.355917491150871e-07,239.5,BID
241,1712366923.3962896,5317774.83112898,236.3,9.005854655621364e-08,239.5,BID
242,1712366940.3375385,5317774.83112898,236.3,0.0,239.5,BID
243,1712366959.7704632,5317986.65128605,236.3,1.2716498435303851e-08,239.5,BID
244,1712366960.355925,5319323.01530278,236.3,-8.022782705309205e-08,239.5,ASK
245,1712366970.4461944,5319323.01530278,236.3,-0.0,239.5,ASK
246,1712366981.0200796,5321018.91042507,236.3,-1.0180982930319892e-07,239.5,ASK
247,1712366981.022282,5323901.47744359,236.3,-1.730494134061411e-07,239.5,ASK
248,1712367000.378265,5323901.47744359,236.3,-0.0,239.5,ASK
249,1712367001.936164,5323943.79652949,236.5,2.542087329231607e-09,239.5,BID
250,1712367003.8760617,5326891.29751349,236.3,-1.770549799226678e-07,239.5,ASK
251,1712367030.343459,5326891.29751349,236.3,-0.0,239.5,ASK
252,1712367031.2259798,5326891.29751384,236.3,-2.1034090197448088e-17,239.5,ASK
253,1712367060.446023,5326891.29751384,236.3,-0.0,239.5,ASK
254,1712367062.8061018,5326981.29751384,236.2,-5.406027696092949e-09,239.5,ASK
255,1712367062.9462602,5329325.17225108,236.1,-1.4078946384104494e-07,239.5,ASK
256,1712367068.145943,5343919.47910108,236.1,-8.766358559597842e-07,239.5,ASK
257,1712367068.2258985,5344798.51110624,236.0,-5.2800792951585226e-08,239.5,ASK
258,1712367068.227422,5344798.51110708,236.1,-5.045943978217575e-17,239.5,ASK
259,1712367090.4362042,5344798.51110708,236.1,-0.0,239.5,ASK
260,1712367111.6363883,5345677.55007508,236.0,-5.278780561911781e-08,239.5,ASK
261,1712367111.6394882,5345702.55007508,235.9,-1.501293103626212e-09,239.5,ASK
262,1712367111.64242,5346480.99961425,235.7,-4.67472369870571e-08,239.5,ASK
263,1712367120.3031032,5346480.99961425,235.7,-0.0,239.5,ASK
264,1712367140.365783,5353422.79664648,235.7,-4.168569465822581e-07,239.5,ASK
265,1712367150.329304,5353422.79664648,235.7,-0.0,239.5,ASK
266,1712367163.74586,5357635.09656223,235.7,-2.5292499397504845e-07,239.5,ASK
267,1712367163.866373,5369825.99243365,236.2,7.319949496712787e-07,239.5,BID
268,1712367163.8928924,5373656.63572254,236.2,2.300086532633866e-07,239.5,BID
269,1712367180.4256742,5373656.63572254,236.2,0.0,239.5,BID
270,1712367198.09927,5377391.51292921,236.2,2.241941291614563e-07,239.5,BID
271,1712367210.4557252,5377391.51292921,236.2,0.0,239.5,BID
272,1712367240.3363428,5377391.51292921,236.2,0.0,239.5,BID
273,1712367264.574291,5377983.57474123,236.2,3.5537916336425734e-08,239.5,BID
274,1712367270.3030255,5377983.57474123,236.2,0.0,239.5,BID
275,1712367300.4444904,5377983.57474123,236.2,0.0,239.5,BID
276,1712367330.4458857,5377983.57474123,236.2,0.0,239.5,BID
277,1712367347.545989,5378124.43600554,235.7,-8.480568368910109e-09,239.5,ASK
278,1712367347.549271,5380358.87152606,235.7,-1.3452444354045441e-07,239.5,ASK
279,1712367353.47681,5380888.19791376,236.1,3.1868155112459814e-08,239.5,BID
280,1712367357.2158637,5380930.6247275,236.2,2.554311125591958e-09,239.5,BID
281,1712367360.2950602,5380930.6247275,236.2,0.0,239.5,BID
282,1712367385.4360695,5382200.7348037,236.2,7.646392219762509e-08,239.5,BID
283,1712367390.3194158,5382200.7348037,236.2,0.0,239.5,BID
284,1712367391.945743,5386493.62834429,236.1,-2.584386624994289e-07,239.5,ASK
285,1712367394.6701448,5386652.4262606,236.1,-9.559873943016041e-09,239.5,ASK
286,1712367398.1957445,5393560.33908254,236.1,-4.158667652679497e-07,239.5,ASK
287,1712367420.4257324,5393560.33908254,236.1,-0.0,239.5,ASK
288,1712367426.5157793,5394566.9360742,236.0,-6.05888735846907e-08,239.5,ASK
289,1712367450.435645,5394566.9360742,236.0,-0.0,239.5,ASK
290,1712367464.4656272,5396711.97048549,236.1,1.2911161220875166e-07,239.5,BID
291,1712367480.31618,5396711.97048549,236.1,0.0,239.5,BID
292,1712367506.0260966,5396976.5599345,236.0,-1.5925399066463704e-08,239.5,ASK
293,1712367510.3154728,5396976.5599345,236.0,-0.0,239.5,ASK
294,1712367540.445937,5396976.5599345,236.0,-0.0,239.5,ASK
295,1712367545.326082,5418226.02869778,235.3,-1.278981453767704e-06,239.5,ASK
296,1712367545.3293724,5420367.6062738,235.7,-1.288991283521973e-07,239.5,ASK
297,1712367545.3325324,5421640.41068618,235.7,-7.66086557665179e-08,239.5,ASK
298,1712367545.3350592,5441640.41068618,235.4,-1.2037773442861777e-06,239.5,ASK
299,1712367545.3364506,5449183.00892191,235.3,-4.539804436612383e-07,239.5,ASK
300,1712367545.3380468,5470432.47768519,235.5,-1.278981453767648e-06,239.5,ASK
301,1712367545.3394706,5470709.97343348,235.2,-1.670215474635371e-08,239.5,ASK
302,1712367545.3408918,5470734.97343348,235.5,-1.5047216803577219e-09,239.5,ASK
303,1712367545.3423214,5509427.37138267,235.1,-2.3288516023669866e-06,239.5,ASK
304,1712367545.3437684,5510513.18589379,235.3,-6.535394542919063e-08,239.5,ASK
305,1712367545.345316,5511787.61240186,235.4,-7.670628786861874e-08,239.5,ASK
306,1712367545.3467712,5518313.61240186,235.2,-3.9279254744057973e-07,239.5,ASK
307,1712367568.5956872,5518340.33000186,235.3,-1.6081020786904892e-09,239.5,ASK
308,1712367568.5982463,5524691.16342227,235.2,-3.822494694412418e-07,239.5,ASK
309,1712367570.4256532,5524691.16342227,235.2,-0.0,239.5,ASK
310,1712367590.055905,5538340.33000186,235.2,-8.200446830935211e-07,239.5,ASK
311,1712367590.058605,5540466.18034199,235.2,-1.2772151752347836e-07,239.5,ASK
312,1712367590.143463,5547122.15732902,235.2,3.998924408446162e-07,239.5,BID
313,1712367590.146289,5565657.35082505,235.2,1.1135981664446245e-06,239.5,BID
314,1712367600.3568466,5565657.35082505,235.2,0.0,239.5,BID
315,1712367608.6378262,5568560.38631384,235.6,1.744164703661824e-07,239.5,BID
316,1712367608.6467824,5572183.35082505,235.6,2.1767032636952337e-07,239.5,BID
317,1712367630.3134625,5572183.35082505,235.6,0.0,239.5,BID
318,1712367635.0156984,5572225.79564678,235.9,2.549880020176273e-09,239.5,BID
319,1712367656.82573,5572345.8670227,235.6,7.213308714028036e-09,239.5,BID
320,1712367660.435723,5572345.8670227,235.6,0.0,239.5,BID
321,1712367690.4364665,5572345.8670227,235.6,0.0,239.5,BID
322,1712367720.2870004,5572345.8670227,235.6,0.0,239.5,BID
323,1712367750.2956195,5572345.8670227,235.6,0.0,239.5,BID
324,1712367780.3456624,5572345.8670227,235.6,0.0,239.5,BID
325,1712367810.3191974,5572345.8670227,235.6,0.0,239.5,BID
326,1712367828.522741,5579454.24493505,235.1,-4.270360522080385e-07,239.5,ASK
327,1712367840.3386042,5579454.24493505,235.1,-0.0,239.5,ASK
328,1712367870.318324,5579454.24493505,235.1,-0.0,239.5,ASK
329,1712367896.475696,5579479.21524887,235.6,1.4999418894317303e-09,239.5,BID
330,1712367896.8557937,5581604.00319503,235.2,-1.2763389637678557e-07,239.5,ASK
331,1712367896.8677795,5667338.76795457,235.1,-5.150001957128731e-06,239.5,ASK
332,1712367900.3404024,5667338.76795457,235.1,-0.0,239.5,ASK
333,1712367904.5558512,5667362.79255168,235.5,1.441616555579187e-09,239.5,BID
334,1712367908.6458433,5667386.81714879,235.6,1.441616555635072e-09,239.5,BID
335,1712367930.315055,5667386.81714879,235.6,0.0,239.5,BID
336,1712367960.464857,5667386.81714879,235.6,0.0,239.5,BID
337,1712367990.436155,5667386.81714879,235.6,0.0,239.5,BID
338,1712368020.3056269,5667386.81714879,235.6,0.0,239.5,BID
339,1712368050.2858553,5667386.81714879,235.6,0.0,239.5,BID
340,1712368080.4457817,5667386.81714879,235.6,0.0,239.5,BID
341,1712368081.33592,5667641.91918961,235.2,-1.530760636579673e-08,239.5,ASK
342,1712368091.7858036,5672653.18056572,235.2,-3.007048328390497e-07,239.5,ASK
343,1712368091.8458064,5687974.11446262,235.1,-9.193451549678884e-07,239.5,ASK
344,1712368091.848271,5693471.79386198,235.1,-3.298927437048263e-07,239.5,ASK
345,1712368091.9257326,5694455.32591998,235.2,5.9017644639888167e-08,239.5,BID
346,1712368098.775772,5702440.89961898,235.2,4.791808736476497e-07,239.5,BID
347,1712368110.4256294,5702440.89961898,235.2,0.0,239.5,BID
348,1712368140.3238657,5702440.89961898,235.2,0.0,239.5,BID
349,1712368144.3657818,5702465.46275673,235.2,1.473202492472636e-09,239.5,BID
350,1712368146.481212,5703328.60907087,235.1,-5.1768194857471086e-08,239.5,ASK
351,1712368146.7956738,5704629.89076456,235.1,-7.804586914151032e-08,239.5,ASK
352,1712368147.0963452,5706579.28442045,235.1,-1.1691713094154072e-07,239.5,ASK
353,1712368168.725703,5706621.8195119,235.2,2.551091125994442e-09,239.5,BID
354,1712368170.3258562,5706621.8195119,235.2,0.0,239.5,BID
355,1712368190.0857246,5708560.44961394,235.2,1.1626472023961149e-07,239.5,BID
356,1712368191.315873,5708802.73303028,235.2,1.4530370486786889e-08,239.5,BID
357,1712368196.7149165,5709017.60196023,235.2,1.2886251999534376e-08,239.5,BID
358,1712368200.3672564,5709017.60196023,235.2,0.0,239.5,BID
359,1712368229.9758997,5709315.22100784,235.2,1.7865231543586903e-08,239.5,BID
360,1712368230.2202847,5710868.07587455,235.5,-9.321349547396464e-08,239.5,ASK
361,1712368230.3055716,5710868.07587455,235.5,-0.0,239.5,ASK
362,1712368236.0959415,5710982.22334929,235.5,-6.851771584064435e-09,239.5,ASK
363,1712368242.305636,5713579.4063636,235.6,1.5589748977490622e-07,239.5,BID
364,1712368242.3114903,5722551.40934702,235.6,5.385499349339423e-07,239.5,BID
365,1712368246.6757262,5724851.66799527,235.6,1.3807442414315553e-07,239.5,BID
366,1712368247.8460634,5727195.54273251,235.7,1.4069250640757397e-07,239.5,BID
367,1712368256.0357845,5727237.98755424,235.8,2.547776234955999e-09,239.5,BID
368,1712368260.425594,5727237.98755424,235.8,0.0,239.5,BID
369,1712368268.4857795,5731193.47161047,235.6,-2.373753791870871e-07,239.5,ASK
370,1712368268.5457802,5735148.9556667,235.6,-2.373753791871429e-07,239.5,ASK
371,1712368268.5656946,5737492.8304139,235.6,-1.4065994173515968e-07,239.5,ASK
372,1712368269.1255348,5738843.2393416,235.6,-8.104035478678045e-08,239.5,ASK
373,1712368275.415725,5757289.57676645,235.6,-1.1069963318245428e-06,239.5,ASK
374,1712368275.6372952,5767400.5739166,235.6,-6.067782724838429e-07,239.5,ASK
375,1712368275.6758804,5767443.01873833,235.6,2.547186516117953e-09,239.5,BID
376,1712368290.461327,5767443.01873833,235.6,0.0,239.5,BID
377,1712368320.3102028,5767443.01873833,235.6,0.0,239.5,BID
378,1712368350.3368108,5767443.01873833,235.6,0.0,239.5,BID
379,1712368380.4472697,5767443.01873833,235.6,0.0,239.5,BID
380,1712368396.7058272,5767724.84744292,235.1,-1.6903414973438002e-08,239.5,ASK
381,1712368410.437593,5767724.84744292,235.1,-0.0,239.5,ASK
382,1712368411.84561,5767746.06985378,235.6,1.2728646375033883e-09,239.5,BID
383,1712368440.2894263,5767746.06985378,235.6,0.0,239.5,BID
384,1712368467.30576,5771808.47812938,235.1,-2.436525388492821e-07,239.5,ASK
385,1712368470.3277297,5771808.47812938,235.1,-0.0,239.5,ASK
386,1712368479.495765,5771851.01322083,235.4,2.5509965240346754e-09,239.5,BID
387,1712368500.325678,5771851.01322083,235.4,0.0,239.5,BID
388,1712368509.9456916,5773001.5291646,235.1,-6.900770839134303e-08,239.5,ASK
389,1712368530.3156075,5773001.5291646,235.1,-0.0,239.5,ASK
390,1712368560.4356875,5773001.5291646,235.1,-0.0,239.5,ASK
391,1712368577.3652122,5779527.5291646,235.1,-3.914217801695535e-07,239.5,ASK
392,1712368590.425173,5779527.5291646,235.1,-0.0,239.5,ASK
393,1712368594.561154,5779570.06425605,235.3,2.5509698507075594e-09,239.5,BID
394,1712368620.3153353,5779570.06425605,235.3,0.0,239.5,BID
395,1712368650.346979,5779570.06425605,235.3,0.0,239.5,BID
396,1712368668.545297,5779697.56106863,235.3,7.646400152120941e-09,239.5,BID
397,1712368680.425175,5779697.56106863,235.3,0.0,239.5,BID
398,1712368710.4253912,5779697.56106863,235.3,0.0,239.5,BID
399,1712368740.3035643,5779697.56106863,235.3,0.0,239.5,BID
400,1712368749.8352883,5783639.7840185,235.2,2.364275570421684e-07,239.5,BID
401,1712368749.8393934,5790708.71326941,235.2,4.239460058319905e-07,239.5,BID
402,1712368767.605553,5796699.14079041,235.3,3.592648519473203e-07,239.5,BID
403,1712368767.6098306,5798728.36113357,235.3,1.2169875081502005e-07,239.5,BID
404,1712368767.613809,5802653.63509469,235.3,2.3541107267399085e-07,239.5,BID
405,1712368767.925184,5805796.63294569,235.3,-1.8849550447806928e-07,239.5,ASK
406,1712368770.3110037,5805796.63294569,235.3,-0.0,239.5,ASK
407,1712368798.9662113,5810455.10269069,235.3,-2.7928029773633814e-07,239.5,ASK
408,1712368799.0674417,5816981.10269069,235.5,3.9124075561155857e-07,239.5,BID
409,1712368799.0714152,5817003.23913453,235.5,1.3271037410792211e-09,239.5,BID
410,1712368799.075345,5833041.39765361,235.5,9.615049429394948e-07,239.5,BID
411,1712368800.4587018,5833041.39765361,235.5,0.0,239.5,BID
412,1712368820.6260316,5855679.12724446,235.2,-1.3593479757366469e-06,239.5,ASK
413,1712368820.635824,5855679.12724544,235.2,-5.883200463887955e-17,239.5,ASK
414,1712368820.6388922,5855679.12724559,235.2,-9.003757363934989e-18,239.5,ASK
415,1712368820.6420083,5875729.12724461,235.1,-1.2039602647786836e-06,239.5,ASK
416,1712368820.6457677,5875754.12724461,235.1,-1.501197337702638e-09,239.5,ASK
417,1712368820.6559625,5906370.48605897,235.1,-1.8384478536906155e-06,239.5,ASK
418,1712368820.7516527,5906470.48605897,235.0,-6.004789350810552e-09,239.5,ASK
419,1712368820.756046,5923070.48605897,235.0,-9.967950322345516e-07,239.5,ASK
420,1712368820.7734938,5923496.01797386,235.0,-2.5552295109603682e-08,239.5,ASK
421,1712368820.779775,5923896.01797386,235.0,-2.4019157403242213e-08,239.5,ASK
422,1712368820.7815874,5929147.08180363,235.0,-3.153153216543124e-07,239.5,ASK
423,1712368820.936406,5929360.02899272,234.8,-1.278703013331725e-08,239.5,ASK
424,1712368820.9826157,5931504.98974625,234.7,-1.2880037490705105e-07,239.5,ASK
425,1712368821.0570767,5931529.98974625,234.6,-1.501197337702638e-09,239.5,ASK
426,1712368826.3562825,5932529.98974625,234.5,-6.004789350810553e-08,239.5,ASK
427,1712368826.3611588,5939002.90254357,234.5,-3.886847783407069e-07,239.5,ASK
428,1712368828.886227,5939024.68582002,234.4,-1.308039864520554e-09,239.5,ASK
429,1712368828.8905993,5941157.79162157,234.4,-1.2808851001298086e-07,239.5,ASK
430,1712368830.2965271,5941157.79162157,234.4,-0.0,239.5,ASK
431,1712368832.3662546,5941157.79162206,234.4,-2.94270238632294e-17,239.5,ASK
432,1712368832.370397,5961207.79162157,234.2,-1.2021259522851822e-06,239.5,ASK
433,1712368832.636001,5965275.45770709,234.2,-2.438826417333906e-07,239.5,ASK
434,1712368834.8560712,5966957.45770709,234.2,-1.0084667589990889e-07,239.5,ASK
435,1712368836.6363158,5986957.45770709,234.2,-1.1991281319846476e-06,239.5,ASK
436,1712368839.1460428,5988106.45770709,234.2,-6.888991118251801e-08,239.5,ASK
437,1712368842.4263103,5988211.09581195,234.2,-6.273724760743657e-09,239.5,ASK
438,1712368853.7732117,5992840.23607784,234.2,-2.7754661598660333e-07,239.5,ASK
439,1712368860.4465082,5992840.23607784,234.2,-0.0,239.5,ASK
440,1712368860.5364895,6036002.26395977,234.2,-2.585963423337619e-06,239.5,ASK
441,1712368866.9468265,6042118.26395977,234.4,3.664274612026362e-07,239.5,BID
442,1712368878.5271142,6048339.78347877,234.6,3.727494444358946e-07,239.5,BID
443,1712368878.566908,6052308.59795977,234.6,2.377832920629333e-07,239.5,BID
444,1712368878.569485,6060185.38192181,234.6,4.719211820882988e-07,239.5,BID
445,1712368887.42717,6064970.44860543,234.4,-2.866873506481807e-07,239.5,ASK
446,1712368890.4571357,6064970.44860543,234.4,-0.0,239.5,ASK
447,1712368894.3175268,6065306.90001207,234.6,-2.013739608185156e-08,239.5,ASK
448,1712368894.323105,6065608.2599168,234.4,-1.8037088402562665e-08,239.5,ASK
449,1712368901.8474102,6065735.91949126,235.0,7.64072125665711e-09,239.5,BID
450,1712368905.6078663,6066968.91949126,234.4,-7.379790626195886e-08,239.5,ASK
451,1712368920.3281815,6066968.91949126,234.4,-0.0,239.5,ASK
452,1712368926.328196,6068459.64811538,234.4,-8.922105916034723e-08,239.5,ASK
453,1712368950.3185112,6068459.64811538,234.4,-0.0,239.5,ASK
454,1712368980.4286208,6068459.64811538,234.4,-0.0,239.5,ASK
455,1712368984.548978,6068587.30768984,235.0,7.640347185807707e-09,239.5,BID
456,1712369010.4392674,6068587.30768984,235.0,0.0,239.5,BID
457,1712369027.4596906,6068629.57591742,235.0,2.529722938264214e-09,239.5,BID
458,1712369036.6196525,6068976.28504376,234.4,-2.0750291176707584e-08,239.5,ASK
459,1712369036.8196402,6081440.89915921,234.4,-7.45998165756592e-07,239.5,ASK
460,1712369040.2939303,6081440.89915921,234.4,-0.0,239.5,ASK
461,1712369040.9597664,6081483.45235069,235.0,2.546318669180986e-09,239.5,BID
462,1712369070.3432758,6081483.45235069,235.0,0.0,239.5,BID
463,1712369100.4403744,6081483.45235069,235.0,0.0,239.5,BID
464,1712369130.440987,6081483.45235069,235.0,0.0,239.5,BID
465,1712369133.2407477,6083751.75184307,234.4,-1.3605142716774788e-07,239.5,ASK
466,1712369152.4010022,6083880.12154781,234.4,-7.699548315233174e-09,239.5,ASK
467,1712369154.5511718,6083912.08902229,235.0,1.917392540352573e-09,239.5,BID
468,1712369160.0314443,6083960.14824683,234.7,-2.8825673634625637e-09,239.5,ASK
469,1712369160.3464756,6083960.14824683,234.7,-0.0,239.5,ASK
470,1712369160.7512488,6085157.88524683,234.7,7.18371425513376e-08,239.5,BID
471,1712369165.2512662,6085181.91124853,234.6,-1.4410169420134334e-09,239.5,ASK
472,1712369174.6513295,6093773.62136107,234.6,5.153083724677845e-07,239.5,BID
473,1712369182.6814027,6093797.63494063,234.5,-1.440271894401665e-09,239.5,ASK
474,1712369182.7457347,6094834.88098063,234.5,6.22113131984307e-08,239.5,BID
475,1712369182.7841396,6094834.88098115,234.5,3.1168931347283915e-17,239.5,BID
476,1712369190.409166,6094834.88098115,234.5,0.0,239.5,BID
477,1712369192.0314586,6094859.84913401,234.6,1.497295602231654e-09,239.5,BID
478,1712369204.1202672,6100804.12595401,234.6,3.56467680684031e-07,239.5,BID
479,1712369204.1239235,6106622.28932015,234.6,3.4890488174964214e-07,239.5,BID
480,1712369220.451922,6106622.28932015,234.6,0.0,239.5,BID
481,1712369250.4523995,6106622.28932015,234.6,0.0,239.5,BID
482,1712369280.346979,6106622.28932015,234.6,0.0,239.5,BID
483,1712369308.1744244,6108966.16406735,234.5,1.405346837424006e-07,239.5,BID
484,1712369310.3232522,6108966.16406735,234.5,0.0,239.5,BID
485,1712369320.2328775,6109008.7898133,234.5,2.555681921206765e-09,239.5,BID
486,1712369320.3327494,6109065.8814273,234.5,3.423001815077113e-09,239.5,BID
487,1712369320.4532695,6111815.8844193,234.5,1.6487999854058185e-07,239.5,BID
488,1712369321.522922,6111815.88442025,234.5,5.695542677369849e-17,239.5,BID
489,1712369340.458588,6111815.88442025,234.5,0.0,239.5,BID
490,1712369370.46322,6111815.88442025,234.5,0.0,239.5,BID
491,1712369400.3700733,6111815.88442025,234.5,0.0,239.5,BID
492,1712369402.993873,6113493.80025882,234.5,-1.0061848905646341e-07,239.5,ASK
493,1712369424.1138694,6117355.2090523,234.5,2.315545926071944e-07,239.5,BID
494,1712369424.1219065,6117615.92331577,234.5,1.5634082868043483e-08,239.5,BID
495,1712369430.3366952,6117615.92331577,234.5,0.0,239.5,BID
496,1712369440.624072,6132405.61395203,234.5,-8.868114414313651e-07,239.5,ASK
497,1712369460.4340382,6132405.61395203,234.5,-0.0,239.5,ASK
498,1712369477.994552,6132448.25787527,234.8,2.5564602570957862e-09,239.5,BID
499,1712369484.014297,6140682.09896213,234.5,-4.936104819305756e-07,239.5,ASK
500,1712369490.4342687,6140682.09896213,234.5,-0.0,239.5,ASK
501,1712369501.7845154,6164739.23511068,234.5,-1.4420333039674545e-06,239.5,ASK
502,1712369520.3518806,6164739.23511068,234.5,-0.0,239.5,ASK
503,1712369550.677507,6164739.23511068,234.5,-0.0,239.5,ASK
504,1712369566.1747978,6166501.90035588,234.5,1.0562199622514837e-07,239.5,BID
505,1712369571.8348153,6168634.09651792,234.5,1.2776493755204498e-07,239.5,BID
506,1712369580.4250154,6168634.09651792,234.5,0.0,239.5,BID
507,1712369592.315124,6168739.29054777,234.5,6.3030659971118805e-09,239.5,BID
508,1712369610.4450734,6168739.29054777,234.5,0.0,239.5,BID
509,1712369640.4627311,6168739.29054777,234.5,0.0,239.5,BID
510,1712369658.5953052,6168765.01824777,234.2,-1.5415623072291763e-09,239.5,ASK
511,1712369670.3146484,6168765.01824777,234.2,-0.0,239.5,ASK
512,1712369686.5416336,6168893.11389251,234.2,7.675281753148649e-09,239.5,BID
513,1712369696.7456446,6177432.19761848,234.1,-5.116479459067831e-07,239.5,ASK
514,1712369696.7490132,6180258.89482946,234.1,-1.6937107869080133e-07,239.5,ASK
515,1712369700.35926,6180258.89482946,234.1,-0.0,239.5,ASK
516,1712369719.4156065,6180448.89482946,234.0,-1.1401630912029295e-08,239.5,ASK
517,1712369730.3316002,6180448.89482946,234.0,-0.0,239.5,ASK
518,1712369741.4358351,6182584.73421433,234.1,1.2816835464739273e-07,239.5,BID
519,1712369745.2257946,6182822.08464168,234.0,-1.4243024997015422e-08,239.5,ASK
520,1712369745.2296553,6182877.72698762,234.0,-3.339009467818952e-09,239.5,ASK
521,1712369760.4458745,6182877.72698762,234.0,-0.0,239.5,ASK
522,1712369761.135855,6182954.7795904,234.0,-4.6236474791732605e-09,239.5,ASK
523,1712369761.1396718,6182984.56459446,234.0,-1.7872901624270615e-09,239.5,ASK
524,1712369768.825817,6183108.56237141,234.0,-7.440657267059459e-09,239.5,ASK
525,1712369769.8259845,6184055.32882956,234.1,5.681202437880988e-08,239.5,BID
526,1712369769.830422,6184483.11327041,234.1,2.566979414324589e-08,239.5,BID
527,1712369775.5863218,6184525.8300581,234.2,2.563279637445906e-09,239.5,BID
528,1712369790.4359462,6184525.8300581,234.2,0.0,239.5,BID
529,1712369820.346446,6184525.8300581,234.2,0.0,239.5,BID
530,1712369823.5262833,6187875.04577823,234.0,-2.009696463275265e-07,239.5,ASK
531,1712369823.5306854,6189383.3971079,234.0,-9.050860218992225e-08,239.5,ASK
532,1712369826.946566,6193481.16302515,234.0,-2.458863913043852e-07,239.5,ASK
533,1712369826.9514651,6193908.5134525,234.0,-2.5643156911707e-08,239.5,ASK
534,1712369850.3555963,6193908.5134525,234.0,-0.0,239.5,ASK
535,1712369863.3033755,6193951.24849523,234.2,2.563977902636617e-09,239.5,BID
536,1712369867.3164208,6194011.97332007,234.2,3.6433123516876795e-09,239.5,BID
537,1712369867.3195653,6194079.34413997,234.2,4.042052668498301e-09,239.5,BID
538,1712369878.437554,6194220.74918701,233.8,-8.483890333763631e-09,239.5,ASK
539,1712369878.442572,6197762.23336151,233.8,-2.124787197066615e-07,239.5,ASK
540,1712369878.4475317,6205711.67733071,233.8,-4.769434490539114e-07,239.5,ASK
541,1712369878.4506426,6276038.6260995,233.7,-4.219411777374709e-06,239.5,ASK
542,1712369880.4263496,6276038.6260995,233.7,-0.0,239.5,ASK
543,1712369910.466801,6276038.6260995,233.7,-0.0,239.5,ASK
544,1712369940.3191986,6276038.6260995,233.7,-0.0,239.5,ASK
545,1712369950.2069602,6276081.41600108,234.1,2.5643160857090604e-09,239.5,BID
546,1712369951.1567895,6276209.56636417,234.1,7.679803536121255e-09,239.5,BID
547,1712369970.3424344,6276209.56636417,234.1,0.0,239.5,BID
548,1712370000.3549287,6276209.56636417,234.1,0.0,239.5,BID
549,1712370025.7875352,6277586.10357546,233.8,-8.253583716911625e-08,239.5,ASK
550,1712370025.792019,6281007.19029471,233.8,-2.0512504426737162e-07,239.5,ASK
551,1712370025.7958615,6281696.67456637,233.7,-4.1340808740737967e-08,239.5,ASK
552,1712370025.7999673,6281774.67456637,233.8,-4.676804409202801e-09,239.5,ASK
553,1712370030.321235,6281774.67456637,233.8,-0.0,239.5,ASK
554,1712370039.8471014,6281902.82492946,234.1,7.683172215211736e-09,239.5,BID
555,1712370060.467352,6281902.82492946,234.1,0.0,239.5,BID
556,1712370090.462149,6281902.82492946,234.1,0.0,239.5,BID
557,1712370120.3549306,6281902.82492946,234.1,0.0,239.5,BID
558,1712370134.7304132,6282030.97529255,234.1,7.683158396103658e-09,239.5,BID
559,1712370150.3263252,6282030.97529255,234.1,0.0,239.5,BID
560,1712370180.3432195,6282030.97529255,234.1,0.0,239.5,BID
561,1712370210.3255603,6282030.97529255,234.1,0.0,239.5,BID
562,1712370231.9688313,6282159.12565564,234.1,7.683144576933615e-09,239.5,BID
563,1712370240.457935,6282159.12565564,234.1,0.0,239.5,BID
564,1712370264.3179374,6300695.22029059,233.7,-1.111313580290656e-06,239.5,ASK
565,1712370270.4553654,6300695.22029059,233.7,-0.0,239.5,ASK
566,1712370293.1981254,6301412.63213599,233.7,-4.300056370394539e-08,239.5,ASK
567,1712370300.34733,6301412.63213599,233.7,-0.0,239.5,ASK
568,1712370302.678347,6317294.97177441,233.7,-9.521427277069456e-07,239.5,ASK
569,1712370324.5283816,6317423.1221375,234.1,7.682585755408487e-09,239.5,BID
570,1712370330.3301296,6317423.1221375,234.1,0.0,239.5,BID
571,1712370360.4444804,6317423.1221375,234.1,0.0,239.5,BID
572,1712370390.4585104,6317423.1221375,234.1,0.0,239.5,BID
573,1712370397.7686827,6317465.89373715,233.8,-2.563572836994341e-09,239.5,ASK
574,1712370397.7734344,6317487.44613715,233.8,-1.291771822010007e-09,239.5,ASK
575,1712370397.7780335,6330324.41661211,233.7,-7.694009363199455e-07,239.5,ASK
576,1712370397.7825794,6331607.56460184,233.8,-7.690718512294798e-08,239.5,ASK
577,1712370397.7852728,6471894.28246101,233.7,-8.408271428577151e-06,239.5,ASK
578,1712370398.5089772,6475711.63676101,233.7,2.287982182722815e-07,239.5,BID
579,1712370398.608406,6477823.03461469,233.6,-1.2654944472561056e-07,239.5,ASK
580,1712370398.6183872,6478055.51149825,233.6,-1.3933811893781956e-08,239.5,ASK
581,1712370398.948423,6478911.30952991,233.7,5.129339575440999e-08,239.5,BID
582,1712370405.4585311,6479106.77258587,233.6,-1.1715338799357357e-08,239.5,ASK
583,1712370405.464315,6485561.29938972,233.6,-3.868606674815844e-07,239.5,ASK
584,1712370405.4690316,6485978.13372191,233.6,-2.4983521314722573e-08,239.5,ASK
585,1712370412.9291725,6486000.14654242,233.7,1.319367738977508e-09,239.5,BID
586,1712370420.324149,6486000.14654242,233.7,0.0,239.5,BID
587,1712370421.368924,6486000.1465426,233.6,-1.0803581875268122e-17,239.5,ASK
588,1712370421.3753016,6486053.8018739,233.4,-3.2083281985046403e-09,239.5,ASK
589,1712370421.3802712,6486076.07596383,233.5,-1.33188238868998e-09,239.5,ASK
590,1712370424.658648,6490306.9107782,233.4,-2.52983372003732e-07,239.5,ASK
591,1712370424.6635702,6490824.35979276,233.4,-3.0940937731391e-08,239.5,ASK
592,1712370424.858711,6490952.89449713,233.4,7.685751006086034e-09,239.5,BID
593,1712370435.5585043,6494942.54665328,233.4,2.385618205079764e-07,239.5,BID
594,1712370435.5784683,6497523.36294125,233.4,1.543202785500327e-07,239.5,BID
595,1712370450.3310316,6497523.36294125,233.4,0.0,239.5,BID
596,1712370461.3524792,6497566.2078427,233.7,2.561505059637766e-09,239.5,BID
597,1712370472.3026564,6499739.84075238,233.7,1.299517914037061e-07,239.5,BID
598,1712370480.4518871,6499739.84075238,233.7,0.0,239.5,BID
599,1712370491.9485917,6500595.63878404,233.7,5.1162752844472274e-08,239.5,BID
600,1712370497.3387718,6501023.35478061,233.7,2.55704348579699e-08,239.5,BID
601,1712370500.6487763,6501451.07077718,233.7,2.55704348579699e-08,239.5,BID
602,1712370503.439064,6501878.78677375,233.7,2.55704348579699e-08,239.5,BID
603,1712370508.9388204,6502007.15647849,233.7,7.6744129261419e-09,239.5,BID
604,1712370510.4490485,6502007.15647849,233.7,0.0,239.5,BID
605,1712370540.370071,6502007.15647849,233.7,0.0,239.5,BID
606,1712370558.45963,6502029.05184727,233.2,-1.308944184039818e-09,239.5,ASK
607,1712370558.4651334,6503720.69796886,233.3,-1.0112962127091021e-07,239.5,ASK
608,1712370558.47004,6508010.70225886,233.1,-2.564641053238487e-07,239.5,ASK
609,1712370558.4741418,6513582.92686237,233.3,-3.3311752180158774e-07,239.5,ASK
610,1712370558.4783027,6514082.92686237,233.1,-2.989089147552721e-08,239.5,ASK
611,1712370558.4809594,6514297.51913704,233.0,-1.282870878726856e-08,239.5,ASK
612,1712370558.4834104,6514386.51913704,233.1,-5.320578682643844e-09,239.5,ASK
613,1712370558.4858582,6517807.48169398,233.0,-2.0451124106270135e-07,239.5,ASK
614,1712370558.4883187,6518189.00548309,233.3,-2.2808172351217685e-08,239.5,ASK
615,1712370558.490783,6519047.00634109,233.1,-5.129282106480314e-08,239.5,ASK
616,1712370558.4932506,6525138.27223856,233.0,-3.641467357796872e-07,239.5,ASK
617,1712370570.3290467,6525138.27223856,233.0,-0.0,239.5,ASK
618,1712370580.0894384,6525181.19069349,233.6,2.564914909249124e-09,239.5,BID
619,1712370600.439098,6525181.19069349,233.6,0.0,239.5,BID
620,1712370630.375308,6525181.19069349,233.6,0.0,239.5,BID
621,1712370640.7093103,6525203.22234447,233.4,1.3172817568272419e-09,239.5,BID
622,1712370660.5174074,6525203.22234447,233.4,0.0,239.5,BID
623,1712370679.3393035,6525632.40689382,233.0,-2.566111835478017e-08,239.5,ASK
624,1712370679.3437805,6560010.08933587,233.0,-2.0554555825596835e-06,239.5,ASK
625,1712370679.3481295,6584111.22753248,233.0,-1.4410168322361633e-06,239.5,ASK
626,1712370688.199393,6584154.14598741,233.4,2.566111835194028e-09,239.5,BID
627,1712370688.2924557,6584282.68069178,233.4,7.685142129469702e-09,239.5,BID
628,1712370690.470038,6584282.68069178,233.4,0.0,239.5,BID
629,1712370720.330092,6584282.68069178,233.4,0.0,239.5,BID
630,1712370722.4695108,6588172.59154403,233.4,2.3238808130224325e-07,239.5,BID
631,1712370722.475042,6592680.90599404,233.4,2.693322764296172e-07,239.5,BID
632,1712370735.2394466,6592702.92822576,233.6,1.3156353371268975e-09,239.5,BID
633,1712370746.0493352,6593567.89551488,233.5,-5.167421474234807e-08,239.5,ASK
634,1712370746.2701125,6596512.29548988,233.5,-1.7590209307257476e-07,239.5,ASK
635,1712370747.4893332,6596512.29549073,233.5,-5.074218568520109e-17,239.5,ASK
636,1712370747.4993129,6597740.32814114,233.3,-7.336418808678293e-08,239.5,ASK
637,1712370747.5024478,6597751.3825683,233.0,-6.60405139133171e-10,239.5,ASK
638,1712370750.351996,6597751.3825683,233.0,-0.0,239.5,ASK
639,1712370754.8693924,6597794.30102323,233.6,2.563520059989118e-09,239.5,BID
640,1712370780.4622867,6597794.30102323,233.6,0.0,239.5,BID
641,1712370780.7026205,6597922.72568076,233.6,7.670802435976971e-09,239.5,BID
642,1712370791.499591,6602900.84211911,233.6,2.973428034480424e-07,239.5,BID
643,1712370810.4605474,6602900.84211911,233.6,0.0,239.5,BID
644,1712370840.3599577,6602900.84211911,233.6,0.0,239.5,BID
645,1712370851.3195434,6603171.25569281,233.1,-1.6150647038786496e-08,239.5,ASK
646,1712370870.36705,6603171.25569281,233.1,-0.0,239.5,ASK
647,1712370872.449376,6603299.68035034,233.6,7.67022704497932e-09,239.5,BID
648,1712370880.0793774,6603406.97648768,233.1,-6.408315585787552e-09,239.5,ASK
649,1712370892.4999373,6603449.87653058,233.6,2.56222656622005e-09,239.5,BID
650,1712370898.169358,6603749.87653058,233.6,1.791765037764306e-08,239.5,BID
651,1712370900.4390228,6603749.87653058,233.6,0.0,239.5,BID
652,1712370928.5391989,6604177.95872236,233.6,2.559898984512692e-08,239.5,BID
653,1712370929.4392295,6604750.11000744,233.6,3.42142121719968e-08,239.5,BID
654,1712370929.449095,6605485.88909608,233.6,4.3999030513368464e-08,239.5,BID
655,1712370929.4526644,6612015.57999519,233.6,3.9047055501888897e-07,239.5,BID
656,1712370929.54894,6612739.60255719,233.6,-4.329599915194797e-08,239.5,ASK
657,1712370929.5582044,6612739.60255797,233.6,-4.667021646463972e-17,239.5,ASK
658,1712370930.451713,6612739.60255797,233.6,-0.0,239.5,ASK
659,1712370960.351801,6612739.60255797,233.6,-0.0,239.5,ASK
660,1712370961.728948,6612868.0272155,233.6,7.6787326703062e-09,239.5,BID
661,1712370990.3327153,6612868.0272155,233.6,0.0,239.5,BID
662,1712371020.536278,6612868.0272155,233.6,0.0,239.5,BID
663,1712371027.5485396,6612909.69388216,233.2,-2.491317686101461e-09,239.5,ASK
664,1712371049.1585965,6613767.32681526,233.3,-5.1279266274735134e-08,239.5,ASK
665,1712371050.449568,6613767.32681526,233.3,-0.0,239.5,ASK
666,1712371058.220958,6614154.47661515,233.2,-2.3148025072557618e-08,239.5,ASK
667,1712371058.226817,6614397.3582618,233.2,-1.4522106037254369e-08,239.5,ASK
668,1712371062.1982448,6617016.22389322,233.1,-1.5658426612863633e-07,239.5,ASK
669,1712371062.2083783,6617865.8333939,233.1,-5.079889497340039e-08,239.5,ASK
670,1712371071.5682898,6618088.26584711,233.1,-1.3299430880032584e-08,239.5,ASK
671,1712371071.5735905,6619620.89476173,233.1,-9.163722298849465e-08,239.5,ASK
672,1712371071.5792892,6619706.69484753,233.1,-5.1300621565108844e-09,239.5,ASK
673,1712371073.305215,6620135.69527653,233.1,2.5650310782665783e-08,239.5,BID
674,1712371080.3136337,6620135.69527653,233.1,0.0,239.5,BID
675,1712371081.7523124,6622069.10744354,233.0,-1.1559014417279977e-07,239.5,ASK
676,1712371081.7574012,6623680.07490479,233.0,-9.631260435871629e-08,239.5,ASK
677,1712371081.7618573,6624798.77404642,233.0,-6.688206336622988e-08,239.5,ASK
678,1712371086.9688258,6625650.53978242,233.1,5.092329814905422e-08,239.5,BID
679,1712371106.0184135,6625691.24808677,233.0,-2.4337690892648563e-09,239.5,ASK
680,1712371106.0241666,6625757.83591976,233.0,-3.980991403081852e-09,239.5,ASK
681,1712371110.3251722,6625757.83591976,233.0,-0.0,239.5,ASK
682,1712371137.8179588,6625886.48085946,233.2,7.69050842916156e-09,239.5,BID
683,1712371137.8239074,6625886.48085972,233.1,1.5533405444824597e-17,239.5,BID
684,1712371140.5258706,6625886.48085972,233.1,0.0,239.5,BID
685,1712371145.4880834,6625993.77699706,233.0,-6.414246613075042e-09,239.5,ASK
686,1712371152.847904,6626476.5995983,233.2,2.8863510947493608e-08,239.5,BID
687,1712371153.8381424,6631876.5995983,233.0,-3.228162035416983e-07,239.5,ASK
688,1712371156.3482234,6632005.3549631,233.0,-7.697095935244649e-09,239.5,ASK
689,1712371156.354178,6632451.90689128,233.0,-2.669522187766293e-08,239.5,ASK
690,1712371156.367902,6632500.08199128,232.9,-2.879944979153212e-09,239.5,ASK
691,1712371156.3737214,6633108.60066882,232.9,-3.6377720234706834e-08,239.5,ASK
692,1712371156.378785,6646492.0935085,232.9,-8.000756201172255e-07,239.5,ASK
693,1712371163.9777477,6646577.93041837,233.0,5.131397290404359e-09,239.5,BID
694,1712371170.449724,6646577.93041837,233.0,0.0,239.5,BID
695,1712371173.8979795,6646685.68903906,232.9,-6.4400386503231125e-09,239.5,ASK
696,1712371176.6878788,6653510.52685049,232.9,-4.078765949908657e-07,239.5,ASK
697,1712371176.694055,6658459.0058098,232.9,-2.9573871263679885e-07,239.5,ASK
698,1712371176.7877562,6659588.91484551,232.9,6.752738495312259e-08,239.5,BID
699,1712371195.0378933,6659696.6734662,232.8,-6.4400386503231125e-09,239.5,ASK
700,1712371200.400849,6659696.6734662,232.8,-0.0,239.5,ASK
701,1712371206.4677193,6660559.32636766,232.8,-5.157166638168062e-08,239.5,ASK
702,1712371212.2476778,6660667.08498835,232.8,-6.4420946437984105e-09,239.5,ASK
703,1712371214.4377594,6668473.32839994,233.2,4.666778263136722e-07,239.5,BID
704,1712371214.445167,6671085.69067035,233.2,1.5617390870598845e-07,239.5,BID
705,1712371228.804617,6685185.69067035,232.8,-8.429351999519856e-07,239.5,ASK
706,1712371228.817508,6685293.44929104,232.8,-6.442094643854087e-09,239.5,ASK
707,1712371230.302648,6685293.44929104,232.8,-0.0,239.5,ASK
708,1712371256.4976628,6685321.55429104,232.9,-1.6795922919479939e-09,239.5,ASK
709,1712371256.504314,6685401.20791173,232.8,-4.760206630107057e-09,239.5,ASK
710,1712371259.4423225,6687545.29024449,233.2,1.281332204044755e-07,239.5,BID
711,1712371260.4489715,6687545.29024449,233.2,0.0,239.5,BID
712,1712371290.467545,6687545.29024449,233.2,0.0,239.5,BID
713,1712371292.7674,6687610.66594221,233.0,-3.906816310728844e-09,239.5,ASK
714,1712371292.791545,6687635.83717508,233.0,1.5042192522130119e-09,239.5,BID
715,1712371294.2075112,6689854.4257944,232.8,-1.3258165506546697e-07,239.5,ASK
716,1712371304.467398,6690364.73723291,233.0,3.0495935356016874e-08,239.5,BID
717,1712371306.9773684,6690389.98411998,233.2,1.5087403062733235e-09,239.5,BID
718,1712371317.5427103,6690415.71310797,233.2,1.5375503963016141e-09,239.5,BID
719,1712371320.3493214,6690415.71310797,233.2,0.0,239.5,BID
720,1712371321.767532,6690544.35804793,233.2,7.687444932281818e-09,239.5,BID
721,1712371329.3463712,6690934.20820481,233.0,-2.3296303871637772e-08,239.5,ASK
722,1712371350.361638,6690934.20820481,233.0,-0.0,239.5,ASK
723,1712371354.757367,6695328.17757669,233.2,2.625688479262053e-07,239.5,BID
724,1712371354.764537,6704255.58541417,233.2,5.33471900340406e-07,239.5,BID
725,1712371354.8172765,6705469.5511157,233.2,7.254251195114419e-08,239.5,BID
726,1712371379.9773295,6705926.30708336,233.2,2.7294202135175216e-08,239.5,BID
727,1712371380.0373545,6707613.63344836,233.2,-1.0082895492370425e-07,239.5,ASK
728,1712371380.0571408,6707613.63344846,233.2,-6.010492489814245e-18,239.5,ASK
729,1712371380.447381,6707613.63344846,233.2,-0.0,239.5,ASK
730,1712371404.6172807,6707696.14518208,232.8,-4.929478231056488e-09,239.5,ASK
731,1712371404.621905,6707721.39206915,232.9,-1.5083185718537031e-09,239.5,ASK
732,1712371405.7372465,6708954.52453514,233.4,7.36707299732664e-08,239.5,BID
733,1712371410.4596438,6708954.52453514,233.4,0.0,239.5,BID
734,1712371426.6072726,6711183.37958542,232.8,-1.33155450551159e-07,239.5,ASK
735,1712371426.6135757,6711208.62647249,233.0,-1.508290376449115e-09,239.5,ASK
736,1712371431.8371704,6711233.87335956,233.3,1.508290376449115e-09,239.5,BID
737,1712371440.355509,6711233.87335956,233.3,0.0,239.5,BID
738,1712371470.3260443,6711233.87335956,233.3,0.0,239.5,BID
739,1712371488.8473272,6711362.57348756,233.1,-7.688512658316253e-09,239.5,ASK
740,1712371492.3369951,6711791.57391586,233.1,-2.5628375625215367e-08,239.5,ASK
741,1712371492.3468738,6711791.57391656,233.1,-4.1839002861973067e-17,239.5,ASK
742,1712371500.3562407,6711791.57391656,233.1,-0.0,239.5,ASK
743,1712371500.787372,6711834.47395946,233.3,2.5657103616552477e-09,239.5,BID
744,1712371505.907347,6711898.76885873,233.3,3.8452663006289554e-09,239.5,BID
745,1712371506.007005,6711963.063758,233.3,3.8452663006289554e-09,239.5,BID
746,1712371530.3222094,6711963.063758,233.3,0.0,239.5,BID
747,1712371560.364339,6711963.063758,233.3,0.0,239.5,BID
748,1712371562.3872457,6713034.10988945,233.3,6.405559053520214e-08,239.5,BID
749,1712371590.334244,6713034.10988945,233.3,0.0,239.5,BID
750,1712371620.443408,6713034.10988945,233.3,0.0,239.5,BID
751,1712371642.637065,6714358.81595746,233.2,7.922493617628701e-08,239.5,BID
752,1712371649.8566964,6714751.3644697,233.2,-2.3476627441604888e-08,239.5,ASK
753,1712371650.4370904,6714751.3644697,233.2,-0.0,239.5,ASK
754,1712371660.3972757,6714880.00940966,233.2,7.693512782909321e-09,239.5,BID
755,1712371680.349518,6714880.00940966,233.2,0.0,239.5,BID
756,1712371687.6884851,6714972.4807275,233.2,5.53016690504287e-09,239.5,BID
757,1712371694.2767875,6715401.1133893,233.3,2.5634004316762424e-08,239.5,BID
758,1712371710.351941,6715401.1133893,233.3,0.0,239.5,BID
759,1712371740.472335,6715401.1133893,233.3,0.0,239.5,BID
760,1712371743.967405,6715478.55364972,233.3,4.631213892696817e-09,239.5,BID
761,1712371743.9854083,6715529.70318784,233.3,3.058931494599252e-09,239.5,BID
762,1712371745.6568906,6715572.56645402,233.3,2.563381795783922e-09,239.5,BID
763,1712371752.4568622,6715820.15247174,233.3,1.4806559258539818e-08,239.5,BID
764,1712371770.3571427,6715820.15247174,233.3,0.0,239.5,BID
765,1712371775.8865893,6716240.49094646,233.4,2.51376479364971e-08,239.5,BID
766,1712371777.0868735,6750303.21695331,233.4,2.0370650454693444e-06,239.5,BID
767,1712371788.6169794,6750711.70436843,233.4,2.4428914899169743e-08,239.5,BID
768,1712371788.621095,6753189.42541169,233.6,1.481760129425154e-07,239.5,BID
769,1712371800.399007,6753189.42541169,233.6,0.0,239.5,BID
770,1712371811.466793,6763189.42541169,233.7,5.981765461957992e-07,239.5,BID
771,1712371830.3279202,6763189.42541169,233.7,0.0,239.5,BID
772,1712371832.8156412,6766700.14105405,233.7,2.0997342276722579e-07,239.5,BID
773,1712371833.7668126,6767468.41557001,233.7,-4.594995612706129e-08,239.5,ASK
774,1712371833.7735424,6785834.19417023,233.4,-1.098444245367823e-06,239.5,ASK
775,1712371860.446704,6785834.19417023,233.4,-0.0,239.5,ASK
776,1712371879.4567597,6785937.80075084,233.4,-6.194677732061449e-09,239.5,ASK
777,1712371890.5181124,6785937.80075084,233.4,-0.0,239.5,ASK
778,1712371902.087155,6785980.64565229,234.0,2.5617096099605517e-09,239.5,BID
779,1712371920.3463411,6785980.64565229,234.0,0.0,239.5,BID
780,1712371927.476704,6786042.20543714,233.4,-3.680675939673519e-09,239.5,ASK
781,1712371950.3764007,6786042.20543714,233.4,-0.0,239.5,ASK
782,1712371951.878829,6786154.55119328,234.0,6.7171769253553556e-09,239.5,BID
783,1712371951.8855913,6786218.54389867,234.0,3.826137620170509e-09,239.5,BID
784,1712371955.4467242,6786377.23962516,234.0,9.488451622465256e-09,239.5,BID
785,1712371980.456602,6786377.23962516,234.0,0.0,239.5,BID
786,1712372010.4531133,6786377.23962516,234.0,0.0,239.5,BID
787,1712372029.956674,6786804.59005251,234.0,2.555125420507011e-08,239.5,BID
788,1712372040.3453126,6786804.59005251,234.0,0.0,239.5,BID
789,1712372070.3232405,6786804.59005251,234.0,0.0,239.5,BID
790,1712372100.440734,6786804.59005251,234.0,0.0,239.5,BID
791,1712372127.636652,6786847.32509524,234.1,2.567982670497613e-09,239.5,BID
792,1712372130.4278996,6786847.32509524,234.1,0.0,239.5,BID
793,1712372160.3286984,6786847.32509524,234.1,0.0,239.5,BID
794,1712372190.359112,6786847.32509524,234.1,0.0,239.5,BID
795,1712372204.0068414,6799709.8294673,234.1,7.729176422777296e-07,239.5,BID
796,1712372204.0138154,6801290.33235709,234.1,9.497361725628505e-08,239.5,BID
797,1712372220.4856942,6801290.33235709,234.1,0.0,239.5,BID
798,1712372250.5045636,6801290.33235709,234.1,0.0,239.5,BID
799,1712372267.2867358,6801333.04914478,234.2,2.5663627510155403e-09,239.5,BID
800,1712372280.3380513,6801333.04914478,234.2,0.0,239.5,BID
801,1712372288.3688488,6803533.04914478,233.5,-1.3217273498390626e-07,239.5,ASK
802,1712372288.3742282,6803961.3146694,233.5,-2.572955713107636e-08,239.5,ASK
803,1712372288.3794022,6811612.65440793,233.5,-4.596811361511124e-07,239.5,ASK
804,1712372310.333842,6811612.65440793,233.5,-0.0,239.5,ASK
805,1712372320.6705818,6815884.33317768,234.1,2.56599117832501e-07,239.5,BID
806,1712372340.3879423,6815884.33317768,234.1,0.0,239.5,BID
807,1712372354.8267934,6820764.30391477,234.1,2.931215194197264e-07,239.5,BID
808,1712372354.833356,6820858.1460831,234.0,5.636746703731387e-09,239.5,BID
809,1712372354.8401496,6834170.13539895,234.1,7.996012158647954e-07,239.5,BID
810,1712372360.886937,6841480.34066186,234.1,4.390965826184827e-07,239.5,BID
811,1712372360.9508562,6842713.49293846,234.1,-7.407082715590472e-08,239.5,ASK
812,1712372370.3367207,6842713.49293846,234.1,-0.0,239.5,ASK
813,1712372400.4282506,6842713.49293846,234.1,-0.0,239.5,ASK
814,1712372408.8967314,6858538.7942155,234.1,9.512831097785888e-07,239.5,BID
815,1712372409.037962,6858538.79421562,234.1,-7.165853066120629e-18,239.5,ASK
816,1712372409.042596,6885207.38909162,234.1,-1.6030901038120134e-06,239.5,ASK
817,1712372430.431081,6885207.38909162,234.1,-0.0,239.5,ASK
818,1712372460.456771,6885207.38909162,234.1,-0.0,239.5,ASK
819,1712372490.447153,6885207.38909162,234.1,-0.0,239.5,ASK
820,1712372509.8471155,6885249.61882134,233.7,-2.536976706262119e-09,239.5,ASK
821,1712372520.3910148,6885249.61882134,233.7,-0.0,239.5,ASK
822,1712372550.350206,6885249.61882134,233.7,-0.0,239.5,ASK
823,1712372562.146861,6885958.45808787,233.7,-4.258392496036317e-08,239.5,ASK
824,1712372577.726925,6886491.08613911,233.7,-3.199793526791161e-08,239.5,ASK
825,1712372577.7329612,6890996.71247762,233.7,-2.706780831114612e-07,239.5,ASK
826,1712372580.4366288,6890996.71247762,233.7,-0.0,239.5,ASK
827,1712372590.7292304,6911858.42418793,233.5,-1.2531781650996014e-06,239.5,ASK
828,1712372590.7324903,6914456.90518813,233.7,-1.56092639812835e-07,239.5,ASK
829,1712372610.4668226,6914456.90518813,233.7,-0.0,239.5,ASK
830,1712372616.4569075,6914482.00121885,234.0,1.507040820472159e-09,239.5,BID
831,1712372628.7569623,6915675.42671485,234.0,7.166635069748016e-08,239.5,BID
832,1712372628.7773712,6915675.42671534,234.0,2.9473432968330054e-17,239.5,BID
833,1712372640.355484,6915675.42671534,234.0,0.0,239.5,BID
834,1712372642.3968618,6915724.03547375,234.1,2.918952788786427e-09,239.5,BID
835,1712372663.9768689,6915766.75226144,234.1,2.565140329365031e-09,239.5,BID
836,1712372670.384024,6915766.75226144,234.1,0.0,239.5,BID
837,1712372671.6908731,6915809.46904913,234.1,2.565137036118974e-09,239.5,BID
838,1712372679.3769157,6916409.80810613,234.1,3.605027514097757e-08,239.5,BID
839,1712372679.4768453,6918099.95182913,234.1,1.0149289061148745e-07,239.5,BID
840,1712372682.4269235,6918269.95182913,234.1,1.0208475864602249e-08,239.5,BID
841,1712372700.466491,6918269.95182913,234.1,0.0,239.5,BID
842,1712372704.05735,6919991.11815014,234.1,1.0344595684911465e-07,239.5,BID
843,1712372704.065513,6920371.97514607,234.1,2.2890359801792825e-08,239.5,BID
1044,1712372709.2569478,6920592.23248247,234.2,-1.323796000348808e-08,239.5,ASK
844,1712372709.2569478,6920592.23248247,234.2,-1.3237960003488081e-08,239.5,ASK
845,1712372709.2644749,6924102.23248247,233.7,-2.1095887370562455e-07,239.5,ASK
846,1712372709.2713664,6930628.23248247,233.6,-3.9222723926008713e-07,239.5,ASK
847,1712372709.2755146,6955268.02793359,233.5,-1.4809069791183325e-06,239.5,ASK
848,1712372709.2786765,6959634.40046761,233.5,-2.6242878403305015e-07,239.5,ASK
849,1712372716.1869705,6959678.06505761,233.5,-2.6243398083346954e-09,239.5,ASK
850,1712372730.4430788,6959678.06505761,233.5,-0.0,239.5,ASK
851,1712372745.2870266,6959699.40038184,234.4,1.2815558997536334e-09,239.5,BID
852,1712372756.4469993,6961811.17085966,234.4,1.2684840809740754e-07,239.5,BID
853,1712372756.4536488,6965291.17085966,234.4,2.0903429838390094e-07,239.5,BID
854,1712372756.5724566,6965699.40038166,234.4,-2.4521256238758405e-08,239.5,ASK
855,1712372756.6470788,6965699.40038184,234.4,-1.0796817144853481e-17,239.5,ASK
856,1712372760.3558357,6965699.40038184,234.4,-0.0,239.5,ASK
857,1712372764.9971733,6965720.72660785,234.5,1.2809008004170114e-09,239.5,BID
858,1712372790.3323998,6965720.72660785,234.5,0.0,239.5,BID
859,1712372820.4468682,6965720.72660785,234.5,0.0,239.5,BID
860,1712372842.8770423,6965763.37053109,234.3,2.5612885738955835e-09,239.5,BID
861,1712372850.4570782,6965763.37053109,234.3,0.0,239.5,BID
862,1712372852.9970353,6965785.3316399,234.3,1.3190320926649443e-09,239.5,BID
863,1712372853.005262,6972268.3316399,234.3,3.893831195239338e-07,239.5,BID
864,1712372880.3191795,6972268.3316399,234.3,0.0,239.5,BID
865,1712372910.3805,6972268.3316399,234.3,0.0,239.5,BID
866,1712372940.437807,6972268.3316399,234.3,0.0,239.5,BID
867,1712372968.3950434,6972293.40626676,234.4,1.505898925107988e-09,239.5,BID
868,1712372970.4570928,6972293.40626676,234.4,0.0,239.5,BID
869,1712373000.367797,6972293.40626676,234.4,0.0,239.5,BID
870,1712373030.348458,6972293.40626676,234.4,0.0,239.5,BID
871,1712373048.5737295,6986529.36625632,234.4,8.549816786760971e-07,239.5,BID
872,1712373048.5831747,6986647.479704,234.4,7.0936441129256214e-09,239.5,BID
1072,1712373048.5831747,6986647.479704,234.4,7.093644112925621e-09,239.5,BID
873,1712373060.4282384,6986647.479704,234.4,0.0,239.5,BID
874,1712373061.532901,7004587.65163554,234.4,-1.077231144918239e-06,239.5,ASK
875,1712373090.1210887,7018741.07624767,234.4,8.498530480989842e-07,239.5,BID
876,1712373090.124535,7019031.65163554,234.5,1.7447818167780313e-08,239.5,BID
877,1712373090.4507868,7019031.65163554,234.5,0.0,239.5,BID
878,1712373100.4522753,7019287.51517498,234.5,1.5356519564581846e-08,239.5,BID
879,1712373120.342414,7019287.51517498,234.5,0.0,239.5,BID
880,1712373133.9916954,7019330.15909822,234.7,2.559410710707942e-09,239.5,BID
881,1712373141.2316115,7019376.97906744,234.7,2.810049394918618e-09,239.5,BID
882,1712373147.66459,7019399.65726744,234.7,1.3611043161559083e-09,239.5,BID
883,1712373150.3456688,7019399.65726744,234.7,0.0,239.5,BID
884,1712373180.4110034,7019424.65726744,234.8,1.500452158983732e-09,239.5,BID
885,1712373180.4307964,7019424.65726744,234.8,0.0,239.5,BID
886,1712373210.430397,7019424.65726744,234.8,0.0,239.5,BID
887,1712373212.3305974,7019479.12489946,234.8,3.2690418906555382e-09,239.5,BID
888,1712373240.314824,7019479.12489946,234.8,0.0,239.5,BID
889,1712373270.3442338,7019479.12489946,234.8,0.0,239.5,BID
890,1712373300.356063,7019479.12489946,234.8,0.0,239.5,BID
891,1712373301.4396915,7019667.42087072,234.8,1.1303442026835435e-08,239.5,BID
892,1712373318.4892356,7020000.42087072,234.8,1.9990051670997626e-08,239.5,BID
893,1712373330.3142676,7020000.42087072,234.8,0.0,239.5,BID
894,1712373360.4205425,7020000.42087072,234.8,0.0,239.5,BID
895,1712373368.948768,7020088.19582594,234.8,5.269108101704349e-09,239.5,BID
896,1712373368.95872,7045687.09886295,234.8,1.536695598985046e-06,239.5,BID
897,1712373387.4585104,7045712.13079143,234.9,1.5026602614431431e-09,239.5,BID
898,1712373390.4523923,7045712.13079143,234.9,0.0,239.5,BID
899,1712373390.638501,7045735.42730799,235.0,1.3979772921516983e-09,239.5,BID
900,1712373413.9282267,7046871.93764258,235.0,6.819970856838882e-08,239.5,BID
901,1712373413.935192,7046978.3206213,235.0,6.383829450999498e-09,239.5,BID
902,1712373414.0082984,7047003.33125507,235.1,1.5008380322968581e-09,239.5,BID
1102,1712373414.0082984,7047003.33125507,235.1,1.500838032296858e-09,239.5,BID
903,1712373414.0161111,7047730.05891813,235.1,4.360947130952396e-08,239.5,BID
904,1712373414.023381,7054961.92056159,235.2,4.339695306590039e-07,239.5,BID
905,1712373414.027226,7063578.3443011,235.1,5.170543285455883e-07,239.5,BID
906,1712373420.3449278,7063578.3443011,235.1,0.0,239.5,BID
907,1712373422.5981658,7063603.24494954,235.3,1.4938614451284663e-09,239.5,BID
1108,1712373443.2882185,7063715.74243374,235.3,6.7490473078741655e-09,239.5,BID
908,1712373443.2882185,7063715.74243374,235.3,6.749047307874165e-09,239.5,BID
909,1712373450.451826,7063715.74243374,235.3,0.0,239.5,BID
910,1712373452.177811,7070767.22306826,235.3,-4.230377632590766e-07,239.5,ASK
911,1712373452.181439,7070950.95337836,235.3,-1.1022487822934864e-08,239.5,ASK
912,1712373468.177893,7071950.95337836,235.3,5.999275686699569e-08,239.5,BID
913,1712373474.327474,7071981.93085392,235.3,1.858424159640594e-09,239.5,BID
914,1712373479.507524,7072022.52392544,234.9,-2.4352902702036357e-09,239.5,ASK
915,1712373479.5153,7076279.65461935,234.9,-2.5539700667075e-07,239.5,ASK
916,1712373479.6474893,7076656.25700135,234.9,2.25934151388337e-08,239.5,BID
917,1712373479.66776,7085611.41817735,234.9,5.372448071365704e-07,239.5,BID
918,1712373480.3404732,7085611.41817735,234.9,0.0,239.5,BID
919,1712373510.338626,7085611.41817735,234.9,0.0,239.5,BID
920,1712373538.2568989,7085634.83239616,234.9,1.4042499617824431e-09,239.5,BID
921,1712373540.4515183,7085634.83239616,234.9,0.0,239.5,BID
922,1712373542.7911248,7086060.93267084,234.9,2.555503140777049e-08,239.5,BID
923,1712373555.9869466,7086103.50397777,234.9,2.5531809067257406e-09,239.5,BID
924,1712373570.4337516,7086103.50397777,234.9,0.0,239.5,BID
925,1712373594.3263896,7088103.50397777,234.8,-1.1994764705527337e-07,239.5,ASK
926,1712373596.8668404,7088238.78329426,234.9,8.113217854085665e-09,239.5,BID
927,1712373600.3394794,7088238.78329426,234.9,0.0,239.5,BID
928,1712373600.3671582,7088369.10553203,234.9,7.817783497745856e-09,239.5,BID
929,1712373605.290121,7094326.11000127,234.9,3.5734938282588173e-07,239.5,BID
930,1712373611.2063582,7100949.25598438,234.9,3.97309946912305e-07,239.5,BID
931,1712373620.636454,7100974.23474393,235.3,1.4984283384736483e-09,239.5,BID
932,1712373627.4264507,7102865.35014864,234.9,-1.1344442096944969e-07,239.5,ASK
933,1712373627.4330404,7105128.78397533,234.8,-1.357790958881501e-07,239.5,ASK
934,1712373630.3383646,7105128.78397533,234.8,-0.0,239.5,ASK
935,1712373649.6761036,7105153.7415665,235.3,1.496802267308005e-09,239.5,BID
936,1712373660.4422948,7105153.7415665,235.3,0.0,239.5,BID
937,1712373690.425183,7105153.7415665,235.3,0.0,239.5,BID
938,1712373720.3731906,7105153.7415665,235.3,0.0,239.5,BID
939,1712373733.5255349,7105408.73519165,235.3,1.5292938299067518e-08,239.5,BID
940,1712373750.326573,7105408.73519165,235.3,0.0,239.5,BID
941,1712373780.4292994,7105408.73519165,235.3,0.0,239.5,BID
942,1712373810.4417584,7105408.73519165,235.3,0.0,239.5,BID
943,1712373815.3449993,7106802.11839804,235.3,8.356619390534879e-08,239.5,BID
944,1712373840.327529,7106802.11839804,235.3,0.0,239.5,BID
945,1712373870.3193011,7106802.11839804,235.3,0.0,239.5,BID
946,1712373900.4143708,7106802.11839804,235.3,0.0,239.5,BID
947,1712373930.4244893,7106802.11839804,235.3,0.0,239.5,BID
948,1712373932.1083472,7106971.66121773,235.0,-1.01697290057548e-08,239.5,ASK
949,1712373932.115806,7107235.60756082,235.0,-1.5832358965114972e-08,239.5,ASK
950,1712373932.129503,7107257.33653278,235.3,1.3033743145901323e-09,239.5,BID
951,1712373960.376963,7107257.33653278,235.3,0.0,239.5,BID
952,1712373977.9146576,7107363.85827782,235.3,6.389479251291784e-09,239.5,BID
953,1712373977.921957,7122779.31910821,235.3,9.246634768122998e-07,239.5,BID
954,1712373990.3191822,7122779.31910821,235.3,0.0,239.5,BID
955,1712373992.0042922,7124493.81974569,235.3,1.0281813198175053e-07,239.5,BID
956,1712373992.0843322,7127368.56307217,235.2,-1.7239756713660984e-07,239.5,ASK
957,1712373994.9129024,7131761.91902057,235.2,-2.634683486669912e-07,239.5,ASK
958,1712373997.0048358,7132347.09973834,235.2,-3.509312680179873e-08,239.5,ASK
959,1712374000.0044198,7134062.32933017,235.2,1.028618471737382e-07,239.5,BID
960,1712374013.7422738,7135434.34251044,235.2,8.227925330906989e-08,239.5,BID
961,1712374020.4241588,7135434.34251044,235.2,0.0,239.5,BID
962,1712374032.334232,7135473.67551748,235.1,-2.358368633743977e-09,239.5,ASK
963,1712374046.0741148,7135619.02840863,235.2,8.715217195769653e-09,239.5,BID
964,1712374050.4340446,7135619.02840863,235.2,0.0,239.5,BID
965,1712374080.3274963,7135619.02840863,235.2,0.0,239.5,BID
966,1712374110.3469248,7135619.02840863,235.2,0.0,239.5,BID
967,1712374123.6943965,7137120.67438028,235.0,-9.0036989344281e-08,239.5,ASK
968,1712374140.4435916,7137120.67438028,235.0,-0.0,239.5,ASK
969,1712374170.4462974,7137120.67438028,235.0,-0.0,239.5,ASK
970,1712374200.3702302,7137120.67438028,235.0,-0.0,239.5,ASK
971,1712374218.0235288,7137256.91835282,235.2,8.182119396896107e-09,239.5,BID
972,1712374230.329463,7137256.91835282,235.2,0.0,239.5,BID
973,1712374246.8630133,7137545.8444483,235.2,-1.7351397031504985e-08,239.5,ASK
974,1712374260.433618,7137545.8444483,235.2,-0.0,239.5,ASK
975,1712374270.9126914,7162181.61936238,235.0,-1.4794903399221406e-06,239.5,ASK
976,1712374290.4448688,7162181.61936238,235.0,-0.0,239.5,ASK
977,1712374296.252799,7162309.11617496,235.0,-7.654102337210562e-09,239.5,ASK
978,1712374317.1327906,7162616.07072041,235.0,-1.842760972780724e-08,239.5,ASK
1178,1712374317.1327906,7162616.07072041,235.0,-1.8427609727807242e-08,239.5,ASK
979,1712374320.3358655,7162616.07072041,235.0,-0.0,239.5,ASK
980,1712374334.7225766,7167144.27616585,235.0,-2.7184315238410935e-07,239.5,ASK
981,1712374334.7304487,7167569.80808074,235.0,-2.5546088528330995e-08,239.5,ASK
982,1712374350.3270082,7167569.80808074,235.0,-0.0,239.5,ASK
983,1712374353.122527,7167610.44733558,235.0,2.439538413685071e-09,239.5,BID
1183,1712374353.122527,7167610.44733558,235.0,2.4395384136850712e-09,239.5,BID
984,1712374359.1627731,7168036.34171377,234.8,-2.5566061677437127e-08,239.5,ASK
985,1712374359.178002,7168168.83021462,234.8,-7.953167164735314e-09,239.5,ASK
986,1712374359.242476,7169057.07766703,234.8,5.33207065321058e-08,239.5,BID
987,1712374380.4225152,7169057.07766703,234.8,0.0,239.5,BID
988,1712374381.902591,7169483.15350852,234.7,-2.55764185920109e-08,239.5,ASK
989,1712374381.910589,7169930.72810356,234.6,-2.6866942640710762e-08,239.5,ASK
1189,1712374381.910589,7169930.72810356,234.6,-2.686694264071076e-08,239.5,ASK
1190,1712374381.9166236,7170357.16733596,234.5,-2.5598232168630492e-08,239.5,ASK
990,1712374381.9166236,7170357.16733596,234.5,-2.559823216863049e-08,239.5,ASK
991,1712374381.9202104,7179360.67371132,234.5,-5.404611701209575e-07,239.5,ASK
992,1712374382.042446,7179617.62089265,234.8,1.5423987998827854e-08,239.5,BID
993,1712374410.48235,7179617.62089265,234.8,0.0,239.5,BID
994,1712374429.357246,7181256.61982056,234.8,9.837096442728188e-08,239.5,BID
995,1712374440.386258,7181256.61982056,234.8,0.0,239.5,BID
996,1712374469.322177,7181874.51062384,235.2,3.708428925881231e-08,239.5,BID
997,1712374469.3323133,7182120.75247362,235.2,1.4778831366973837e-08,239.5,BID
998,1712374470.3396628,7182120.75247362,235.2,0.0,239.5,BID
999,1712374477.3522072,7185540.75247362,235.3,2.0525750105608585e-07,239.5,BID
1000,1712374477.3598826,7187296.80343479,235.2,1.053925824611002e-07,239.5,BID
1201,1712374477.3686728,7188106.42743181,235.4,4.8591052170550803e-08,239.5,BID
1202,1712374477.3699837,7188190.7594549,235.3,5.061339274443773e-09,239.5,BID
1203,1712374477.3711624,7189890.7594549,235.3,1.0202858239629997e-07,239.5,BID
1204,1712374500.4223075,7189890.7594549,235.3,0.0,239.5,BID
1205,1712374529.2819772,7190315.74883016,235.3,2.551098679675068e-08,239.5,BID
1206,1712374530.4425342,7190315.74883016,235.3,0.0,239.5,BID
1207,1712374542.1120603,7190345.74883016,235.3,1.800809748223541e-09,239.5,BID
1208,1712374556.9519024,7190954.27309515,235.3,3.652788094745047e-08,239.5,BID
1209,1712374556.9539938,7204231.65188637,235.3,7.97001105269545e-07,239.5,BID
1210,1712374557.0117729,7204314.75732994,235.3,-4.988569763699802e-09,239.5,ASK
1211,1712374560.3379126,7204314.75732994,235.3,-0.0,239.5,ASK
1212,1712374590.3333044,7204314.75732994,235.3,-0.0,239.5,ASK
1213,1712374620.4317603,7204314.75732994,235.3,-0.0,239.5,ASK
1214,1712374643.151712,7205989.18489351,234.7,-1.0049097953471545e-07,239.5,ASK
1215,1712374650.4716172,7205989.18489351,234.7,-0.0,239.5,ASK
1216,1712374680.351669,7205989.18489351,234.7,-0.0,239.5,ASK
1217,1712374692.9317296,7209808.24716117,234.7,-2.291960937412906e-07,239.5,ASK
1218,1712374693.021464,7210021.28508192,234.7,-1.2785195902225789e-08,239.5,ASK
1219,1712374710.3388865,7210021.28508192,234.7,-0.0,239.5,ASK
1220,1712374740.3751233,7210021.28508192,234.7,-0.0,239.5,ASK
1221,1712374741.2575128,7210046.24263709,235.3,1.497710407950587e-09,239.5,BID
1222,1712374770.3852334,7210046.24263709,235.3,0.0,239.5,BID
1223,1712374782.1311765,7210088.75964389,235.2,2.551457493474701e-09,239.5,BID
1224,1712374800.3655806,7210088.75964389,235.2,0.0,239.5,BID
1225,1712374830.3333645,7210088.75964389,235.2,0.0,239.5,BID
1226,1712374860.4315853,7210088.75964389,235.2,0.0,239.5,BID
1227,1712374890.4312973,7210088.75964389,235.2,0.0,239.5,BID
1228,1712374920.3051684,7210088.75964389,235.2,0.0,239.5,BID
1229,1712374948.9919016,7220057.33403016,235.2,5.984750784441564e-07,239.5,BID
1230,1712374950.333138,7220057.33403016,235.2,0.0,239.5,BID
1231,1712374980.41292,7220057.33403016,235.2,0.0,239.5,BID
1232,1712375005.6834831,7220974.43451938,235.1,5.50514565389629e-08,239.5,BID
1233,1712375005.6864378,7225480.45087385,235.2,2.704859133951176e-07,239.5,BID
1234,1712375005.8633783,7236529.8644192,235.2,-6.632711646352505e-07,239.5,ASK
1235,1712375005.8661888,7241821.29321383,235.2,-3.1763243585678564e-07,239.5,ASK
1236,1712375010.4333687,7241821.29321383,235.2,-0.0,239.5,ASK
1237,1712375040.3238618,7241821.29321383,235.2,-0.0,239.5,ASK
1238,1712375070.3159754,7241821.29321383,235.2,-0.0,239.5,ASK
1239,1712375100.3435705,7241821.29321383,235.2,-0.0,239.5,ASK
1240,1712375130.355293,7241821.29321383,235.2,-0.0,239.5,ASK
1241,1712375160.416633,7241821.29321383,235.2,-0.0,239.5,ASK
1242,1712375190.477243,7241821.29321383,235.2,-0.0,239.5,ASK
1243,1712375220.41379,7241821.29321383,235.2,-0.0,239.5,ASK
1244,1712375249.7784166,7246054.26399961,234.9,-2.540743458999353e-07,239.5,ASK
1245,1712375249.7807257,7246094.26399961,234.9,-2.40090809748525e-09,239.5,ASK
1246,1712375250.3136854,7246094.26399961,234.9,-0.0,239.5,ASK
1247,1712375280.422727,7246094.26399961,234.9,-0.0,239.5,ASK
1248,1712375285.5074294,7246134.26399961,234.8,-2.400763461000557e-09,239.5,ASK
1249,1712375297.36896,7247441.42754305,234.8,7.845476181603735e-08,239.5,BID
1250,1712375310.43918,7247441.42754305,234.8,0.0,239.5,BID
1251,1712375313.7993014,7247481.42754305,234.7,-2.4007178836660194e-09,239.5,ASK
1252,1712375313.8022013,7247523.42754305,234.7,-2.5207537778493204e-09,239.5,ASK
1253,1712375314.9599216,7248997.65847615,234.7,8.848031414366942e-08,239.5,BID
1254,1712375340.339487,7248997.65847615,234.7,0.0,239.5,BID
1255,1712375356.2502332,7249104.45929568,234.6,-6.409825423564108e-09,239.5,ASK
1256,1712375356.2535317,7253603.26274988,234.6,-2.700030288457372e-07,239.5,ASK
1257,1712375356.3297193,7266893.70888834,234.6,7.976478076065797e-07,239.5,BID
1258,1712375356.3698115,7270780.98862198,234.6,2.3330143509018338e-07,239.5,BID
1259,1712375357.090549,7271870.33754798,234.6,6.537905300471657e-08,239.5,BID
1260,1712375362.1298826,7273441.74645498,234.6,9.431066921785085e-08,239.5,BID
1261,1712375363.7599702,7286399.93143998,234.6,7.777066124164766e-07,239.5,BID
1262,1712375363.860066,7287265.8710997,234.6,5.1970781409411697e-08,239.5,BID
1263,1712375365.9001064,7308578.74407497,234.6,1.279126842350735e-06,239.5,BID
1264,1712375367.030113,7309333.87992577,234.5,-4.532071004696123e-08,239.5,ASK
1265,1712375370.3325791,7309333.87992577,234.5,-0.0,239.5,ASK
1266,1712375396.6803727,7309376.52384901,234.6,2.5571722463589624e-09,239.5,BID
1267,1712375400.3431983,7309376.52384901,234.6,0.0,239.5,BID
1268,1712375430.3424246,7309376.52384901,234.6,0.0,239.5,BID
1269,1712375432.890324,7309466.0379155,234.6,5.369062575383505e-09,239.5,BID
1270,1712375460.4307823,7309466.0379155,234.6,0.0,239.5,BID
1271,1712375463.106673,7309551.2894074,234.6,5.1133864885046065e-09,239.5,BID
1272,1712375486.9017882,7310472.00551993,234.6,-5.5224574076095544e-08,239.5,ASK
1273,1712375487.041034,7311026.57341983,234.6,3.326299567417925e-08,239.5,BID
1274,1712375490.3031387,7317064.17271269,234.6,-3.6213534753312613e-07,239.5,ASK
1275,1712375490.4511833,7317064.17271269,234.6,-0.0,239.5,ASK
1276,1712375496.561021,7317106.79845864,234.8,2.556419922732528e-09,239.5,BID
1277,1712375520.3374872,7317106.79845864,234.8,0.0,239.5,BID
1278,1712375526.0113986,7322319.83344458,234.6,-3.126443467333419e-07,239.5,ASK
1279,1712375550.342636,7322319.83344458,234.6,-0.0,239.5,ASK
1280,1712375580.4518783,7322319.83344458,234.6,-0.0,239.5,ASK
1281,1712375610.432125,7322319.83344458,234.6,-0.0,239.5,ASK
1282,1712375640.351133,7322319.83344458,234.6,-0.0,239.5,ASK
1283,1712375670.3387346,7322319.83344458,234.6,-0.0,239.5,ASK
1284,1712375694.434348,7322341.1494582,234.8,1.2783037908496222e-09,239.5,BID
1285,1712375700.351457,7322341.1494582,234.8,0.0,239.5,BID
1286,1712375727.5431738,7327421.26679425,234.8,3.049651700572242e-07,239.5,BID
1287,1712375727.5469563,7328704.41478398,234.8,7.702882020450237e-08,239.5,BID
1288,1712375730.345258,7328704.41478398,234.8,0.0,239.5,BID
1289,1712375731.2133014,7328747.00422179,234.9,2.556462664354734e-09,239.5,BID
1290,1712375739.083304,7330185.58246169,235.1,8.635172824971534e-08,239.5,BID
1291,1712375739.093499,7335442.80252841,234.9,3.1556854257850245e-07,239.5,BID
1292,1712375739.095975,7335504.91432965,235.1,3.728307041624806e-09,239.5,BID
1293,1712375739.0984604,7335529.82922326,235.0,1.495535010014851e-09,239.5,BID
1294,1712375739.1009696,7337254.02251187,234.9,1.034959838669074e-07,239.5,BID
1295,1712375757.7835698,7337942.1988445,235.1,4.130829593759082e-08,239.5,BID
1296,1712375757.786801,7347395.94918139,235.4,5.674683916312415e-07,239.5,BID
1297,1712375757.7898436,7353820.48136257,235.3,3.856373199968282e-07,239.5,BID
1298,1712375757.7923064,7356370.84494177,235.2,1.5308746971198382e-07,239.5,BID
1299,1712375760.455982,7356370.84494177,235.2,0.0,239.5,BID
1300,1712375767.0332716,7356912.22557048,235.4,3.2484086131874145e-08,239.5,BID
1301,1712375790.4334104,7356912.22557048,235.4,0.0,239.5,BID
1302,1712375805.93841,7367757.56185846,235.4,6.507402102837301e-07,239.5,BID
1303,1712375805.941007,7370865.86851761,235.4,1.865041410696813e-07,239.5,BID
1304,1712375820.3195417,7370865.86851761,235.4,0.0,239.5,BID
1305,1712375837.4578238,7371248.89613122,235.4,-2.2977835687479696e-08,239.5,ASK
1306,1712375850.365083,7371248.89613122,235.4,-0.0,239.5,ASK
1307,1712375878.59409,7371291.37701482,235.3,2.548415437319254e-09,239.5,BID
1308,1712375880.4649289,7371291.37701482,235.3,0.0,239.5,BID
1309,1712375910.4642358,7371291.37701482,235.3,0.0,239.5,BID
1310,1712375940.332364,7371291.37701482,235.3,0.0,239.5,BID
1311,1712375970.3139763,7371291.37701482,235.3,0.0,239.5,BID
1312,1712376000.4194374,7371291.37701482,235.3,0.0,239.5,BID
1313,1712376030.3988829,7371291.37701482,235.3,0.0,239.5,BID
1314,1712376060.435241,7371291.37701482,235.3,0.0,239.5,BID
1315,1712376062.8163946,7371333.87595234,235.5,2.550952331083232e-09,239.5,BID
1316,1712376065.6457975,7371380.02902324,234.9,-2.7702876983014475e-09,239.5,ASK
1317,1712376065.649178,7371408.92830075,235.3,-1.734647584957712e-09,239.5,ASK
1318,1712376068.6864934,7371621.2425258,235.5,1.2743929588053708e-08,239.5,BID
1319,1712376069.775266,7371728.49263305,234.9,-6.437570609258881e-09,239.5,ASK
1320,1712376076.3255548,7371771.06393998,235.5,2.5552962259565886e-09,239.5,BID
1321,1712376090.4639926,7371771.06393998,235.5,0.0,239.5,BID
1322,1712376120.3103695,7371771.06393998,235.5,0.0,239.5,BID
1323,1712376150.350851,7371771.06393998,235.5,0.0,239.5,BID
1324,1712376175.8357804,7372322.9363707,235.5,3.3125315790725405e-08,239.5,BID
1325,1712376175.8383772,7378011.65013213,235.5,3.41456520204798e-07,239.5,BID
1326,1712376175.955736,7380900.15573359,235.5,-1.7337822091766952e-07,239.5,ASK
1327,1712376175.9758525,7381974.20406736,235.5,-6.446814200202376e-08,239.5,ASK
1328,1712376180.435861,7381974.20406736,235.5,-0.0,239.5,ASK
1329,1712376210.4509313,7381974.20406736,235.5,-0.0,239.5,ASK
1330,1712376240.3710184,7381974.20406736,235.5,-0.0,239.5,ASK
1331,1712376270.3345296,7381974.20406736,235.5,-0.0,239.5,ASK
1332,1712376300.4359813,7381974.20406736,235.5,-0.0,239.5,ASK
1333,1712376330.4361362,7381974.20406736,235.5,-0.0,239.5,ASK
1334,1712376360.3202872,7381974.20406736,235.5,-0.0,239.5,ASK
1335,1712376390.3150826,7381974.20406736,235.5,-0.0,239.5,ASK
1336,1712376420.4371574,7381974.20406736,235.5,-0.0,239.5,ASK
1337,1712376450.4467604,7381974.20406736,235.5,-0.0,239.5,ASK
1338,1712376454.6270635,7382020.84127109,235.6,2.7993841646346597e-09,239.5,BID
1339,1712376454.6310658,7383413.30201492,235.0,8.358203846580142e-08,239.5,BID
1340,1712376454.6349237,7383713.30201492,235.5,1.8007410011990074e-08,239.5,BID
1341,1712376470.486662,7384248.20437506,235.0,-3.210735371809462e-08,239.5,ASK
1342,1712376480.3407965,7384248.20437506,235.0,-0.0,239.5,ASK
1343,1712376490.6266332,7384333.31075803,235.5,5.1083211970778e-09,239.5,BID
1344,1712376505.7668622,7384418.23644805,235.5,5.0974755049477265e-09,239.5,BID
1345,1712376510.337327,7384418.23644805,235.5,0.0,239.5,BID
1346,1712376540.4472542,7384418.23644805,235.5,0.0,239.5,BID
1347,1712376553.9569628,7384460.69929306,235.6,2.5487316267421907e-09,239.5,BID
1348,1712376570.4598632,7384460.69929306,235.6,0.0,239.5,BID
1349,1712376600.3779442,7384460.69929306,235.6,0.0,239.5,BID
1350,1712376630.3394845,7384460.69929306,235.6,0.0,239.5,BID
1351,1712376660.446975,7384460.69929306,235.6,0.0,239.5,BID
1352,1712376690.441208,7384460.69929306,235.6,0.0,239.5,BID
1353,1712376720.397468,7384460.69929306,235.6,0.0,239.5,BID
1354,1712376750.336423,7384460.69929306,235.6,0.0,239.5,BID
1355,1712376780.4472356,7384460.69929306,235.6,0.0,239.5,BID
1356,1712376810.452523,7384460.69929306,235.6,0.0,239.5,BID
1357,1712376829.4976852,7385781.66005474,235.5,7.928976658870897e-08,239.5,BID
1358,1712376829.501345,7387795.12968193,235.5,1.2085713777782496e-07,239.5,BID
1359,1712376829.504995,7419484.07433825,235.6,1.902107237498746e-06,239.5,BID
1360,1712376840.331294,7419484.07433825,235.6,0.0,239.5,BID
1361,1712376870.33717,7419484.07433825,235.6,0.0,239.5,BID
1362,1712376879.6275308,7419526.51915998,235.7,2.546460217094385e-09,239.5,BID
1363,1712376900.4120865,7419526.51915998,235.7,0.0,239.5,BID
1364,1712376930.3275485,7419526.51915998,235.7,0.0,239.5,BID
1365,1712376960.4471352,7419526.51915998,235.7,0.0,239.5,BID
1366,1712376990.4368384,7419526.51915998,235.7,0.0,239.5,BID
1367,1712377020.3166468,7419526.51915998,235.7,0.0,239.5,BID
1368,1712377042.3725264,7419550.24685998,235.7,1.4245446602630044e-09,239.5,BID
1369,1712377042.3754282,7433452.39773391,235.7,8.346462064962214e-07,239.5,BID
1370,1712377042.378219,7453452.39773391,235.7,1.2007439914371516e-06,239.5,BID
1371,1712377042.4662986,7459602.39773391,235.7,-3.6922877736692413e-07,239.5,ASK
1372,1712377042.5101786,7464652.69927927,235.7,-3.032059617768466e-07,239.5,ASK
1373,1712377050.3076067,7464789.32639912,235.8,8.202709661328693e-09,239.5,BID
1374,1712377050.3093753,7465213.41460947,235.8,2.546106852090493e-08,239.5,BID
1375,1712377050.325776,7465213.41460947,235.8,0.0,239.5,BID
1376,1712377050.3532147,7479169.63312147,235.8,-8.373509219852966e-07,239.5,ASK
1377,1712377050.3549116,7479169.6331215,235.8,-1.788091961098442e-18,239.5,ASK
1378,1712377050.7956448,7485219.6331215,235.2,-3.629903812164671e-07,239.5,ASK
1379,1712377057.845229,7493463.13532933,235.8,4.945970262775535e-07,239.5,BID
1380,1712377057.8488696,7498284.14754049,235.8,2.892530678310976e-07,239.5,BID
1381,1712377059.935209,7498326.66454729,235.8,2.550952810968956e-09,239.5,BID
1382,1712377080.4446242,7498326.66454729,235.8,0.0,239.5,BID
1383,1712377091.0544057,7498539.97512749,235.8,1.2792305598954733e-08,239.5,BID
1384,1712377091.1344929,7500120.65304849,235.8,-9.479377441073937e-08,239.5,ASK
1385,1712377091.1543262,7500120.65304922,235.8,-4.378774916836334e-17,239.5,ASK
1386,1712377093.4644065,7504824.0069356,235.6,-2.820616783192132e-07,239.5,ASK
1387,1712377093.6048422,7529539.1303406,235.6,-1.482174073200879e-06,239.5,ASK
1388,1712377093.684218,7529539.13034124,235.6,-3.8370132243195937e-17,239.5,ASK
1389,1712377093.727843,7542865.16422188,235.2,-7.991666314109866e-07,239.5,ASK
1390,1712377093.730847,7546739.13034124,235.3,-2.323230213535013e-07,239.5,ASK
1391,1712377110.46507,7546739.13034124,235.3,-0.0,239.5,ASK
1392,1712377140.3182127,7546739.13034124,235.3,-0.0,239.5,ASK
1393,1712377141.193419,7546939.13034124,235.2,-1.19858715606877e-08,239.5,ASK
1394,1712377170.3277538,7546939.13034124,235.2,-0.0,239.5,ASK
1395,1712377177.1740625,7556250.87010604,235.2,-5.58045010965317e-07,239.5,ASK
1396,1712377177.1827016,7557527.46585072,235.0,-7.650534747884674e-08,239.5,ASK
1397,1712377177.185689,7565429.84116986,235.0,-4.735829429310267e-07,239.5,ASK
1398,1712377177.1886857,7568926.09757592,234.9,-2.095278104562737e-07,239.5,ASK
1399,1712377177.1907136,7590216.13737099,235.1,-1.275894815682474e-06,239.5,ASK
1400,1712377177.1924243,7591808.89458531,235.0,-9.545264790262137e-08,239.5,ASK
1401,1712377177.194137,7591853.55643133,235.1,-2.6765482049147156e-09,239.5,ASK
1402,1712377177.1961234,7600341.98382298,234.9,-5.087045682653667e-07,239.5,ASK
1403,1712377200.3738945,7600341.98382298,234.9,-0.0,239.5,ASK
1404,1712377230.3261151,7600341.98382298,234.9,-0.0,239.5,ASK
1405,1712377257.6312373,7600364.89094501,234.9,-1.374948415754238e-09,239.5,ASK
1406,1712377260.4412737,7600364.89094501,234.9,-0.0,239.5,ASK
1407,1712377290.4309635,7600364.89094501,234.9,-0.0,239.5,ASK
1408,1712377320.3583732,7600364.89094501,234.9,-0.0,239.5,ASK
1409,1712377324.7106595,7600407.46225194,235.0,2.5552460077088744e-09,239.5,BID
1410,1712377350.517733,7600407.46225194,235.0,0.0,239.5,BID
1411,1712377377.2199566,7602628.3684622,235.1,1.3330477095501186e-07,239.5,BID
1412,1712377377.2239668,7602685.79715527,235.0,3.4470247958171902e-09,239.5,BID
1413,1712377380.4296489,7602685.79715527,235.0,0.0,239.5,BID
1414,1712377410.4393003,7602685.79715527,235.0,0.0,239.5,BID
1415,1712377421.5091865,7602728.35034675,235.2,2.5540750216841927e-09,239.5,BID
1416,1712377440.3433328,7602728.35034675,235.2,0.0,239.5,BID
1417,1712377451.7488885,7603100.7349146,235.2,2.2350792474119254e-08,239.5,BID
1418,1712377470.3087811,7603100.7349146,235.2,0.0,239.5,BID
1419,1712377490.9381833,7613022.55755809,235.2,-5.955118773618435e-07,239.5,ASK
1420,1712377495.4181452,7613065.11074957,235.3,2.5540600609504843e-09,239.5,BID
1421,1712377500.418183,7613065.11074957,235.3,0.0,239.5,BID
1422,1712377515.298171,7613646.24114886,235.3,3.4892291460016734e-08,239.5,BID
1423,1712377515.3023195,7614340.07887536,235.3,4.165947644203078e-08,239.5,BID
1424,1712377530.4195309,7614340.07887536,235.3,0.0,239.5,BID
1425,1712377544.9872932,7616540.07887536,235.2,-1.3209024794835956e-07,239.5,ASK
1426,1712377560.44617,7616540.07887536,235.2,-0.0,239.5,ASK
1427,1712377590.3070638,7616540.07887536,235.2,-0.0,239.5,ASK
1428,1712377613.7670696,7616582.59588216,235.3,2.55268522602858e-09,239.5,BID
1429,1712377620.4568045,7616582.59588216,235.3,0.0,239.5,BID
1430,1712377641.4274538,7621277.80416715,235.2,-2.818961757994224e-07,239.5,ASK
1431,1712377641.4294531,7636983.40067703,235.2,-9.429502007265116e-07,239.5,ASK
1432,1712377642.7167068,7664381.25669258,235.2,-1.6449431776173692e-06,239.5,ASK
1433,1712377650.4465592,7664381.25669258,235.2,-0.0,239.5,ASK
1434,1712377654.0263743,7664423.77369938,235.2,2.550961858610088e-09,239.5,BID
1435,1712377680.3275232,7664423.77369938,235.2,0.0,239.5,BID
1436,1712377710.3552077,7664423.77369938,235.2,0.0,239.5,BID
1437,1712377740.390445,7664423.77369938,235.2,0.0,239.5,BID
1438,1712377770.609841,7664423.77369938,235.2,0.0,239.5,BID
1439,1712377800.3872216,7664423.77369938,235.2,0.0,239.5,BID
1440,1712377805.555339,7666916.9332559,234.9,-1.496754586061318e-07,239.5,ASK
1441,1712377830.3438854,7666916.9332559,234.9,-0.0,239.5,ASK
1442,1712377859.5347655,7667006.26414605,234.9,-5.3627421627754235e-09,239.5,ASK
1443,1712377860.4429803,7667006.26414605,234.9,-0.0,239.5,ASK
1444,1712377890.427174,7667006.26414605,234.9,-0.0,239.5,ASK
1445,1712377898.4745774,7667341.29833407,234.9,-2.011286017314125e-08,239.5,ASK
1446,1712377899.6346147,7668857.42666507,235.1,9.1016613278288e-08,239.5,BID
1447,1712377920.3155236,7668857.42666507,235.1,0.0,239.5,BID
1448,1712377945.284187,7668899.94367187,235.5,2.5523254209545167e-09,239.5,BID
1449,1712377950.3579082,7668899.94367187,235.5,0.0,239.5,BID
1450,1712377957.39397,7683166.36460153,235.5,8.564226331614362e-07,239.5,BID
1451,1712377980.4338489,7683166.36460153,235.5,0.0,239.5,BID
1452,1712378010.4436257,7683166.36460153,235.5,0.0,239.5,BID
1453,1712378040.3078437,7683166.36460153,235.5,0.0,239.5,BID
1454,1712378048.0234802,7683593.76724434,234.9,-2.5652088096094745e-08,239.5,ASK
1455,1712378051.4833877,7683926.77514951,234.9,-1.9986652548441992e-08,239.5,ASK
1456,1712378070.3537357,7683926.77514951,234.9,-0.0,239.5,ASK
1457,1712378100.4132102,7683926.77514951,234.9,-0.0,239.5,ASK
1458,1712378130.4329195,7683926.77514951,234.9,-0.0,239.5,ASK
1459,1712378160.2954905,7683926.77514951,234.9,-0.0,239.5,ASK
1460,1712378190.328288,7683926.77514951,234.9,-0.0,239.5,ASK
1461,1712378220.3652277,7683926.77514951,234.9,-0.0,239.5,ASK
1462,1712378250.336896,7683926.77514951,234.9,-0.0,239.5,ASK
1463,1712378280.422166,7683926.77514951,234.9,-0.0,239.5,ASK
1464,1712378310.4428763,7683926.77514951,234.9,-0.0,239.5,ASK
1465,1712378321.661867,7684848.11265351,235.0,-5.532961793088186e-08,239.5,ASK
1466,1712378340.3242962,7684848.11265351,235.0,-0.0,239.5,ASK
1467,1712378370.3500583,7684848.11265351,235.0,-0.0,239.5,ASK
1468,1712378400.3265066,7684848.11265351,235.0,-0.0,239.5,ASK
1469,1712378405.7450695,7684890.66584499,235.5,2.559080082741289e-09,239.5,BID
1470,1712378412.5015025,7685245.92408567,235.0,-2.1364655771515625e-08,239.5,ASK
1471,1712378412.66168,7686027.54012667,235.0,4.700512401763432e-08,239.5,BID
1472,1712378430.330699,7686027.54012667,235.0,0.0,239.5,BID
1473,1712378448.8416746,7686027.54012742,235.0,4.50858757759724e-17,239.5,BID
1474,1712378460.4326031,7686027.54012742,235.0,0.0,239.5,BID
1475,1712378490.431267,7686027.54012742,235.0,0.0,239.5,BID
1476,1712378520.3459802,7686027.54012742,235.0,0.0,239.5,BID
1477,1712378550.360319,7686027.54012742,235.0,0.0,239.5,BID
1478,1712378580.433412,7686027.54012742,235.0,0.0,239.5,BID
1479,1712378610.4024217,7686027.54012742,235.0,0.0,239.5,BID
1480,1712378640.337707,7686027.54012742,235.0,0.0,239.5,BID
1481,1712378670.3185806,7686027.54012742,235.0,0.0,239.5,BID
1482,1712378700.4668658,7686027.54012742,235.0,0.0,239.5,BID
1483,1712378730.3112292,7686027.54012742,235.0,0.0,239.5,BID
1484,1712378735.5900714,7696775.85766789,235.1,-6.46839543347848e-07,239.5,ASK
1485,1712378760.4099371,7696775.85766789,235.1,-0.0,239.5,ASK
1486,1712378790.4403627,7696775.85766789,235.1,-0.0,239.5,ASK
1487,1712378820.3131452,7696775.85766789,235.1,-0.0,239.5,ASK
1488,1712378843.2396889,7696970.15966763,235.5,1.1691421143147908e-08,239.5,BID
1489,1712378850.349492,7696970.15966763,235.5,0.0,239.5,BID
1490,1712378874.8897395,7697159.63389582,235.0,-1.1400896034493649e-08,239.5,ASK
1491,1712378880.4095175,7697159.63389582,235.0,-0.0,239.5,ASK
1492,1712378892.5096135,7697202.1870873,235.5,2.5604707132729163e-09,239.5,BID
1493,1712378894.1095736,7707950.50462777,235.0,-6.467376787030888e-07,239.5,ASK
1494,1712378910.505051,7707950.50462777,235.0,-0.0,239.5,ASK
1495,1712378912.6496365,7707993.05781925,235.5,2.560080080009709e-09,239.5,BID
1496,1712378940.3270695,7707993.05781925,235.5,0.0,239.5,BID
1497,1712378970.3579683,7707993.05781925,235.5,0.0,239.5,BID
1498,1712379000.360937,7707993.05781925,235.5,0.0,239.5,BID
1499,1712379030.3184154,7707993.05781925,235.5,0.0,239.5,BID
1500,1712379052.4699483,7709213.15265505,235.5,7.344362014625898e-08,239.5,BID
1501,1712379060.4102275,7709213.15265505,235.5,0.0,239.5,BID
1502,1712379090.421056,7709213.15265505,235.5,0.0,239.5,BID
1503,1712379101.1114063,7709412.71317203,235.5,1.2012339436309769e-08,239.5,BID
1504,1712379120.3472548,7709412.71317203,235.5,0.0,239.5,BID
1505,1712379126.8783126,7709625.11759004,235.4,-1.2785428639239361e-08,239.5,ASK
1506,1712379129.1198275,7716364.89271438,235.5,4.0569266262912403e-07,239.5,BID
1507,1712379129.1226845,7718095.08594504,235.5,1.0414690188612549e-07,239.5,BID
1508,1712379139.1625032,7718095.08594554,235.5,3.010413567000856e-17,239.5,BID
1509,1712379139.963325,7718790.06914554,235.5,-4.183367837780361e-08,239.5,ASK
1510,1712379150.3238618,7718790.06914554,235.5,-0.0,239.5,ASK
1511,1712379155.582945,7718790.92076457,235.5,-5.1255370602975474e-11,239.5,ASK
1512,1712379180.413389,7718790.92076457,235.5,-0.0,239.5,ASK
1513,1712379210.4242957,7718790.92076457,235.5,-0.0,239.5,ASK
1514,1712379240.3212557,7718790.92076457,235.5,-0.0,239.5,ASK
1515,1712379252.905098,7719203.29228603,235.5,-2.481890863189236e-08,239.5,ASK
1516,1712379260.4151587,7720100.28653699,235.5,-5.3986313795598025e-08,239.5,ASK
1517,1712379270.3515284,7720100.28653699,235.5,-0.0,239.5,ASK
1518,1712379300.4261208,7720100.28653699,235.5,-0.0,239.5,ASK
1519,1712379330.4266071,7720100.28653699,235.5,-0.0,239.5,ASK
1520,1712379360.3188283,7720100.28653699,235.5,-0.0,239.5,ASK
1521,1712379390.3152735,7720100.28653699,235.5,-0.0,239.5,ASK
1522,1712379413.7485087,7720516.9444343,235.5,-2.5089584640716392e-08,239.5,ASK
1523,1712379420.426548,7720516.9444343,235.5,-0.0,239.5,ASK
1524,1712379450.4385507,7720516.9444343,235.5,-0.0,239.5,ASK
1525,1712379475.717594,7720774.27878071,235.5,-1.5495623048982937e-08,239.5,ASK
1526,1712379480.3587468,7720774.27878071,235.5,-0.0,239.5,ASK
1527,1712379510.371446,7720774.27878071,235.5,-0.0,239.5,ASK
1528,1712379522.639707,7720816.74162572,235.9,2.556929721599892e-09,239.5,BID
1529,1712379540.4499483,7720816.74162572,235.9,0.0,239.5,BID
1530,1712379570.430594,7720816.74162572,235.9,0.0,239.5,BID
1531,1712379571.9203732,7721071.08668718,235.9,1.5315555393616187e-08,239.5,BID
1532,1712379600.4015858,7721071.08668718,235.9,0.0,239.5,BID
1533,1712379630.3296258,7721071.08668718,235.9,0.0,239.5,BID
1534,1712379660.431364,7721071.08668718,235.9,0.0,239.5,BID
1535,1712379690.4754407,7721071.08668718,235.9,0.0,239.5,BID
1536,1712379704.4417288,7721127.49435401,235.8,3.4007458431524126e-09,239.5,BID
1537,1712379720.3559582,7721127.49435401,235.8,0.0,239.5,BID
1538,1712379721.5317268,7722712.49435401,235.5,-9.555753928514617e-08,239.5,ASK
1539,1712379733.6918051,7723975.30057569,235.5,-7.61329054497047e-08,239.5,ASK
1540,1712379742.101977,7724407.90576462,235.5,-2.6081190748319534e-08,239.5,ASK
1541,1712379742.1066144,7729836.32234303,235.5,-3.272720065915272e-07,239.5,ASK
1542,1712379750.36941,7729836.32234303,235.5,-0.0,239.5,ASK
1543,1712379780.4420838,7729836.32234303,235.5,-0.0,239.5,ASK
1544,1712379801.162506,7730136.32234303,235.6,-1.808436440414141e-08,239.5,ASK
1545,1712379810.4425724,7730136.32234303,235.6,-0.0,239.5,ASK
1546,1712379840.3251853,7730136.32234303,235.6,-0.0,239.5,ASK
1547,1712379850.8428426,7730518.54106549,235.6,-2.304051069534156e-08,239.5,ASK
1548,1712379854.0130844,7730563.20291151,235.6,-2.692258857130005e-09,239.5,ASK
1549,1712379870.3266678,7730563.20291151,235.6,-0.0,239.5,ASK
1550,1712379882.2931013,7731382.95258451,235.7,4.9414995894403686e-08,239.5,BID
1551,1712379882.3729017,7731382.95258513,235.7,3.7389690547486986e-17,239.5,BID
1552,1712379900.433118,7731382.95258513,235.7,0.0,239.5,BID
1553,1712379919.7260284,7731882.95258513,235.6,-3.0182769608968285e-08,239.5,ASK
1554,1712379930.521436,7731882.95258513,235.6,-0.0,239.5,ASK
1555,1712379956.6245768,7732010.05311444,235.9,7.672437427534134e-09,239.5,BID
1556,1712379956.630426,7736388.87657112,235.9,2.6432815944906614e-07,239.5,BID
1557,1712379960.320405,7736388.87657112,235.9,0.0,239.5,BID
1558,1712379975.593731,7739808.87657112,236.0,2.064354301391588e-07,239.5,BID
1559,1712379975.5986788,7744385.59854911,236.0,2.762565994601556e-07,239.5,BID
1560,1712379975.6536317,7744685.59854931,236.0,1.8108371076924884e-08,239.5,BID
1561,1712379990.3339956,7744685.59854931,236.0,0.0,239.5,BID
1562,1712380004.5189326,7753156.78497357,236.0,5.11270863894852e-07,239.5,BID
