,time,acc_trade_volume,trade_price,dev,high,ask_bid
0,1712365207.221715,9872057.61907539,1062.0,0.0,1132.0,BID
1,1712365208.3386712,9872843.33594889,1062.0,3.757012111915497e-09,1132.0,BID
2,1712365208.339897,9874186.97159988,1062.0,6.424776640322081e-09,1132.0,BID
3,1712365208.3585496,9874835.49093597,1062.0,3.100983423767695e-09,1132.0,BID
4,1712365211.451053,9875148.40016687,1062.0,1.496218052668828e-09,1132.0,BID
5,1712365211.473039,9875479.57963603,1062.0,1.5835796822223171e-09,1132.0,BID
6,1712365214.4993663,9877280.2746186,1062.0,8.610268008168751e-09,1132.0,BID
7,1712365214.5185802,9877912.58097129,1062.0,3.023458838185972e-09,1132.0,BID
8,1712365215.1284077,9878195.06684699,1062.0,1.350744641285907e-09,1132.0,BID
9,1712365219.2384682,9879266.52922365,1061.0,-5.1233431053162286e-09,1132.0,ASK
10,1712365219.4585545,9879883.02791753,1062.0,2.947872367265167e-09,1132.0,BID
11,1712365219.498537,9880356.84866761,1062.0,2.2656383704689593e-09,1132.0,BID
12,1712365221.068551,9880639.36874341,1063.0,1.350908173717397e-09,1132.0,BID
13,1712365222.018573,9881089.43184034,1062.0,-2.1520379201690474e-09,1132.0,ASK
14,1712365222.0198965,9882371.28869827,1062.0,-6.129372937523627e-09,1132.0,ASK
15,1712365223.3566778,9882418.6068471,1062.0,2.2625816532629424e-10,1132.0,BID
16,1712365223.958529,9883019.69307363,1062.0,2.8741755580724046e-09,1132.0,BID
17,1712365225.4885895,9884548.4019083,1062.0,7.309729243641611e-09,1132.0,BID
18,1712365226.1703055,9886260.18757611,1062.0,8.185136025281861e-09,1132.0,BID
19,1712365226.3685474,9888104.92245913,1062.0,8.820850782929833e-09,1132.0,BID
20,1712365226.7747495,9888242.07798682,1062.0,6.5582781295426e-10,1132.0,BID
21,1712365227.818611,9890037.86498401,1062.0,8.586799808440123e-09,1132.0,BID
22,1712365229.5585976,9891116.18236589,1062.0,-5.1561212452618075e-09,1132.0,ASK
23,1712365229.6387484,9891137.77988279,1062.0,1.0327146497290996e-10,1132.0,BID
24,1712365230.7787454,9891137.77988279,1062.0,0.0,1132.0,BID
25,1712365240.8286643,9891656.43150275,1062.0,-2.479730342721796e-09,1132.0,ASK
26,1712365240.8300884,9895618.4185106,1062.0,-1.8942694908775146e-08,1132.0,ASK
27,1712365242.4103167,9895632.26842062,1062.0,-6.621794051403779e-11,1132.0,ASK
28,1712365244.5385516,9895642.65585314,1062.0,-4.9663455410018486e-11,1132.0,ASK
29,1712365245.9298613,9897014.12808109,1063.0,6.557159308817718e-09,1132.0,BID
30,1712365245.9315252,9897977.52046886,1063.0,4.606084785943101e-09,1132.0,BID
31,1712365245.933164,9898999.51339815,1065.0,4.886260409256316e-09,1132.0,BID
32,1712365245.9345794,9900872.72859963,1066.0,8.956047556392634e-09,1132.0,BID
33,1712365245.9358716,9901130.75273123,1065.0,1.233641704102479e-09,1132.0,BID
34,1712365245.9371483,9910882.63398246,1066.0,4.6624815013929536e-08,1132.0,BID
35,1712365245.9384332,9920148.29758571,1067.0,4.4300155052490135e-08,1132.0,BID
36,1712365245.9397297,9922199.80972005,1066.0,9.808504769309414e-09,1132.0,BID
37,1712365245.941028,9933612.99709135,1067.0,5.4567701984584265e-08,1132.0,BID
38,1712365246.4486945,9933917.61360317,1063.0,-1.4564049897552531e-09,1132.0,ASK
39,1712365246.4501705,9938135.37591544,1062.0,-2.0165584723210425e-08,1132.0,ASK
40,1712365246.628618,9938143.16648983,1062.0,-3.724759156196663e-11,1132.0,ASK
41,1712365248.578616,9938149.00942062,1062.0,-2.7935693658116703e-11,1132.0,ASK
42,1712365252.7886822,9938158.35557446,1066.0,4.468498771419264e-11,1132.0,BID
43,1712365256.808669,9938620.35338728,1066.0,2.2088622702208326e-09,1132.0,BID
44,1712365256.8101516,9939129.6588534,1066.0,2.43504535501651e-09,1132.0,BID
45,1712365260.539667,9939129.6588534,1066.0,0.0,1132.0,BID
46,1712365261.0287893,9941536.3869031,1066.0,1.1504018488851428e-08,1132.0,BID
47,1712365261.0307367,9945870.23699088,1066.0,2.0715548457570103e-08,1132.0,BID
48,1712365261.128572,9946342.73657049,1066.0,-2.258520193210353e-09,1132.0,ASK
49,1712365261.2888446,9946472.28289617,1066.0,-6.19223815491005e-10,1132.0,ASK
50,1712365261.2906349,9946602.3698072,1066.0,-6.218077816623395e-10,1132.0,ASK
51,1712365261.908602,9946616.3698072,1066.0,-6.691917637476663e-11,1132.0,ASK
52,1712365262.108586,9946936.6860072,1066.0,-1.531092591674882e-09,1132.0,ASK
53,1712365262.4286406,9952835.92086008,1066.0,-2.819799554257594e-08,1132.0,ASK
54,1712365262.5285685,9953485.92586446,1066.0,-3.1069856808985262e-09,1132.0,ASK
55,1712365262.6287923,9953515.94574227,1064.0,-1.4349324985131564e-10,1132.0,ASK
56,1712365262.6306753,9957171.27981672,1063.0,-1.7472281831204128e-08,1132.0,ASK
57,1712365262.6325514,9957908.75811522,1066.0,-3.5251028807068823e-09,1132.0,ASK
58,1712365262.7286246,9958177.35507572,1063.0,1.283877669529848e-09,1132.0,BID
59,1712365262.748639,9959991.60026169,1063.0,8.67198525621124e-09,1132.0,BID
60,1712365262.7501776,9961106.96016446,1063.0,5.3313547181973684e-09,1132.0,BID
61,1712365262.788578,9964199.74316446,1067.0,1.4783320790419133e-08,1132.0,BID
62,1712365262.7985582,9972561.80494324,1067.0,3.9970163359348456e-08,1132.0,BID
63,1712365262.82878,9973624.28373183,1067.0,-5.078586103436179e-09,1132.0,ASK
64,1712365262.8305802,9974106.96016446,1067.0,-2.3071649519366635e-09,1132.0,ASK
65,1712365263.358808,9974135.1520031,1066.0,1.3475533016623424e-10,1132.0,BID
66,1712365263.7188609,9974653.80362306,1063.0,-2.4791242309383153e-09,1132.0,ASK
67,1712365263.7207632,9975370.40754855,1062.0,-3.425324605768981e-09,1132.0,ASK
68,1712365264.9585643,9977577.67088211,1062.0,-1.0550588880285177e-08,1132.0,ASK
69,1712365272.5484982,9977624.33435482,1064.0,-2.2304865432510448e-10,1132.0,ASK
70,1712365273.2101245,9978114.79413614,1066.0,2.344368900780984e-09,1132.0,BID
71,1712365273.2184918,9978490.3287263,1066.0,1.7950332481178435e-09,1132.0,BID
72,1712365280.808567,9978495.3287263,1066.0,2.3899705848130936e-11,1132.0,BID
73,1712365283.558705,9980238.04046902,1065.0,-8.330059605825489e-09,1132.0,ASK
74,1712365285.8887963,9980707.52403709,1065.0,2.2441038354740696e-09,1132.0,BID
75,1712365286.2288136,9981072.026293,1065.0,1.742299339450645e-09,1132.0,BID
76,1712365286.388878,9981096.25643384,1065.0,1.1581864774999067e-10,1132.0,BID
77,1712365287.750878,9982296.25643384,1065.0,5.7359294035514246e-09,1132.0,BID
78,1712365290.4886856,9982296.25643384,1065.0,0.0,1132.0,BID
79,1712365291.5503511,9982323.65348271,1064.0,-1.3092749956815734e-10,1132.0,ASK
80,1712365291.5521038,9982328.65348271,1064.0,-2.3894453048178488e-11,1132.0,ASK
81,1712365293.580695,9982726.18898306,1065.0,1.8997786696258463e-09,1132.0,BID
82,1712365293.581589,9984536.76105323,1065.0,8.652525864205009e-09,1132.0,BID
83,1712365293.5824726,9985913.23604092,1064.0,6.578023393067316e-09,1132.0,BID
84,1712365293.6586275,9986315.93809748,1065.0,-1.924469076578748e-09,1132.0,ASK
85,1712365293.7387211,9986432.14756414,1065.0,-5.553523289652345e-10,1132.0,ASK
86,1712365293.8192327,9986440.2664044,1065.0,-3.879904948170678e-11,1132.0,ASK
87,1712365293.8469276,9986634.26435915,1065.0,-9.270950042453783e-10,1132.0,ASK
88,1712365293.8786557,9986779.34243706,1065.0,-6.933122641903319e-10,1132.0,ASK
89,1712365294.2082734,9986895.19049051,1065.0,-5.536251747756559e-10,1132.0,ASK
90,1712365295.7285795,9987223.17309748,1065.0,-1.5673930005716881e-09,1132.0,ASK
91,1712365297.2487144,9988049.94119566,1065.0,-3.9510343007351885e-09,1132.0,ASK
92,1712365299.7586973,9988593.59331326,1065.0,2.598053999710378e-09,1132.0,BID
93,1712365300.3489947,9988598.59331326,1065.0,2.3894453048178488e-11,1132.0,BID
94,1712365307.4786077,9994547.6666639,1065.0,2.8429970771407564e-08,1132.0,BID
95,1712365308.5788124,9996174.99465321,1065.0,7.776822446911028e-09,1132.0,BID
96,1712365308.580605,9997074.96004065,1065.0,4.3008361390310886e-09,1132.0,BID
97,1712365308.618557,9999242.50234465,1065.0,-1.0358447562573184e-08,1132.0,ASK
98,1712365311.729143,9999339.64250696,1065.0,-4.64222209488888e-10,1132.0,ASK
99,1712365311.7385046,9999789.51240769,1065.0,-2.1498790441539864e-09,1132.0,ASK
100,1712365312.4185915,9999813.01528092,1065.0,1.1231766017287108e-10,1132.0,BID
101,1712365315.550685,10000397.10106204,1064.0,-2.791282054623873e-09,1132.0,ASK
102,1712365316.468878,10000452.07617941,1065.0,2.627200721565357e-10,1132.0,BID
103,1712365316.6185117,10000581.69415354,1064.0,-6.194301194119474e-10,1132.0,ASK
104,1712365319.8687177,10000958.52087337,1064.0,-1.800813672854514e-09,1132.0,ASK
105,1712365320.114017,10001242.55144721,1064.0,-1.3573510421790751e-09,1132.0,ASK
106,1712365320.5506556,10001352.65263002,1064.0,-5.261615086361894e-10,1132.0,ASK
107,1712365320.7688365,10001352.65263002,1064.0,-0.0,1132.0,ASK
108,1712365321.7986934,10003993.64077422,1064.0,-1.2619769652265812e-08,1132.0,ASK
109,1712365321.8002446,10004116.459637,1064.0,-5.86880997791978e-10,1132.0,ASK
110,1712365322.0386708,10004216.459637,1065.0,4.7784272261802e-10,1132.0,BID
111,1712365325.920681,10004383.64296147,1065.0,7.98873349416099e-10,1132.0,BID
112,1712365325.9216883,10004758.06980661,1065.0,1.789171431024442e-09,1132.0,BID
113,1712365330.108975,10004784.66953379,1063.0,-1.2710486056518508e-10,1132.0,ASK
114,1712365330.1109722,10005034.43044853,1063.0,-1.1934643550344676e-09,1132.0,ASK
115,1712365334.488604,10005146.78845836,1063.0,-5.36894573251654e-10,1132.0,ASK
116,1712365334.5087385,10006311.31064385,1063.0,-5.564584516634066e-09,1132.0,ASK
117,1712365334.5107386,10006435.05498052,1063.0,-5.913033074308014e-10,1132.0,ASK
118,1712365334.5127687,10007636.78845836,1063.0,-5.742395969123833e-09,1132.0,ASK
119,1712365334.7284806,10007786.31468395,1063.0,-7.145001873834713e-10,1132.0,ASK
120,1712365334.7686172,10007898.27968171,1063.0,-5.35016593680135e-10,1132.0,ASK
121,1712365334.7888224,10008009.6583795,1063.0,-5.322150019372144e-10,1132.0,ASK
122,1712365334.8085785,10008122.05535165,1063.0,-5.37080751859916e-10,1132.0,ASK
123,1712365335.2686355,10009152.03611998,1063.0,-4.9216881458319635e-09,1132.0,ASK
124,1712365335.588716,10009258.7138869,1063.0,-5.097519458745053e-10,1132.0,ASK
125,1712365335.6685348,10009535.29930802,1063.0,-1.321643306647898e-09,1132.0,ASK
126,1712365335.669434,10009792.4633017,1063.0,-1.2288394289889047e-09,1132.0,ASK
127,1712365335.8486836,10009899.73503818,1064.0,-5.125901861970726e-10,1132.0,ASK
128,1712365335.850282,10010597.82941563,1064.0,-3.3357931796534798e-09,1132.0,ASK
129,1712365336.0085688,10010621.66321092,1063.0,-1.1388805631014496e-10,1132.0,ASK
130,1712365336.0186262,10012376.82941563,1063.0,-8.386933979064432e-09,1132.0,ASK
131,1712365336.148572,10013621.82941563,1063.0,-5.949141896594351e-09,1132.0,ASK
132,1712365337.5387533,10014014.61784257,1065.0,1.876910913415712e-09,1132.0,BID
133,1712365337.5404146,10017336.02284286,1065.0,1.5871092082556327e-08,1132.0,BID
134,1712365337.7387218,10017787.54780435,1063.0,-2.157579169284662e-09,1132.0,ASK
135,1712365342.7986677,10018352.51955576,1063.0,-2.699676398962713e-09,1132.0,ASK
136,1712365345.158732,10018564.07887175,1064.0,-1.0109207954729134e-09,1132.0,ASK
137,1712365345.168475,10019293.2533281,1064.0,-3.484307074860401e-09,1132.0,ASK
138,1712365345.648633,10026973.93241506,1063.0,-3.670156606468662e-08,1132.0,ASK
139,1712365349.2287762,10027152.91046544,1063.0,-8.552335888200598e-10,1132.0,ASK
140,1712365349.3486338,10027334.89991401,1063.0,-8.696233359230477e-10,1132.0,ASK
141,1712365350.528607,10028059.12241106,1063.0,-3.460644497714588e-09,1132.0,ASK
142,1712365350.6286533,10028511.89857954,1063.0,-2.163557970832849e-09,1132.0,ASK
143,1712365350.640259,10028569.38866217,1063.0,-2.747121760787829e-10,1132.0,ASK
144,1712365350.6419623,10028600.31299304,1063.0,-1.4776966457912955e-10,1132.0,ASK
145,1712365350.7300324,10029141.50357502,1063.0,-2.586039811481861e-09,1132.0,ASK
146,1712365350.748696,10029141.50357502,1063.0,-0.0,1132.0,ASK
147,1712365351.3189569,10029194.98615502,1063.0,-2.5552723436225976e-10,1132.0,ASK
148,1712365351.3211422,10029406.33840812,1063.0,-1.0097915379233911e-09,1132.0,ASK
149,1712365353.0006511,10029594.40762874,1063.0,-8.985506647777448e-10,1132.0,ASK
150,1712365353.1786003,10029745.98092697,1063.0,-7.241816999046564e-10,1132.0,ASK
151,1712365353.368672,10029859.99737633,1063.0,-5.44743876913182e-10,1132.0,ASK
152,1712365354.508649,10030200.51067403,1063.0,-1.6268927419699763e-09,1132.0,ASK
153,1712365354.988767,10030669.0111823,1062.0,-2.2383856421033766e-09,1132.0,ASK
154,1712365356.1587162,10030716.53969941,1062.0,-2.27080117113462e-10,1132.0,ASK
155,1712365357.2386715,10031185.04020768,1062.0,-2.2383856421033766e-09,1132.0,ASK
156,1712365358.3010757,10031216.04729807,1062.0,-1.481446118124581e-10,1132.0,ASK
157,1712365358.3099835,10031996.48112159,1062.0,-3.72872992523766e-09,1132.0,ASK
158,1712365358.311812,10036635.15168958,1062.0,-2.2162480967524043e-08,1132.0,ASK
159,1712365358.868655,10037085.13554055,1063.0,2.1499173926372806e-09,1132.0,BID
160,1712365360.8087163,10037910.18629201,1062.0,-3.9418991515868814e-09,1132.0,ASK
161,1712365368.7687335,10040533.81012713,1062.0,-1.2535059875355802e-08,1132.0,ASK
162,1712365370.650701,10041067.54238112,1062.0,-2.550047637023294e-09,1132.0,ASK
163,1712365370.6531186,10043399.13735053,1062.0,-1.1139814387787164e-08,1132.0,ASK
164,1712365370.6595905,10043407.9145062,1062.0,-4.1935192995997845e-11,1132.0,ASK
165,1712365372.318745,10043741.1322522,1063.0,1.592036305553455e-09,1132.0,BID
166,1712365374.8088672,10043741.13225284,1063.0,3.0613530213074697e-18,1132.0,BID
167,1712365374.9086432,10044293.6860229,1063.0,-2.639972430245301e-09,1132.0,ASK
168,1712365375.548715,10044857.59579733,1063.0,-2.6942287580092e-09,1132.0,ASK
169,1712365375.588616,10045042.56216901,1063.0,-8.83725979652769e-10,1132.0,ASK
170,1712365377.7986465,10045465.79425525,1063.0,-2.0221037296450127e-09,1132.0,ASK
171,1712365379.568827,10046465.79425525,1063.0,-4.777765664253771e-09,1132.0,ASK
172,1712365380.539755,10046465.79425525,1063.0,-0.0,1132.0,ASK
173,1712365380.928644,10046498.26168372,1063.0,-1.5510770077288899e-10,1132.0,ASK
174,1712365381.1086893,10047190.16171572,1063.0,3.305436500071646e-09,1132.0,BID
175,1712365382.798704,10047222.93293898,1063.0,1.5655902949257432e-10,1132.0,BID
176,1712365391.3357449,10047260.8473322,1063.0,1.8112966242450668e-10,1132.0,BID
177,1712365393.8988233,10048163.66671133,1063.0,4.313068349080401e-09,1132.0,BID
178,1712365393.9012437,10048868.72072382,1063.0,3.368277438388358e-09,1132.0,BID
179,1712365394.178736,10049432.32415258,1062.0,-2.692520969536267e-09,1132.0,ASK
180,1712365395.0686822,10050219.21509157,1062.0,-3.759239645923703e-09,1132.0,ASK
181,1712365396.4288473,10050240.07949834,1062.0,-9.967620826783443e-11,1132.0,ASK
182,1712365396.4309964,10052740.26127441,1062.0,-1.1944199620201162e-08,1132.0,ASK
183,1712365398.8587017,10052743.85202712,1063.0,1.7154219569714788e-11,1132.0,BID
184,1712365398.871538,10052744.96964694,1063.0,5.3392414730037654e-12,1132.0,BID
185,1712365410.5192256,10052744.96964694,1063.0,0.0,1132.0,BID
186,1712365411.088972,10053971.04090641,1062.0,-5.8571633959096365e-09,1132.0,ASK
187,1712365411.092734,10071825.27135214,1062.0,-8.529287691974107e-08,1132.0,ASK
188,1712365412.1686203,10071931.00944354,1062.0,-5.05129921052214e-10,1132.0,ASK
189,1712365413.0189545,10072411.17488838,1062.0,-2.2938368759335034e-09,1132.0,ASK
190,1712365413.0208871,10072505.33684695,1062.0,-4.4982864801797136e-10,1132.0,ASK
191,1712365413.0228243,10077620.86867039,1062.0,-2.44378175537756e-08,1132.0,ASK
192,1712365413.738789,10081654.12861614,1062.0,1.9267609723292146e-08,1132.0,BID
193,1712365416.5887425,10082196.38434972,1061.0,-2.590453376523582e-09,1132.0,ASK
194,1712365417.5786903,10082244.58007542,1062.0,2.30239668557726e-10,1132.0,BID
195,1712365418.6986914,10084112.96560711,1062.0,-8.925614446248731e-09,1132.0,ASK
196,1712365422.3186347,10085401.64045234,1062.0,6.1562320088707264e-09,1132.0,BID
197,1712365424.8887937,10087651.25349917,1062.0,-1.0746806999248334e-08,1132.0,ASK
198,1712365425.309268,10089022.2098683,1061.0,-6.5493056791200715e-09,1132.0,ASK
199,1712365425.3119318,10090189.66703214,1062.0,-5.577153296359434e-09,1132.0,ASK
200,1712365425.314482,10094772.72324662,1061.0,-2.1894085595348143e-08,1132.0,ASK
201,1712365425.319847,10094789.06286926,1060.0,-7.805732244066861e-11,1132.0,ASK
202,1712365425.3211524,10099293.33399123,1061.0,-2.1517715008051435e-08,1132.0,ASK
203,1712365425.322332,10099741.80090654,1062.0,-2.142407286972761e-09,1132.0,ASK
204,1712365425.323525,10099966.49703612,1061.0,-1.073413910657575e-09,1132.0,ASK
205,1712365425.3258774,10104153.3350078,1060.0,-2.000127963436269e-08,1132.0,ASK
206,1712365425.3270874,10104193.50474339,1059.0,-1.918980671830388e-10,1132.0,ASK
207,1712365425.328277,10108085.36730267,1060.0,-1.859212892239581e-08,1132.0,ASK
208,1712365425.3294835,10108247.09629228,1059.0,-7.7260853371014e-10,1132.0,ASK
209,1712365425.3306868,10108464.96185831,1060.0,-1.0407830774304495e-09,1132.0,ASK
210,1712365425.3318942,10113183.17758634,1059.0,-2.2539766952983988e-08,1132.0,ASK
211,1712365425.3331103,10114286.14932546,1058.0,-5.269094799506347e-09,1132.0,ASK
212,1712365425.33434,10115276.3606462,1060.0,-4.730417956745209e-09,1132.0,ASK
213,1712365425.3355806,10115370.78935252,1059.0,-4.5110295010047694e-10,1132.0,ASK
214,1712365425.3367994,10115380.24114836,1058.0,-4.515293234039669e-11,1132.0,ASK
215,1712365425.3380177,10115474.580771,1060.0,-4.5067738130028646e-10,1132.0,ASK
216,1712365425.3392725,10116064.84565745,1058.0,-2.819801753038786e-09,1132.0,ASK
217,1712365425.3404963,10120345.89489417,1057.0,-2.0451343828279253e-08,1132.0,ASK
218,1712365425.3417656,10120374.22350606,1059.0,-1.3533088500077907e-10,1132.0,ASK
219,1712365425.3430145,10123697.31612377,1058.0,-1.5875012395346453e-08,1132.0,ASK
220,1712365425.3442638,10126580.88824631,1057.0,-1.377534376990497e-08,1132.0,ASK
221,1712365425.4486976,10126732.2332093,1061.0,-7.23002166907104e-10,1132.0,ASK
222,1712365425.4730148,10126885.75136406,1061.0,-7.333838956880721e-10,1132.0,ASK
223,1712365425.4752922,10127038.41833553,1061.0,-7.29317639703358e-10,1132.0,ASK
224,1712365429.488698,10127044.06273816,1063.0,2.696432871548511e-11,1132.0,BID
225,1712365435.428646,10127089.76227657,1060.0,2.1831493195500158e-10,1132.0,BID
226,1712365440.7545872,10127089.76227657,1060.0,0.0,1132.0,BID
227,1712365442.5441113,10127608.41389653,1058.0,-2.4767592937918807e-09,1132.0,ASK
228,1712365442.545442,10128617.84785879,1058.0,-4.820432157680125e-09,1132.0,ASK
229,1712365446.0461123,10128625.86158516,1058.0,3.8268599772791206e-11,1132.0,BID
230,1712365446.5986028,10128717.84785879,1058.0,-4.392695392145704e-10,1132.0,ASK
231,1712365446.7846491,10128827.95429209,1057.0,-5.258002124876202e-10,1132.0,ASK
232,1712365446.7873974,10129385.54108341,1057.0,-2.6626895865077862e-09,1132.0,ASK
233,1712365446.7901225,10130246.55669346,1057.0,-4.1116779206254075e-09,1132.0,ASK
234,1712365447.1386263,10130286.21031662,1057.0,-1.8936117407920518e-10,1132.0,ASK
235,1712365448.1986284,10130657.74855506,1058.0,1.774236789471412e-09,1132.0,BID
236,1712365449.5712311,10135240.84494027,1057.0,-2.1886033185923585e-08,1132.0,ASK
237,1712365449.5777192,10136063.62129084,1057.0,-3.929070872544133e-09,1132.0,ASK
238,1712365449.728444,10136381.10098072,1057.0,1.5160866027126615e-09,1132.0,BID
239,1712365450.0361729,10136392.99102575,1057.0,5.677949976122439e-11,1132.0,BID
240,1712365451.058526,10136398.66746851,1057.0,2.710717912143885e-11,1132.0,BID
241,1712365453.4205198,10136607.47631241,1056.0,-9.971418671987847e-10,1132.0,ASK
242,1712365453.4285226,10137941.7481116,1056.0,-6.3716567188849715e-09,1132.0,ASK
243,1712365453.9286072,10137951.20884953,1057.0,4.517863184831014e-11,1132.0,BID
244,1712365454.9687648,10138051.20884953,1056.0,-4.77538138987361e-10,1132.0,ASK
245,1712365454.971758,10138330.4676197,1056.0,-1.3335671340273323e-09,1132.0,ASK
246,1712365454.974686,10139519.86155909,1056.0,-5.679809683386298e-09,1132.0,ASK
247,1712365456.138543,10140006.557605,1056.0,-2.324159240168176e-09,1132.0,ASK
248,1712365457.0787246,10140891.1258876,1056.0,-4.224150914802857e-09,1132.0,ASK
249,1712365457.081636,10141701.33744512,1056.0,-3.869069193635274e-09,1132.0,ASK
250,1712365458.8287263,10141889.13087235,1056.0,-8.96785237538501e-10,1132.0,ASK
251,1712365459.5586634,10142303.94806167,1057.0,1.980910286073916e-09,1132.0,BID
252,1712365459.5687406,10143193.21987371,1056.0,-4.246612061756718e-09,1132.0,ASK
253,1712365459.6486368,10143209.66418871,1056.0,7.852787581785995e-11,1132.0,BID
254,1712365460.1690066,10143709.66418871,1055.0,-2.3876906949368087e-09,1132.0,ASK
255,1712365460.1714392,10144984.06452457,1055.0,-6.085747647121074e-09,1132.0,ASK
256,1712365461.0089462,10144985.59321575,1055.0,-7.300083412076491e-12,1132.0,ASK
257,1712365461.0186431,10146796.76061783,1055.0,-8.649015105835374e-09,1132.0,ASK
258,1712365461.021051,10146896.76061783,1055.0,-4.77538138987361e-10,1132.0,ASK
259,1712365461.02337,10157984.06452457,1055.0,-5.294610474012221e-08,1132.0,ASK
260,1712365461.7385683,10160459.6079735,1055.0,-1.1821664115837872e-08,1132.0,ASK
261,1712365461.7986648,10163626.93331556,1055.0,-1.5125186494153183e-08,1132.0,ASK
262,1712365461.801018,10168346.89690726,1055.0,-2.253962629668722e-08,1132.0,ASK
263,1712365461.8033707,10173853.44102079,1055.0,-2.6295848282268545e-08,1132.0,ASK
264,1712365461.959211,10173879.10565927,1054.0,-1.2255843697604558e-10,1132.0,ASK
265,1712365461.962233,10174374.9592505,1054.0,-2.367890011660627e-09,1132.0,ASK
266,1712365461.9652145,10177033.56832802,1054.0,-1.2695872311732371e-08,1132.0,ASK
267,1712365462.5386078,10177180.56832802,1055.0,7.01981064311421e-10,1132.0,BID
268,1712365463.4785671,10178088.56832802,1055.0,4.336046302005244e-09,1132.0,BID
269,1712365464.0284538,10178857.56832802,1055.0,3.6722682888128116e-09,1132.0,BID
270,1712365464.128671,10179805.57388065,1054.0,-4.527088073530318e-09,1132.0,ASK
271,1712365464.131832,10185064.02412804,1054.0,-2.511110545096346e-08,1132.0,ASK
272,1712365464.5284884,10186003.95547815,1054.0,-4.4885306770745485e-09,1132.0,ASK
273,1712365464.648683,10189440.43901686,1054.0,-1.6410519537360765e-08,1132.0,ASK
274,1712365464.651795,10190906.99921244,1054.0,-7.0033842651027405e-09,1132.0,ASK
275,1712365466.0287223,10194440.43901686,1054.0,-1.6873522684265345e-08,1132.0,ASK
276,1712365466.042143,10197252.0906328,1053.0,-1.3426708801568124e-08,1132.0,ASK
277,1712365467.1985114,10197403.79517638,1053.0,-7.24447054168193e-10,1132.0,ASK
278,1712365468.679076,10200036.90060894,1053.0,-1.2574082680225331e-08,1132.0,ASK
279,1712365468.6887796,10200324.83173843,1052.0,-1.3749809573275102e-09,1132.0,ASK
280,1712365468.6917572,10206296.63589411,1053.0,-2.8517642429010325e-08,1132.0,ASK
281,1712365468.694958,10213445.52077917,1052.0,-3.4138651838462744e-08,1132.0,ASK
282,1712365470.3086047,10215362.10203656,1052.0,-9.152406468720108e-09,1132.0,ASK
283,1712365470.4306138,10216243.81169037,1052.0,-4.2104998720745925e-09,1132.0,ASK
284,1712365470.7287395,10216243.81169037,1052.0,-0.0,1132.0,ASK
285,1712365470.994823,10216329.28177584,1053.0,4.0796909910968396e-10,1132.0,BID
286,1712365471.028513,10216442.56732875,1053.0,5.407389580637546e-10,1132.0,BID
287,1712365471.130436,10230737.81309737,1052.0,-6.823461689204347e-08,1132.0,ASK
288,1712365471.1385584,10231009.50540033,1052.0,-1.2968521496580547e-09,1132.0,ASK
289,1712365471.1414323,10231104.56243456,1052.0,-4.5372989164031536e-10,1132.0,ASK
290,1712365471.1493063,10231311.19993228,1052.0,9.86330051315998e-10,1132.0,BID
291,1712365471.7784927,10231503.19993228,1052.0,9.164617842408475e-10,1132.0,BID
292,1712365471.85863,10231616.3688733,1052.0,5.401823417031996e-10,1132.0,BID
293,1712365471.9595838,10231696.00755075,1051.0,-3.801343980745515e-10,1132.0,ASK
294,1712365471.9624667,10236289.82129956,1051.0,-2.1927368462004962e-08,1132.0,ASK
295,1712365471.9653776,10240923.66750205,1051.0,-2.2118452909535083e-08,1132.0,ASK
296,1712365471.9844134,10241093.21338397,1052.0,8.092829242520711e-10,1132.0,BID
297,1712365471.9869552,10242565.31558751,1052.0,7.026694854374514e-09,1132.0,BID
298,1712365472.031152,10242809.08121256,1052.0,1.1635514566154975e-09,1132.0,BID
299,1712365472.0383835,10252823.53425438,1052.0,4.7801372410950063e-08,1132.0,BID
300,1712365472.2050214,10253120.69774999,1052.0,1.4184322260289754e-09,1132.0,BID
301,1712365472.6572168,10253301.78501369,1052.0,8.643726916414296e-10,1132.0,BID
302,1712365472.7204757,10253498.42164405,1052.0,9.38593526598269e-10,1132.0,BID
303,1712365472.7406178,10253673.0074563,1052.0,8.33339713530792e-10,1132.0,BID
304,1712365473.158954,10254038.06917808,1052.0,1.7425266505207831e-09,1132.0,BID
305,1712365473.2388332,10254309.22855882,1052.0,1.29430838482404e-09,1132.0,BID
306,1712365473.618803,10254319.78939532,1052.0,5.0409390945103035e-11,1132.0,BID
307,1712365473.7788277,10255291.09267426,1051.0,-4.6362621669591325e-09,1132.0,ASK
308,1712365473.8088667,10256495.29267426,1052.0,5.7479337530409e-09,1132.0,BID
309,1712365473.9022431,10259897.33204122,1052.0,1.6238745147407538e-08,1132.0,BID
310,1712365473.9087744,10261383.28255689,1052.0,7.092796150434751e-09,1132.0,BID
311,1712365474.5286987,10262317.06354575,1052.0,-4.457159328862609e-09,1132.0,ASK
312,1712365474.810677,10262654.9672865,1053.0,1.612895130980563e-09,1132.0,BID
313,1712365475.2087896,10267482.11401702,1053.0,2.3041122424199404e-08,1132.0,BID
314,1712365475.4488535,10267520.10072167,1053.0,1.8131959958553438e-10,1132.0,BID
315,1712365475.548736,10268725.41217297,1053.0,5.753238975122466e-09,1132.0,BID
316,1712365475.9158115,10269531.04569511,1053.0,3.845480912211127e-09,1132.0,BID
317,1712365476.178867,10279531.04569511,1053.0,4.773238459587749e-08,1132.0,BID
318,1712365476.2592182,10281588.17238686,1053.0,9.819156241311253e-09,1132.0,BID
319,1712365476.2629302,10284662.30802896,1053.0,1.4673582476861797e-08,1132.0,BID
320,1712365476.5789442,10285362.67930005,1053.0,-3.343039087151032e-09,1132.0,ASK
321,1712365476.5809045,10285383.44237143,1052.0,-9.910709085283379e-11,1132.0,ASK
322,1712365476.6605954,10285505.76181587,1052.0,-5.838598765578717e-10,1132.0,ASK
323,1712365477.243301,10288271.80873913,1052.0,-1.3203001555125524e-08,1132.0,ASK
324,1712365477.2801557,10288927.21558326,1052.0,-3.128413155077326e-09,1132.0,ASK
325,1712365477.5387669,10289445.86720322,1055.0,2.4756478595276503e-09,1132.0,BID
326,1712365477.5409122,10290134.31186184,1055.0,3.286110521815201e-09,1132.0,BID
327,1712365478.538731,10290949.72387414,1055.0,-3.892155977526811e-09,1132.0,ASK
328,1712365478.578786,10291507.34469198,1055.0,-2.661657133581136e-09,1132.0,ASK
329,1712365479.593936,10304129.83796874,1055.0,-6.025017036451852e-08,1132.0,ASK
330,1712365479.597118,10304313.8658102,1055.0,-8.78408770491596e-10,1132.0,ASK
331,1712365483.648986,10304595.87946351,1053.0,-1.346118416108213e-09,1132.0,ASK
332,1712365485.1435368,10305896.70103752,1053.0,-6.209131566125787e-09,1132.0,ASK
333,1712365485.145124,10306348.60455129,1053.0,-2.1570432319435423e-09,1132.0,ASK
334,1712365485.1466796,10312327.69358262,1053.0,-2.853961771764953e-08,1132.0,ASK
335,1712365485.1482456,10318324.37537919,1052.0,-2.8623592181294705e-08,1132.0,ASK
336,1712365485.1509538,10320046.16039634,1053.0,-8.218490463000053e-09,1132.0,ASK
337,1712365485.15251,10321273.02151988,1052.0,-5.8561006994607025e-09,1132.0,ASK
338,1712365485.1541123,10322812.62019157,1053.0,-7.348871592039151e-09,1132.0,ASK
339,1712365485.1557007,10324064.00867872,1051.0,-5.973175654745078e-09,1132.0,ASK
340,1712365485.1572838,10324192.4493832,1052.0,-6.130781103995906e-10,1132.0,ASK
341,1712365485.1588688,10324620.08618325,1051.0,-2.0412124207372064e-09,1132.0,ASK
342,1712365485.1604626,10325745.20272317,1052.0,-5.3704495398632396e-09,1132.0,ASK
343,1712365485.1620867,10327752.81452145,1051.0,-9.582809847476274e-09,1132.0,ASK
344,1712365485.163699,10331322.39328334,1050.0,-1.7038450630774608e-08,1132.0,ASK
345,1712365485.1653018,10332749.60546221,1051.0,-6.8124240621792555e-09,1132.0,ASK
346,1712365485.1669135,10333620.76240137,1052.0,-4.158239806335632e-09,1132.0,ASK
347,1712365485.1685135,10333639.81002041,1050.0,-9.091882776145087e-11,1132.0,ASK
348,1712365485.170128,10334639.81002041,1051.0,-4.773238459587748e-09,1132.0,ASK
349,1712365485.1717567,10339998.74916478,1050.0,-2.5579494426502287e-08,1132.0,ASK
350,1712365485.1735666,10342774.42797637,1051.0,-1.324897685494065e-08,1132.0,ASK
351,1712365485.1752112,10343017.38464303,1050.0,-1.15969010531267e-09,1132.0,ASK
352,1712365485.1768432,10343350.62278585,1050.0,-1.590625119510377e-09,1132.0,ASK
353,1712365485.178483,10357350.62278585,1051.0,-6.68253384342285e-08,1132.0,ASK
354,1712365485.1801157,10362696.3484685,1050.0,-2.551642342282981e-08,1132.0,ASK
355,1712365485.181762,10362705.87227803,1050.0,-4.545941392962511e-11,1132.0,ASK
356,1712365486.861712,10363355.87227803,1054.0,3.1026049987320363e-09,1132.0,BID
357,1712365486.864709,10363874.52389799,1054.0,2.4756478595276503e-09,1132.0,BID
358,1712365486.8675978,10365037.04424207,1054.0,5.5489868164088725e-09,1132.0,BID
359,1712365487.9190328,10365057.32154501,1055.0,9.678840225616035e-11,1132.0,BID
360,1712365488.3687446,10366110.75675997,1054.0,-5.0282974827267914e-09,1132.0,ASK
361,1712365489.4891715,10366130.97645694,1055.0,9.651343522154755e-11,1132.0,BID
362,1712365490.218664,10368122.10498588,1054.0,-9.504131272316684e-09,1132.0,ASK
363,1712365490.2205963,10370510.452731,1054.0,-1.1400153311878967e-08,1132.0,ASK
364,1712365490.7593794,10370530.67242797,1055.0,9.651343522154755e-11,1132.0,BID
365,1712365491.7650905,10374278.26656805,1054.0,-1.7888160480350147e-08,1132.0,ASK
366,1712365498.4689012,10374298.50543061,1054.0,9.660491715477164e-11,1132.0,BID
367,1712365498.592569,10374331.34129398,1054.0,1.5673340588470178e-10,1132.0,BID
368,1712365498.6488986,10374359.83132247,1053.0,-1.3598969970915523e-10,1132.0,ASK
369,1712365498.6530728,10374450.42517516,1053.0,-4.3242606185969925e-10,1132.0,ASK
370,1712365498.8288813,10374573.96111845,1053.0,-5.89666515654323e-10,1132.0,ASK
371,1712365499.3286617,10374695.52080535,1053.0,-5.802333726426357e-10,1132.0,ASK
372,1712365499.698981,10375415.23048276,1054.0,3.435345911956838e-09,1132.0,BID
373,1712365500.4389164,10375515.23048276,1053.0,-4.77323845958774e-10,1132.0,ASK
374,1712365500.4422052,10376399.41968614,1053.0,-4.2204459111241215e-09,1132.0,ASK
375,1712365500.4787028,10376399.41968614,1053.0,-0.0,1132.0,ASK
376,1712365501.0287752,10381147.74827113,1053.0,2.276646866331027e-08,1132.0,BID
377,1712365505.1821542,10382096.51487454,1053.0,4.548982817578591e-09,1132.0,BID
378,1712365507.7889888,10382856.40440731,1052.0,-3.643387546947387e-09,1132.0,ASK
379,1712365509.8590562,10382884.92151757,1052.0,-1.3672893218878144e-10,1132.0,ASK
380,1712365509.8628843,10386973.13321935,1052.0,-1.9601453844578577e-08,1132.0,ASK
381,1712365511.112284,10386995.33949311,1052.0,1.0647081950032404e-10,1132.0,BID
382,1712365511.3989244,10387042.82552726,1052.0,2.2767786370609703e-10,1132.0,BID
383,1712365511.4226162,10387055.1454138,1052.0,5.90692715991329e-11,1132.0,BID
384,1712365513.3290226,10387066.82846116,1051.0,-5.6015864717597245e-11,1132.0,ASK
385,1712365513.8089128,10387373.59664826,1051.0,-1.470839305550541e-09,1132.0,ASK
386,1712365515.0188725,10387701.14750377,1052.0,1.5704844671498847e-09,1132.0,BID
387,1712365515.0390718,10387721.38636633,1052.0,9.703781488324924e-11,1132.0,BID
388,1712365515.418923,10388371.65758667,1051.0,-3.1178085289444074e-09,1132.0,ASK
389,1712365515.421987,10388809.59661707,1051.0,-2.0997546891657924e-09,1132.0,ASK
390,1712365515.8283966,10388847.68767984,1051.0,-1.8263247191298347e-10,1132.0,ASK
391,1712365515.8987978,10389598.16903688,1051.0,-3.598278845204379e-09,1132.0,ASK
392,1712365515.978938,10390349.25200104,1051.0,-3.601163327478998e-09,1132.0,ASK
393,1712365516.07905,10393395.28188733,1051.0,-1.4604579845834433e-08,1132.0,ASK
394,1712365516.0887833,10399801.18169175,1051.0,-3.0713905861249984e-08,1132.0,ASK
395,1712365516.689149,10399821.42055431,1052.0,9.703781488324924e-11,1132.0,BID
396,1712365516.873093,10401257.74888057,1051.0,-6.886659851934098e-09,1132.0,ASK
397,1712365518.1727052,10407614.44756929,1051.0,-3.047800481970125e-08,1132.0,ASK
398,1712365518.8583782,10407634.68643185,1051.0,9.703781488324924e-11,1132.0,BID
399,1712365519.238997,10408354.39610926,1050.0,-3.4507400918423035e-09,1132.0,ASK
400,1712365520.118887,10409994.55427048,1050.0,-7.863948063390402e-09,1132.0,ASK
401,1712365520.679053,10413891.97767675,1051.0,1.8686694961882024e-08,1132.0,BID
402,1712365521.180028,10413953.2113968,1050.0,-2.935929019505539e-10,1132.0,ASK
403,1712365521.4289374,10418125.71886333,1051.0,2.0005620669236505e-08,1132.0,BID
404,1712365522.2090447,10421815.16310498,1050.0,-1.7689512258702958e-08,1132.0,ASK
405,1712365524.0794692,10423720.21467768,1050.0,-9.134013401893082e-09,1132.0,ASK
406,1712365524.2987344,10425447.70983161,1050.0,-8.282696444449044e-09,1132.0,ASK
407,1712365524.4590137,10425468.02572124,1051.0,9.740713102741387e-11,1132.0,BID
408,1712365524.8589222,10427302.84510571,1050.0,-8.797276193436269e-09,1132.0,ASK
409,1712365526.0998924,10429240.85370908,1050.0,-9.292030100301477e-09,1132.0,ASK
410,1712365526.5190313,10430850.38531735,1050.0,-7.717105138455381e-09,1132.0,ASK
411,1712365526.548977,10430870.6818953,1051.0,9.731453871015492e-11,1132.0,BID
412,1712365526.813883,10431320.67151236,1050.0,-2.1575327680511524e-09,1132.0,ASK
413,1712365527.8320704,10431666.68159282,1050.0,-1.658989581911983e-09,1132.0,ASK
414,1712365527.9489644,10432206.69671324,1050.0,-2.589171557257874e-09,1132.0,ASK
415,1712365530.7689168,10432206.69671324,1050.0,-0.0,1132.0,ASK
416,1712365530.8390536,10437037.31277403,1051.0,2.315449492013427e-08,1132.0,BID
417,1712365530.8847024,10439305.50693575,1051.0,1.0872089508767274e-08,1132.0,BID
418,1712365530.92186,10439402.46478593,1050.0,-4.6474611544807054e-10,1132.0,ASK
419,1712365531.002077,10443815.08836007,1051.0,2.1150939931081296e-08,1132.0,BID
420,1712365531.1740592,10447590.9832221,1051.0,1.8098920986814814e-08,1132.0,BID
421,1712365531.2212486,10447781.27817928,1051.0,9.121369953424479e-10,1132.0,BID
422,1712365531.7289608,10452983.86389524,1051.0,2.493744959561945e-08,1132.0,BID
423,1712365532.90913,10454132.38749231,1052.0,5.505195084720991e-09,1132.0,BID
424,1712365532.913373,10455983.86389524,1052.0,8.874644647159382e-09,1132.0,BID
425,1712365533.4289408,10456073.14960952,1051.0,-4.2797142056361775e-10,1132.0,ASK
426,1712365533.879029,10456205.34509001,1051.0,-6.33649940908868e-10,1132.0,ASK
427,1712365533.881004,10459602.88146186,1051.0,-1.628534283681886e-08,1132.0,ASK
428,1712365536.8491783,10459659.46994901,1051.0,2.712444586295646e-10,1132.0,BID
429,1712365538.6391792,10459692.30581238,1050.0,-1.57391484232728e-10,1132.0,ASK
430,1712365538.7990427,10463062.46423293,1051.0,1.6154112652859547e-08,1132.0,BID
431,1712365539.3390603,10463082.79947103,1051.0,9.747248825821995e-11,1132.0,BID
432,1712365540.8791082,10464388.0002404,1051.0,6.256192627157874e-09,1132.0,BID
433,1712365540.8888662,10465082.79947103,1051.0,3.330367194095708e-09,1132.0,BID
434,1712365540.9891214,10465103.07677397,1051.0,9.719478882133423e-11,1132.0,BID
435,1712365541.8291595,10465379.06019097,1051.0,1.322865768375215e-09,1132.0,BID
436,1712365541.8335428,10465431.75734701,1051.0,2.525922193936874e-10,1132.0,BID
437,1712365542.3912115,10465452.03464995,1052.0,9.719478882133423e-11,1132.0,BID
438,1712365542.6691165,10465827.11525673,1051.0,-1.797866337348816e-09,1132.0,ASK
439,1712365542.6733873,10465992.04977037,1051.0,-7.905772907979764e-10,1132.0,ASK
440,1712365543.7796793,10466012.32707331,1052.0,9.719478882133423e-11,1132.0,BID
441,1712365543.7989662,10466107.53288431,1051.0,-4.56348101247752e-10,1132.0,ASK
442,1712365544.5426726,10466738.43345519,1052.0,3.024083031996129e-09,1132.0,BID
443,1712365544.5791173,10467738.43345519,1052.0,4.793279910626791e-09,1132.0,BID
444,1712365545.41914,10468278.94788509,1051.0,-2.590836958247374e-09,1132.0,ASK
445,1712365545.599045,10468316.97069877,1052.0,1.8225398895617392e-10,1132.0,BID
446,1712365546.708876,10471501.4632014,1052.0,1.5264163938396852e-08,1132.0,BID
447,1712365547.4490314,10471521.7984395,1053.0,9.747248826714814e-11,1132.0,BID
448,1712365547.7889678,10471672.2986031,1052.0,-7.213894107292e-10,1132.0,ASK
449,1712365547.8690512,10472561.88141632,1052.0,-4.264019427446764e-09,1132.0,ASK
450,1712365547.9090855,10472674.35012469,1052.0,-5.390940004034932e-10,1132.0,ASK
451,1712365547.95006,10475521.92847226,1053.0,1.364924008733991e-08,1132.0,BID
452,1712365548.7789316,10475569.41185307,1053.0,2.276011353224648e-10,1132.0,BID
453,1712365549.1790886,10475759.34537633,1053.0,9.104045413969976e-10,1132.0,BID
454,1712365549.9191427,10475767.05664782,1052.0,-3.696228272272826e-11,1132.0,ASK
455,1712365549.923107,10476726.33707977,1052.0,-4.598099623125554e-09,1132.0,ASK
456,1712365550.7590082,10476912.97322556,1052.0,-8.94599288208071e-10,1132.0,ASK
457,1712365550.7689204,10476979.36329505,1052.0,-3.18226186352965e-10,1132.0,ASK
458,1712365550.8892038,10477292.03706468,1052.0,-1.498732898549785e-09,1132.0,ASK
459,1712365551.0290337,10477663.72426964,1052.0,-1.781600812566379e-09,1132.0,ASK
460,1712365551.068821,10478034.90545691,1052.0,-1.779175328144894e-09,1132.0,ASK
461,1712365551.1496084,10478080.8941381,1052.0,-2.204366216628852e-10,1132.0,ASK
462,1712365551.1540625,10478406.59266187,1052.0,-1.561164190912421e-09,1132.0,ASK
463,1712365551.9126256,10478426.83152443,1053.0,9.701053331894687e-11,1132.0,BID
464,1712365551.916895,10478682.25650068,1053.0,1.2243234073322016e-09,1132.0,BID
465,1712365552.095155,10479038.52212791,1052.0,-1.7076808738464291e-09,1132.0,ASK
466,1712365554.2619245,10479048.97527118,1052.0,5.010484164228412e-11,1132.0,BID
467,1712365554.2654998,10479199.10163427,1052.0,7.195976802514442e-10,1132.0,BID
468,1712365554.3426566,10479411.22928914,1052.0,-1.0167872265814036e-09,1132.0,ASK
469,1712365554.5991805,10480038.52212791,1052.0,-3.0067901621516593e-09,1132.0,ASK
470,1712365555.118889,10480497.75929521,1052.0,2.2012522882353914e-09,1132.0,BID
471,1712365555.559001,10480540.15330661,1052.0,2.0320636317757088e-10,1132.0,BID
472,1712365557.789224,10480662.64729457,1051.0,-5.87147971655851e-10,1132.0,ASK
473,1712365557.9126587,10481332.64729457,1051.0,-3.21149754011995e-09,1132.0,ASK
474,1712365557.928986,10481446.14665523,1051.0,-5.440342053209992e-10,1132.0,ASK
475,1712365557.9324644,10492537.16929555,1051.0,-5.3162376010150575e-08,1132.0,ASK
476,1712365558.0490732,10494950.85513205,1052.0,1.1569471830666676e-08,1132.0,BID
477,1712365558.5412695,10495079.12213999,1052.0,6.148196723526963e-10,1132.0,BID
478,1712365558.5448706,10497257.79999897,1052.0,1.0443012813178008e-08,1132.0,BID
479,1712365558.6013894,10498114.25234151,1051.0,-4.1052158079063605e-09,1132.0,ASK
480,1712365559.0016043,10507566.18203222,1051.0,-4.530574470313397e-08,1132.0,ASK
481,1712365559.6210845,10507684.10283687,1051.0,-5.65227423971832e-10,1132.0,ASK
482,1712365559.62581,10518886.68071149,1051.0,-5.3697091473645895e-08,1132.0,ASK
483,1712365559.9027748,10518934.16172383,1052.0,2.275897825885888e-10,1132.0,BID
484,1712365560.3362558,10520406.5910619,1051.0,-7.057765965986674e-09,1132.0,ASK
485,1712365560.3395994,10520734.12567708,1051.0,-1.5699650909838163e-09,1132.0,ASK
486,1712365560.3434277,10522694.10946945,1051.0,-9.394750937113193e-09,1132.0,ASK
487,1712365560.3486855,10524962.6322842,1050.0,-1.0873664834742937e-08,1132.0,ASK
488,1712365560.3514023,10534919.683836,1051.0,-4.7726935172319314e-08,1132.0,ASK
489,1712365560.3538988,10538635.74621695,1050.0,-1.7812127157238973e-08,1132.0,ASK
490,1712365560.356444,10538894.79769173,1051.0,-1.2417062298893987e-09,1132.0,ASK
491,1712365560.358968,10550292.12707602,1050.0,-5.463058997251216e-08,1132.0,ASK
492,1712365560.366762,10550643.9183406,1050.0,1.686234001239077e-09,1132.0,BID
493,1712365560.3874507,10550658.0845816,1050.0,6.790275840080987e-11,1132.0,BID
494,1712365560.4339836,10550805.14806222,1050.0,7.049164272395401e-10,1132.0,BID
495,1712365560.488906,10550805.14806222,1050.0,0.0,1132.0,BID
496,1712365560.52891,10552708.09763405,1050.0,9.1159231744023e-09,1132.0,BID
497,1712365561.0333493,10554208.49426034,1050.0,7.187526447829277e-09,1132.0,BID
498,1712365561.2451217,10554217.99996376,1051.0,4.5536289228638126e-11,1132.0,BID
499,1712365561.7891352,10554462.45990511,1051.0,1.171065212423143e-09,1132.0,BID
500,1712365563.520656,10554558.64303423,1052.0,4.6075735727159215e-10,1132.0,BID
501,1712365565.7523787,10555298.61553817,1051.0,-3.544777327230732e-09,1132.0,ASK
502,1712365565.7560449,10560709.30432154,1050.0,-2.5919458928376442e-08,1132.0,ASK
503,1712365565.7590032,10561185.49479773,1050.0,-2.2811512515068523e-09,1132.0,ASK
504,1712365565.84897,10561392.14954744,1050.0,9.89962555955593e-10,1132.0,BID
505,1712365565.8891923,10561756.1599232,1050.0,1.743761720869548e-09,1132.0,BID
506,1712365566.748975,10561827.02576525,1050.0,3.394769789908791e-10,1132.0,BID
507,1712365568.1589727,10561846.07338429,1050.0,9.124605002886566e-11,1132.0,BID
508,1712365568.2791877,10563777.2830125,1049.0,-9.251300646658895e-09,1132.0,ASK
509,1712365568.2839174,10566042.19484635,1049.0,-1.0849873575120413e-08,1132.0,ASK
510,1712365568.3010051,10568278.59297519,1049.0,-1.0713281019989197e-08,1132.0,ASK
511,1712365568.3057542,10568336.42580466,1049.0,-2.770434057789295e-10,1132.0,ASK
512,1712365568.3079293,10569307.20016119,1049.0,-4.650414590497678e-09,1132.0,ASK
513,1712365568.458958,10569327.19654214,1050.0,9.579101579949808e-11,1132.0,BID
514,1712365569.3612282,10571336.72035166,1050.0,9.626458281346781e-09,1132.0,BID
515,1712365570.9890957,10571407.64964891,1050.0,3.397809558987089e-10,1132.0,BID
516,1712365571.5089438,10571420.98298224,1050.0,6.387223502734424e-11,1132.0,BID
517,1712365571.591441,10573905.6559357,1050.0,1.1902621116475324e-08,1132.0,BID
518,1712365571.5957668,10574905.6559357,1050.0,4.790417628166174e-09,1132.0,BID
519,1712365573.2045288,10576464.3413817,1050.0,-7.466754237292069e-09,1132.0,ASK
520,1712365573.9812162,10577054.59743477,1050.0,-2.8275730017564313e-09,1132.0,ASK
521,1712365574.699088,10577978.5459367,1050.0,-4.42609919116148e-09,1132.0,ASK
522,1712365574.7112637,10580212.96719845,1050.0,-1.0703811001037282e-08,1132.0,ASK
523,1712365574.9558554,10580251.06243654,1050.0,1.8249210009342271e-10,1132.0,BID
524,1712365575.6888938,10580830.21476513,1050.0,2.774381524270694e-09,1132.0,BID
525,1712365576.2689216,10581308.34052335,1049.0,-2.29042206065506e-09,1132.0,ASK
526,1712365577.8194485,10582308.34052335,1049.0,-4.790417628166174e-09,1132.0,ASK
527,1712365577.8250644,10582367.29686272,1049.0,-2.8242548741239577e-10,1132.0,ASK
528,1712365577.8300009,10583798.65745019,1049.0,-6.856814990479697e-09,1132.0,ASK
529,1712365577.840932,10584537.56197399,1050.0,3.539661256348323e-09,1132.0,BID
530,1712365577.9592104,10586448.94394406,1049.0,-9.156317883574845e-09,1132.0,ASK
531,1712365577.964201,10586805.75613571,1049.0,-1.7092794128260675e-09,1132.0,ASK
532,1712365578.999191,10586955.24851984,1049.0,-7.161309522135888e-10,1132.0,ASK
533,1712365579.2389617,10592965.39120826,1049.0,2.8791093482399626e-08,1132.0,BID
534,1712365579.9431112,10593478.82865332,1049.0,2.4595797877821633e-09,1132.0,BID
535,1712365579.9455886,10599536.9728401,1049.0,2.902104070632265e-08,1132.0,BID
536,1712365580.68909,10601244.88762249,1049.0,-8.181625080966643e-09,1132.0,ASK
537,1712365581.2339883,10601660.88330968,1049.0,-1.992793073149278e-09,1132.0,ASK
538,1712365581.9148538,10601708.547752,1049.0,2.2833258473259638e-10,1132.0,BID
539,1712365583.8189852,10602744.88762249,1049.0,4.964500784367386e-09,1132.0,BID
540,1712365585.2593825,10604611.67085111,1049.0,-8.942671286341538e-09,1132.0,ASK
541,1712365585.7288563,10604708.81101342,1049.0,-4.6534194593098304e-10,1132.0,ASK
542,1712365586.6889043,10605311.42138716,1049.0,-2.8867553572847686e-09,1132.0,ASK
543,1712365588.2783575,10605504.99746143,1050.0,9.273102385767587e-10,1132.0,BID
544,1712365588.28068,10607070.7789405,1050.0,7.500747199192856e-09,1132.0,BID
545,1712365589.3391092,10608083.98038862,1050.0,4.8536580779583905e-09,1132.0,BID
546,1712365589.418964,10608734.41251981,1050.0,3.115841547177565e-09,1132.0,BID
547,1712365589.859902,10612278.79172825,1050.0,1.6979056641016463e-08,1132.0,BID
548,1712365589.868905,10614128.40067523,1050.0,8.860399304822295e-09,1132.0,BID
549,1712365589.872757,10616035.12456935,1050.0,9.134003754443491e-09,1132.0,BID
550,1712365590.529096,10616035.12456935,1050.0,0.0,1132.0,BID
551,1712365590.6378634,10617029.49624557,1050.0,-4.761893900862912e-09,1132.0,ASK
552,1712365590.7496448,10617829.45644987,1051.0,3.830887090699533e-09,1132.0,BID
553,1712365590.753435,10617856.71601909,1051.0,1.3054190853819523e-10,1132.0,BID
554,1712365593.4651034,10617866.24643734,1052.0,4.563971562865997e-11,1132.0,BID
555,1712365595.654526,10618171.23701773,1051.0,-1.4605532511813282e-09,1132.0,ASK
556,1712365595.8690703,10618209.29600916,1051.0,1.8225869008465243e-10,1132.0,BID
557,1712365596.4489048,10618709.29600916,1051.0,2.3944235413897446e-09,1132.0,BID
558,1712365596.7119083,10618998.76399813,1050.0,-1.386217934535871e-09,1132.0,ASK
559,1712365598.4192774,10619040.49506542,1050.0,-1.9984369985552727e-10,1132.0,ASK
560,1712365598.4244387,10622455.94335069,1050.0,-1.6356059557292837e-08,1132.0,ASK
561,1712365598.6667566,10623618.46369477,1050.0,-5.567132158421248e-09,1132.0,ASK
562,1712365598.6690822,10630958.10956635,1050.0,-3.514844172074872e-08,1132.0,ASK
563,1712365598.6714158,10643891.48978007,1050.0,-6.193598010695445e-08,1132.0,ASK
564,1712365600.9890225,10647575.89329259,1050.0,1.7644045012708413e-08,1132.0,BID
565,1712365601.2131224,10647905.04776297,1050.0,1.5762704252649854e-09,1132.0,BID
566,1712365601.7490077,10647914.57157249,1050.0,4.560806743932669e-11,1132.0,BID
567,1712365602.3791754,10648414.57157249,1050.0,2.3944235413897446e-09,1132.0,BID
568,1712365602.5391877,10649043.33730272,1049.0,-3.0110629329643103e-09,1132.0,ASK
569,1712365603.0991583,10649062.40307965,1050.0,9.130309022860788e-11,1132.0,BID
570,1712365603.4390976,10650490.97450822,1050.0,6.841210118253864e-09,1132.0,BID
571,1712365604.7889988,10650586.21260345,1050.0,4.56080674509226e-10,1132.0,BID
572,1712365605.029035,10653860.48369361,1050.0,1.5679983558346986e-08,1132.0,BID
573,1712365605.034223,10655735.53450821,1050.0,8.979331623554762e-09,1132.0,BID
574,1712365605.0893135,10663137.15052346,1049.0,-3.5445207262483255e-08,1132.0,ASK
575,1712365605.0944932,10665668.28438455,1049.0,-1.2121213006809961e-08,1132.0,ASK
576,1712365605.0984814,10678085.53440264,1049.0,-5.94643115252739e-08,1132.0,ASK
577,1712365605.3091211,10678185.53440264,1049.0,4.788847082779483e-10,1132.0,BID
578,1712365607.419285,10678607.46452432,1049.0,2.0205588323385987e-09,1132.0,BID
579,1712365607.8994062,10678655.17444798,1048.0,-2.2847552874065548e-10,1132.0,ASK
580,1712365607.90444,10683587.13333249,1048.0,-2.361839691647957e-08,1132.0,ASK
581,1712365607.908507,10686344.80845818,1048.0,-1.3206084480906046e-08,1132.0,ASK
582,1712365608.858956,10690289.46681082,1048.0,-1.889036564460846e-08,1132.0,ASK
583,1712365608.899046,10691241.8477632,1049.0,4.560806745493656e-09,1132.0,BID
584,1712365609.3790357,10695126.37273936,1049.0,1.8602396100069687e-08,1132.0,BID
585,1712365611.451379,10695680.98689569,1049.0,2.6559623846091487e-09,1132.0,BID
586,1712365612.120656,10695936.10950588,1049.0,1.2217431675637e-09,1132.0,BID
587,1712365612.123721,10699224.63642459,1049.0,1.5748252541302752e-08,1132.0,BID
588,1712365612.4388237,10699719.31577664,1048.0,-2.368943771978989e-09,1132.0,ASK
589,1712365612.4910293,10704690.59094772,1048.0,-2.3806676600714537e-08,1132.0,ASK
590,1712365612.7189512,10705209.59047107,1049.0,2.485409353363233e-09,1132.0,BID
591,1712365612.8390434,10705250.02615296,1049.0,1.936402972535404e-10,1132.0,BID
592,1712365615.1690476,10705875.58531311,1049.0,-2.9957071591931283e-09,1132.0,ASK
593,1712365615.8987062,10708158.52784615,1050.0,1.0932662689503828e-08,1132.0,BID
594,1712365616.349074,10710559.45195121,1050.0,-1.1497658396488453e-08,1132.0,ASK
595,1712365616.3533032,10711049.5658134,1049.0,-2.347080339180264e-09,1132.0,ASK
596,1712365616.969057,10711219.99762394,1049.0,-8.161718787224701e-10,1132.0,ASK
597,1712365616.9817092,10711449.5658134,1049.0,-1.0993669543893255e-09,1132.0,ASK
598,1712365617.3391907,10712636.908773,1049.0,-5.686003868337163e-09,1132.0,ASK
599,1712365617.3438764,10713080.23959637,1049.0,-2.123043520207337e-09,1132.0,ASK
600,1712365619.107815,10713270.89736568,1049.0,-9.130309023663582e-10,1132.0,ASK
601,1712365619.9690225,10713925.98283637,1049.0,-3.137104145282452e-09,1132.0,ASK
602,1712365619.9742298,10714048.47682433,1049.0,-5.8660497690382e-10,1132.0,ASK
603,1712365620.7390275,10714048.47682433,1049.0,-0.0,1132.0,ASK
604,1712365621.4891074,10714135.33846869,1049.0,-4.157623668839366e-10,1132.0,ASK
605,1712365625.1092708,10719596.18053394,1050.0,2.613826435102116e-08,1132.0,BID
606,1712365625.1158798,10719605.70434347,1050.0,4.558561631068484e-11,1132.0,BID
607,1712365625.8696885,10720123.6920163,1050.0,-2.479342665695594e-09,1132.0,ASK
608,1712365625.8761086,10722593.91299095,1050.0,-1.1823687275578277e-08,1132.0,ASK
609,1712365625.8800397,10724441.92713688,1049.0,-8.845500692668824e-09,1132.0,ASK
610,1712365629.562725,10725763.92712343,1050.0,-6.327739331699754e-09,1132.0,ASK
611,1712365630.229091,10726952.83173127,1050.0,-5.690679671110478e-09,1132.0,ASK
612,1712365630.628912,10730716.97627897,1050.0,-1.8017039142981945e-08,1132.0,ASK
613,1712365630.6336863,10731349.97008848,1050.0,-3.029818355454292e-09,1132.0,ASK
614,1712365632.61902,10731381.59675514,1050.0,1.513807145142984e-10,1132.0,BID
615,1712365633.5392404,10732381.59675514,1050.0,4.786489709590628e-09,1132.0,BID
616,1712365633.8826969,10732425.54620898,1050.0,2.1036360854744248e-10,1132.0,BID
617,1712365634.6290066,10732444.59382802,1050.0,9.117123253221436e-11,1132.0,BID
618,1712365635.4692595,10732558.71049468,1049.0,-5.462182506594992e-10,1132.0,ASK
619,1712365636.1489906,10732577.77627161,1050.0,9.125814507725003e-11,1132.0,BID
620,1712365636.3489356,10737148.23818727,1049.0,-2.1876468927385567e-08,1132.0,ASK
621,1712365636.9390328,10738575.38175834,1050.0,6.831008017032411e-09,1132.0,BID
622,1712365637.858888,10743575.38175834,1050.0,2.3932448547953137e-08,1132.0,BID
623,1712365639.138964,10744068.62466069,1050.0,2.360902076425361e-09,1132.0,BID
624,1712365639.3621917,10744456.82236355,1049.0,-1.8581043100283102e-09,1132.0,ASK
625,1712365639.3650675,10752250.37460562,1049.0,-3.730375760782711e-08,1132.0,ASK
626,1712365639.599192,10752634.1803199,1050.0,1.837082101880492e-09,1132.0,BID
627,1712365639.6490393,10753072.71484887,1050.0,2.0990410102185167e-09,1132.0,BID
628,1712365639.654597,10753212.67165618,1050.0,6.69901817975332e-10,1132.0,BID
629,1712365640.109231,10753846.47279222,1050.0,-3.033682615578468e-09,1132.0,ASK
630,1712365640.1689937,10753941.52982644,1051.0,4.5498951612084975e-10,1132.0,BID
631,1712365642.5590248,10755538.4106769,1050.0,-7.64345375817094e-09,1132.0,ASK
632,1712365643.3031683,10755592.14053968,1050.0,-2.5717743529121347e-10,1132.0,ASK
633,1712365643.3440907,10755610.01831073,1050.0,-8.557176715998782e-11,1132.0,ASK
634,1712365645.2091663,10755627.89608178,1050.0,-8.557176715998782e-11,1132.0,ASK
635,1712365645.2289689,10755800.92110197,1050.0,-8.281824786480666e-10,1132.0,ASK
636,1712365645.2334576,10755806.67379233,1050.0,-2.7535193210362192e-11,1132.0,ASK
637,1712365645.404451,10756433.85096261,1050.0,-3.001977071637146e-09,1132.0,ASK
638,1712365645.40707,10757163.16267439,1050.0,-3.4908430035134596e-09,1132.0,ASK
639,1712365649.408985,10757841.40711542,1050.0,-3.2464100375797604e-09,1132.0,ASK
640,1712365649.5689638,10759245.70291672,1050.0,-6.7216474021464334e-09,1132.0,ASK
641,1712365649.57453,10759521.92890719,1050.0,-1.322152860899605e-09,1132.0,ASK
642,1712365650.7690015,10759521.92890719,1050.0,-0.0,1132.0,ASK
643,1712365651.4591088,10761591.92890719,1049.0,-9.9057705202291e-09,1132.0,ASK
644,1712365651.659054,10761679.39493954,1050.0,4.1855963515862416e-10,1132.0,BID
645,1712365652.6589918,10761688.91874906,1050.0,4.557520366604867e-11,1132.0,BID
646,1712365654.469032,10761709.06113001,1050.0,9.638927701107055e-11,1132.0,BID
647,1712365655.2489,10761968.30008196,1050.0,1.2405611439294361e-09,1132.0,BID
648,1712365655.3890877,10764156.40685699,1050.0,1.0470958254682217e-08,1132.0,BID
649,1712365655.3947592,10771344.15120401,1050.0,3.4396205825924564e-08,1132.0,BID
650,1712365656.359162,10771382.2464421,1050.0,1.8230081469984867e-10,1132.0,BID
651,1712365658.1989737,10771477.48453734,1050.0,4.557520368298431e-10,1132.0,BID
652,1712365661.6592417,10772477.48453734,1049.0,-4.785396386584107e-09,1132.0,ASK
653,1712365661.6649976,10778676.57149474,1049.0,-2.9665088326056892e-08,1132.0,ASK
654,1712365663.468986,10780539.6366404,1049.0,-8.915505216013075e-09,1132.0,ASK
655,1712365664.5290377,10780559.99126385,1049.0,-9.740494150774892e-11,1132.0,ASK
656,1712365664.6766682,10781005.80039131,1049.0,-2.133373387658873e-09,1132.0,ASK
657,1712365664.9291,10782407.34082048,1050.0,6.706926505398365e-09,1132.0,BID
658,1712365664.934807,10784715.96911647,1050.0,1.1047701505594968e-08,1132.0,BID
659,1712365665.739128,10787886.81702666,1049.0,-1.5173764131831e-08,1132.0,ASK
660,1712365665.744202,10788062.69877907,1049.0,-8.41663902453218e-10,1132.0,ASK
661,1712365666.759173,10788083.07282487,1049.0,-9.749788514450428e-11,1132.0,ASK
662,1712365667.039015,10788823.42382899,1049.0,-3.5428730199195836e-09,1132.0,ASK
663,1712365667.6393592,10791823.77514436,1049.0,-1.4357870343053654e-08,1132.0,ASK
664,1712365667.6450882,10796064.90657085,1049.0,-2.0295495003357585e-08,1132.0,ASK
665,1712365669.809209,10796094.26810564,1049.0,-1.4050658248482324e-10,1132.0,ASK
666,1712365669.816223,10799073.20599442,1049.0,-1.4255398608829214e-08,1132.0,ASK
667,1712365669.822759,10801130.25088966,1049.0,-9.843775208727741e-09,1132.0,ASK
668,1712365671.078982,10804040.38058671,1050.0,1.3926124136749562e-08,1132.0,BID
669,1712365673.5891502,10805130.38058671,1049.0,-5.216082061376676e-09,1132.0,ASK
670,1712365675.3890517,10806505.51338842,1049.0,-6.580555540374862e-09,1132.0,ASK
671,1712365677.7193806,10807345.8084888,1049.0,-4.021145137021515e-09,1132.0,ASK
672,1712365678.5890353,10807575.42944118,1050.0,1.0988272758071827e-09,1132.0,BID
673,1712365679.4090164,10809582.55781906,1049.0,-9.60490488691277e-09,1132.0,ASK
674,1712365679.5090194,10809801.67107596,1050.0,1.0485437878291258e-09,1132.0,BID
675,1712365679.5190458,10813245.89215998,1050.0,1.6481963130062127e-08,1132.0,BID
676,1712365679.5241642,10813613.32141008,1050.0,1.7582946057568511e-09,1132.0,BID
677,1712365679.720322,10813697.45720761,1050.0,-4.026231414844088e-10,1132.0,ASK
678,1712365680.4803286,10813697.45720761,1050.0,-0.0,1132.0,ASK
679,1712365687.4890091,10813710.77785461,1051.0,6.372723873761208e-11,1132.0,BID
680,1712365689.389079,10813728.65562566,1050.0,-8.552895244758069e-11,1132.0,ASK
681,1712365690.47916,10815969.08108394,1050.0,-1.0718407901661761e-08,1132.0,ASK
682,1712365690.4853106,10819814.47552957,1050.0,-1.8396731771955573e-08,1132.0,ASK
683,1712365690.9391444,10821652.12337231,1050.0,8.791481584583074e-09,1132.0,BID
684,1712365691.6990364,10822346.50129246,1049.0,-3.321969833254763e-09,1132.0,ASK
685,1712365691.7589169,10822504.0383636,1049.0,-7.53672291071376e-10,1132.0,ASK
686,1712365692.279108,10829387.38240568,1049.0,-3.2930570797526096e-08,1132.0,ASK
687,1712365692.4591415,10830106.37288187,1050.0,3.439718635915109e-09,1132.0,BID
688,1712365693.3535788,10830230.46430227,1049.0,-5.936651255312133e-10,1132.0,ASK
689,1712365693.3583624,10834363.5768298,1049.0,-1.9773202366457773e-08,1132.0,ASK
690,1712365693.3626966,10834936.98894266,1049.0,-2.7432579373136907e-09,1132.0,ASK
691,1712365693.4491956,10838712.88380469,1049.0,-1.806423917182543e-08,1132.0,ASK
692,1712365694.0289643,10840722.40761421,1050.0,9.613752512468934e-09,1132.0,BID
693,1712365694.529112,10843049.83567504,1049.0,-1.1134636604644358e-08,1132.0,ASK
694,1712365694.5353203,10843562.08278716,1049.0,-2.450638772137509e-09,1132.0,ASK
695,1712365694.5893478,10843761.46365513,1049.0,-9.538569840757007e-10,1132.0,ASK
696,1712365694.5943005,10844550.30731575,1049.0,-3.773902895955011e-09,1132.0,ASK
697,1712365694.5993335,10845622.57198769,1049.0,-5.129815897208943e-09,1132.0,ASK
698,1712365694.6391745,10845750.60564737,1049.0,-6.125251721805198e-10,1132.0,ASK
699,1712365694.646257,10846118.01774684,1049.0,-1.757734333702035e-09,1132.0,ASK
700,1712365694.651041,10846849.23173946,1049.0,-3.4981970979379277e-09,1132.0,ASK
701,1712365694.8490608,10850793.51288047,1049.0,1.8869815102278544e-08,1132.0,BID
702,1712365694.8656652,10850926.7516541,1049.0,6.37426931030179e-10,1132.0,BID
703,1712365694.8702877,10853927.86575578,1050.0,1.4357614524664969e-08,1132.0,BID
704,1712365696.639129,10854397.67331739,1050.0,2.247603937015151e-09,1132.0,BID
705,1712365696.6452374,10857268.06613178,1049.0,1.3732231487071724e-08,1132.0,BID
706,1712365697.0190384,10857817.90073828,1050.0,2.630460910511067e-09,1132.0,BID
707,1712365697.7691336,10857871.67765934,1050.0,2.572738912091625e-10,1132.0,BID
708,1712365698.3292189,10858745.14162502,1049.0,-4.1787344617803236e-09,1132.0,ASK
709,1712365698.3354566,10858996.67765934,1049.0,-1.20337224692701e-09,1132.0,ASK
710,1712365699.2296438,10859001.7578291,1049.0,-2.430401399555891e-11,1132.0,ASK
711,1712365700.17916,10859819.61487457,1049.0,-3.912705681054755e-09,1132.0,ASK
712,1712365700.1854713,10861306.0637525,1048.0,-7.111312424943105e-09,1132.0,ASK
713,1712365702.689103,10862306.0637525,1049.0,-4.7840948521842974e-09,1132.0,ASK
714,1712365702.6960402,10863554.43575333,1049.0,-5.972330062783e-09,1132.0,ASK
715,1712365704.3590913,10863564.51153979,1049.0,4.8203518135908056e-11,1132.0,BID
716,1712365704.6700258,10863661.53150475,1048.0,-4.641527149217129e-10,1132.0,ASK
717,1712365706.3393085,10863966.76882584,1048.0,-1.4602842965209703e-09,1132.0,ASK
718,1712365706.3447604,10870327.93424237,1048.0,-3.043241872311109e-08,1132.0,ASK
719,1712365707.729185,10872586.2374717,1048.0,-1.0803936854109342e-08,1132.0,ASK
720,1712365709.2891357,10873961.15058711,1049.0,6.5777147576342975e-09,1132.0,BID
721,1712365710.5491145,10873961.15058711,1049.0,0.0,1132.0,BID
722,1712365711.0996127,10875287.05164937,1049.0,6.341318485050867e-09,1132.0,BID
723,1712365711.1049454,10875467.08218652,1050.0,8.610227456659308e-10,1132.0,BID
724,1712365711.1097476,10876316.71681157,1049.0,4.063503610279302e-09,1132.0,BID
725,1712365712.5009346,10876654.21681157,1049.0,1.6141438072744202e-09,1132.0,BID
726,1712365712.5043745,10894402.9118093,1050.0,8.48857662749272e-08,1132.0,BID
727,1712365712.7090588,10894824.84193098,1048.0,-2.0179433867066062e-09,1132.0,ASK
728,1712365713.853409,10894833.45907383,1050.0,4.1212763758776574e-11,1132.0,BID
729,1712365714.698935,10895840.42501701,1049.0,-4.815963974282319e-09,1132.0,ASK
730,1712365714.859011,10895983.98787118,1049.0,-6.866106429968288e-10,1132.0,ASK
731,1712365715.5634935,10896022.08310927,1050.0,1.8219612637604983e-10,1132.0,BID
732,1712365716.4391685,10896104.1704051,1049.0,-3.9259466731050207e-10,1132.0,ASK
733,1712365716.5976586,10896296.17765008,1049.0,-9.183031272184571e-10,1132.0,ASK
734,1712365718.7091937,10896774.41222519,1049.0,-2.287227786194401e-09,1132.0,ASK
735,1712365718.7161064,10897328.19597769,1049.0,-2.6485529323427864e-09,1132.0,ASK
736,1712365719.169031,10898539.75877769,1049.0,-5.794478787387361e-09,1132.0,ASK
737,1712365720.3791745,10899456.84076053,1049.0,-4.386080602568595e-09,1132.0,ASK
738,1712365720.3856905,10900729.2637981,1049.0,-6.085551900227774e-09,1132.0,ASK
739,1712365724.8392465,10900911.57920375,1049.0,8.71950468141536e-10,1132.0,BID
740,1712365724.8456511,10901386.14139287,1049.0,2.269664055513868e-09,1132.0,BID
741,1712365727.0893698,10902581.28154518,1049.0,-5.7159350390451315e-09,1132.0,ASK
742,1712365727.0959754,10910585.99897029,1049.0,-3.8283748328067136e-08,1132.0,ASK
743,1712365727.1022637,10911986.39119239,1048.0,-6.6975835053522236e-09,1132.0,ASK
744,1712365727.105096,10926542.99215446,1048.0,-6.961910310486331e-08,1132.0,ASK
745,1712365727.6889875,10928866.88317124,1049.0,1.111435346226736e-08,1132.0,BID
746,1712365731.0811396,10930147.13419449,1049.0,-6.122990402771094e-09,1132.0,ASK
747,1712365731.3589556,10930513.40635845,1049.0,1.7517509488438e-09,1132.0,BID
748,1712365731.669109,10930524.13550223,1049.0,5.1313721450073215e-11,1132.0,BID
749,1712365732.1690469,10930542.14837162,1049.0,8.614921948643539e-11,1132.0,BID
750,1712365733.509095,10930562.72284628,1049.0,9.840047662654995e-11,1132.0,BID
751,1712365734.5044994,10931591.50378439,1048.0,-4.920297423085124e-09,1132.0,ASK
752,1712365738.8494213,10931596.80435691,1049.0,2.5350774247003804e-11,1132.0,BID
753,1712365740.5242937,10931611.39320343,1049.0,6.977332226628814e-11,1132.0,BID
754,1712365740.7438755,10931611.39320343,1049.0,0.0,1132.0,BID
755,1712365741.9691892,10932092.53224234,1048.0,-2.300453446033459e-09,1132.0,ASK
756,1712365742.8289814,10932097.34194738,1049.0,2.2996476365458928e-11,1132.0,BID
757,1712365745.2593763,10932106.09498599,1049.0,4.18506007700156e-11,1132.0,BID
758,1712365745.2661028,10937532.40057464,1049.0,2.5944607236484583e-08,1132.0,BID
759,1712365746.019138,10937537.21027968,1049.0,2.2996476365458928e-11,1132.0,BID
760,1712365748.7384772,10937845.41725755,1048.0,-1.4736193636176864e-09,1132.0,ASK
761,1712365748.7463498,10938087.04488618,1048.0,-1.1552858238213094e-09,1132.0,ASK
762,1712365749.819166,10938091.85459122,1049.0,2.2996476365458928e-11,1132.0,BID
763,1712365750.5795174,10939486.74964951,1048.0,-6.669363498275111e-09,1132.0,ASK
764,1712365750.5860107,10945539.1437131,1048.0,-2.8938102407784653e-08,1132.0,ASK
765,1712365750.592677,10950516.2751493,1048.0,-2.3796986396545042e-08,1132.0,ASK
766,1712365750.679069,10950802.26180326,1048.0,-1.3673780974246663e-09,1132.0,ASK
767,1712365751.5513513,10953895.81512192,1049.0,1.4791099488694584e-08,1132.0,BID
768,1712365753.9391477,10953900.62482696,1049.0,2.2996476356553133e-11,1132.0,BID
769,1712365756.2790325,10955117.39594103,1049.0,5.8177056443851e-09,1132.0,BID
770,1712365756.2897851,10956709.59593721,1049.0,7.612730773807371e-09,1132.0,BID
771,1712365757.1691692,10956801.20543148,1048.0,-4.380093065453884e-10,1132.0,ASK
772,1712365757.1757512,10962110.8405839,1048.0,-2.53867749149108e-08,1132.0,ASK
773,1712365758.852923,10962487.91843784,1048.0,-1.8029093014084302e-09,1132.0,ASK
774,1712365758.8592842,10963358.42497846,1048.0,-4.1621228152702e-09,1132.0,ASK
775,1712365758.8625758,10963406.18047034,1047.0,-2.2833168165492719e-10,1132.0,ASK
776,1712365758.865576,10963906.18047034,1048.0,-2.390632706970459e-09,1132.0,ASK
777,1712365758.870207,10963942.15294211,1048.0,-1.7199393512738475e-10,1132.0,ASK
778,1712365758.8752315,10964018.56172911,1047.0,-3.65330690608698e-10,1132.0,ASK
779,1712365758.878214,10964087.25733979,1048.0,-3.284519474323333e-10,1132.0,ASK
780,1712365758.8812156,10964248.92071441,1047.0,-7.729555017694687e-10,1132.0,ASK
781,1712365758.88424,10969485.96756555,1048.0,-2.503971098054156e-08,1132.0,ASK
782,1712365758.887279,10969720.75275175,1047.0,-1.1225702904901167e-09,1132.0,ASK
783,1712365761.8295467,10971285.08472904,1047.0,-7.479486378934519e-09,1132.0,ASK
784,1712365761.8362646,10972366.60789057,1047.0,-5.171049286601791e-09,1132.0,ASK
785,1712365761.840208,11000095.33957725,1047.0,-1.32578425785969e-07,1132.0,ASK
786,1712365761.9134352,11000613.9911972,1047.0,2.479811052352844e-09,1132.0,BID
787,1712365764.6820114,11000661.79234442,1046.0,-2.2854997194391608e-10,1132.0,ASK
788,1712365764.688653,11001864.67869562,1046.0,-5.751318907893291e-09,1132.0,ASK
789,1712365764.6926315,11001922.04007229,1046.0,-2.74259966373666e-10,1132.0,ASK
790,1712365765.543906,11003823.62490991,1046.0,-9.09198181578321e-09,1132.0,ASK
791,1712365765.5493326,11004925.05621092,1046.0,-5.266235385354756e-09,1132.0,ASK
792,1712365765.5544052,11013922.04007229,1046.0,-4.3016967766153053e-08,1132.0,ASK
793,1712365767.2515445,11013932.04007229,1046.0,-4.7812654139409177e-11,1132.0,ASK
794,1712365767.258168,11019162.0559926,1046.0,-2.5006094234135483e-08,1132.0,ASK
795,1712365767.2634163,11019283.28926219,1046.0,-5.796484389138711e-10,1132.0,ASK
796,1712365767.266369,11019570.3706019,1045.0,-1.372612080540668e-09,1132.0,ASK
797,1712365767.2693706,11027075.77805887,1045.0,-3.5885345091544165e-08,1132.0,ASK
798,1712365767.2723577,11027082.89403973,1045.0,-3.4023393171446646e-11,1132.0,ASK
799,1712365767.2753863,11028843.9542362,1045.0,-8.420096209252253e-09,1132.0,ASK
800,1712365767.278373,11033009.01601751,1045.0,-1.9914265841902492e-08,1132.0,ASK
801,1712365767.2819965,11033200.03798503,1045.0,-9.13326726610803e-10,1132.0,ASK
802,1712365767.2854526,11052024.28861738,1045.0,-9.000373849180766e-08,1132.0,ASK
803,1712365767.288861,11055024.28861738,1045.0,-1.4343796241822757e-08,1132.0,ASK
804,1712365767.2918973,11055724.28861738,1045.0,-3.3468857897586422e-09,1132.0,ASK
805,1712365767.2951324,11055733.85799538,1045.0,-4.5753736063145e-11,1132.0,ASK
806,1712365767.2981448,11057383.24581545,1045.0,-7.88616093827901e-09,1132.0,ASK
807,1712365767.3011787,11057545.02539746,1045.0,-7.735111201490141e-10,1132.0,ASK
808,1712365768.6691787,11058696.29276387,1046.0,-5.5045148412116414e-09,1132.0,ASK
809,1712365770.73988,11058696.29276387,1046.0,-0.0,1132.0,ASK
810,1712365770.7609255,11059257.32486732,1046.0,2.6807383943935397e-09,1132.0,BID
1011,1712365771.1818292,11059594.94371425,1046.0,1.6132192793843202e-09,1132.0,BID
811,1712365771.1818292,11059594.94371425,1046.0,1.61321927938432e-09,1132.0,BID
812,1712365771.8897293,11061266.10719444,1045.0,-7.985197419387176e-09,1132.0,ASK
813,1712365771.896796,11061291.01676381,1045.0,-1.190235613727787e-10,1132.0,ASK
814,1712365771.9006195,11079238.34873318,1045.0,-8.575641499199719e-08,1132.0,ASK
815,1712365772.4088914,11084181.36583589,1045.0,-2.361885469640167e-08,1132.0,ASK
816,1712365772.5344117,11085079.97271973,1045.0,-4.2937471138787555e-09,1132.0,ASK
817,1712365772.5397873,11086410.30001822,1045.0,-6.356604986137629e-09,1132.0,ASK
818,1712365772.542924,11086487.81485075,1045.0,-3.7038341731448535e-10,1132.0,ASK
819,1712365772.6716447,11087105.98788717,1045.0,-2.953770707458602e-09,1132.0,ASK
820,1712365772.6763787,11089525.31485075,1045.0,-1.1560091909155533e-08,1132.0,ASK
821,1712365773.1891432,11090378.19433834,1046.0,4.075251263019609e-09,1132.0,BID
822,1712365773.3092566,11091003.12543881,1045.0,-2.9860622673441153e-09,1132.0,ASK
823,1712365773.3175387,11093029.69374544,1045.0,-9.683402135183241e-09,1132.0,ASK
1023,1712365773.3175387,11093029.69374544,1045.0,-9.68340213518324e-09,1132.0,ASK
824,1712365773.929299,11093215.03140121,1045.0,8.85585275234957e-10,1132.0,BID
825,1712365773.9391017,11094390.84955807,1046.0,5.618325330303752e-09,1132.0,BID
826,1712365773.944534,11096535.59842995,1045.0,1.0248095629168532e-08,1132.0,BID
827,1712365774.1992524,11097086.59842995,1046.0,2.6328027330878646e-09,1132.0,BID
828,1712365774.4793046,11097096.10413337,1044.0,-4.5420402799714296e-11,1132.0,ASK
829,1712365774.4856782,11097345.14627895,1044.0,-1.189979748706407e-09,1132.0,ASK
830,1712365774.4912937,11099538.42809094,1044.0,-1.0479997003700115e-08,1132.0,ASK
831,1712365774.4991336,11099646.68527484,1044.0,-5.172773314856382e-10,1132.0,ASK
832,1712365774.5031276,11099934.04159667,1044.0,-1.3730535562339315e-09,1132.0,ASK
833,1712365774.508688,11100408.42809094,1044.0,-2.266726059261269e-09,1132.0,ASK
834,1712365774.9207518,11101278.93463156,1044.0,-4.159477312735099e-09,1132.0,ASK
835,1712365776.0594466,11101317.17554934,1046.0,1.8272376197036246e-10,1132.0,BID
836,1712365776.2290862,11101643.72737858,1046.0,1.5603385635591932e-09,1132.0,BID
837,1712365776.4716508,11102535.52167955,1045.0,-4.261195050717208e-09,1132.0,ASK
1038,1712365776.568993,11102631.123974,1046.0,4.568094049259063e-10,1132.0,BID
838,1712365776.568993,11102631.123974,1046.0,4.5680940492590626e-10,1132.0,BID
839,1712365777.6291249,11107023.53731573,1046.0,2.0987945283049977e-08,1132.0,BID
840,1712365777.6362138,11108770.123974,1046.0,8.345586438232056e-09,1132.0,BID
841,1712365777.8899906,11112365.91604008,1045.0,-1.7181508492182192e-08,1132.0,ASK
842,1712365778.2891493,11112878.32967303,1045.0,-2.448428336300821e-09,1132.0,ASK
843,1712365778.3011436,11114192.00431417,1045.0,-6.277034819566423e-09,1132.0,ASK
844,1712365780.3792222,11114287.69809408,1045.0,4.5724654316971407e-10,1132.0,BID
845,1712365780.6793382,11114620.42828071,1044.0,-1.5898601537938395e-09,1132.0,ASK
846,1712365780.6847486,11118930.21050727,1044.0,-2.059311510907867e-08,1132.0,ASK
847,1712365780.6896577,11119198.54934881,1044.0,-1.282183730312321e-09,1132.0,ASK
848,1712365781.7692344,11120132.11573521,1044.0,-4.460791531093158e-09,1132.0,ASK
849,1712365781.7757192,11120564.45914603,1044.0,-2.065834688999668e-09,1132.0,ASK
850,1712365781.7803545,11121894.74615563,1044.0,-6.3564124767107265e-09,1132.0,ASK
851,1712365782.449363,11124735.02315998,1044.0,-1.3571486496877009e-08,1132.0,ASK
852,1712365782.4563944,11127117.41154105,1044.0,-1.1383590999921272e-08,1132.0,ASK
853,1712365782.4606166,11127360.31934756,1044.0,-1.1606684879640372e-09,1132.0,ASK
854,1712365782.4638412,11127476.01428053,1043.0,-5.52816580264893e-10,1132.0,ASK
855,1712365782.4671552,11129780.18020523,1044.0,-1.1009826395713297e-08,1132.0,ASK
856,1712365782.4704225,11130917.03614268,1043.0,-5.432155025859321e-09,1132.0,ASK
857,1712365783.7290094,11131012.8215833,1044.0,-4.5768451879211126e-10,1132.0,ASK
858,1712365783.7391462,11131116.13965606,1044.0,-4.936771403561751e-10,1132.0,ASK
859,1712365783.7442038,11131374.51054449,1043.0,-1.2345545938484386e-09,1132.0,ASK
860,1712365783.8391645,11138169.42972006,1043.0,-3.246766202641383e-08,1132.0,ASK
861,1712365784.65933,11139610.25783173,1043.0,-6.884602886228853e-09,1132.0,ASK
862,1712365784.666686,11153581.9447924,1043.0,-6.675988315045016e-08,1132.0,ASK
863,1712365784.6719892,11157411.85128494,1043.0,-1.8300160219658592e-08,1132.0,ASK
864,1712365785.3991704,11161920.40859114,1043.0,-2.1542907437472453e-08,1132.0,ASK
865,1712365785.4054165,11162159.86221044,1043.0,-1.1441635995270235e-09,1132.0,ASK
866,1712365785.479077,11167159.86221044,1043.0,2.3891131879200225e-08,1132.0,BID
867,1712365785.5392191,11167173.97198744,1043.0,6.741970861767224e-11,1132.0,BID
868,1712365785.546319,11167485.31187318,1043.0,1.487652453900928e-09,1132.0,BID
869,1712365785.7217762,11169213.31187318,1043.0,8.256775177451596e-09,1132.0,BID
870,1712365786.1224904,11170423.31187318,1043.0,5.781653914766453e-09,1132.0,BID
871,1712365786.7126815,11172575.24236215,1043.0,1.0282411021371441e-08,1132.0,BID
1071,1712365786.7126815,11172575.24236215,1043.0,1.028241102137144e-08,1132.0,BID
872,1712365787.1496096,11173534.93526042,1042.0,-4.5856299192188616e-09,1132.0,ASK
873,1712365787.1568227,11173607.87192067,1042.0,-3.4850787376643436e-10,1132.0,ASK
1073,1712365787.1568227,11173607.87192067,1042.0,-3.485078737664344e-10,1132.0,ASK
874,1712365787.1629653,11181597.5323492,1042.0,-3.8176406193614534e-08,1132.0,ASK
1074,1712365787.1629653,11181597.5323492,1042.0,-3.817640619361453e-08,1132.0,ASK
875,1712365787.529255,11182144.24430292,1043.0,2.612313477243417e-09,1132.0,BID
876,1712365787.5365252,11186194.00871667,1043.0,1.9350691137726584e-08,1132.0,BID
877,1712365788.3723752,11188306.75942089,1043.0,-1.0095201140476553e-08,1132.0,ASK
878,1712365789.1990917,11188407.75445699,1043.0,-4.825771453176661e-10,1132.0,ASK
879,1712365790.7828703,11188707.75445699,1043.0,-1.4334679127520134e-09,1132.0,ASK
880,1712365791.9091182,11190963.33212921,1043.0,-1.0777660726161157e-08,1132.0,ASK
881,1712365791.929066,11190999.98377952,1043.0,-1.7512988222721834e-10,1132.0,ASK
882,1712365793.589901,11191114.8639597,1043.0,-5.489235069976805e-10,1132.0,ASK
883,1712365793.6927643,11193264.64333655,1043.0,-1.0272132520699408e-08,1132.0,ASK
884,1712365793.6993546,11194960.22046206,1043.0,-8.101851343383887e-09,1132.0,ASK
885,1712365793.7025976,11195549.64938388,1043.0,-2.81642482092613e-09,1132.0,ASK
886,1712365794.1990368,11196759.87700182,1043.0,-5.782741524810661e-09,1132.0,ASK
887,1712365794.4390197,11196983.23100856,1043.0,-1.067236006151437e-09,1132.0,ASK
888,1712365794.721235,11197675.07511052,1043.0,3.305787735953874e-09,1132.0,BID
889,1712365794.7273962,11199628.52078107,1045.0,9.334005626795844e-09,1132.0,BID
890,1712365794.730804,11199923.23100856,1044.0,1.408192182220012e-09,1132.0,BID
891,1712365794.7790098,11200096.46187563,1044.0,-8.277362981486617e-10,1132.0,ASK
892,1712365795.2190108,11200374.5519076,1043.0,-1.328777125618652e-09,1132.0,ASK
893,1712365796.529359,11205374.5519076,1043.0,-2.3891131879200225e-08,1132.0,ASK
894,1712365796.5368235,11206137.01066475,1043.0,-3.6432005438998364e-09,1132.0,ASK
895,1712365796.542924,11210505.02492781,1042.0,-2.0871360961798537e-08,1132.0,ASK
896,1712365796.5496066,11215794.92867058,1042.0,-2.5276357589357308e-08,1132.0,ASK
897,1712365796.5528276,11215836.59389632,1041.0,-1.9908588058869243e-10,1132.0,ASK
898,1712365796.5561268,11220773.63251046,1042.0,-2.359028812462846e-08,1132.0,ASK
899,1712365796.5594409,11247005.63942597,1041.0,-1.2534246733490689e-07,1132.0,ASK
900,1712365796.5627196,11266086.08449123,1041.0,-9.117068587359205e-08,1132.0,ASK
901,1712365796.5660262,11266104.08079078,1041.0,-8.599039317702847e-11,1132.0,ASK
902,1712365796.569358,11270218.98676399,1040.0,-1.966195225528932e-08,1132.0,ASK
903,1712365796.57267,11287872.62684212,1040.0,-8.435308865091299e-08,1132.0,ASK
904,1712365796.575989,11301558.63159993,1040.0,-6.539482891363301e-08,1132.0,ASK
905,1712365796.5793488,11317978.93104712,1040.0,-7.845990791775503e-08,1132.0,ASK
906,1712365796.5938015,11325835.97145719,1040.0,-3.7542717723445255e-08,1132.0,ASK
907,1712365796.597123,11325865.97145719,1039.0,-1.4334679127520133e-10,1132.0,ASK
908,1712365796.6004982,11325965.97145719,1039.0,-4.778226375840045e-10,1132.0,ASK
909,1712365796.6038282,11326033.34393072,1039.0,-3.2192093001998315e-10,1132.0,ASK
910,1712365796.607155,11326321.80546918,1040.0,1.3783345314854742e-09,1132.0,BID
911,1712365796.6104746,11333024.10142526,1040.0,3.202508731603125e-08,1132.0,BID
912,1712365796.6138308,11333341.09716792,1039.0,-1.5146774186070902e-09,1132.0,ASK
913,1712365796.6172104,11335058.51193058,1039.0,-8.206196517194296e-09,1132.0,ASK
914,1712365796.6205585,11335458.51193058,1039.0,-1.9112905503360182e-09,1132.0,ASK
915,1712365796.6490417,11336528.00964198,1040.0,5.110302173518891e-09,1132.0,BID
916,1712365796.659052,11339583.0720315,1040.0,1.459777968943691e-08,1132.0,BID
917,1712365796.6648269,11342180.70636196,1040.0,1.2412084872595397e-08,1132.0,BID
918,1712365796.6732297,11342334.22130596,1040.0,7.335291545072171e-10,1132.0,BID
919,1712365796.6789212,11342544.69345317,1040.0,1.005683565176455e-09,1132.0,BID
920,1712365796.749936,11342716.83999374,1040.0,8.2255514065709e-10,1132.0,BID
1120,1712365796.749936,11342716.83999374,1040.0,8.225551406570901e-10,1132.0,BID
921,1712365796.8953424,11344132.7319566,1040.0,6.765452322276531e-09,1132.0,BID
922,1712365796.8994007,11345217.04151502,1040.0,5.181076531624478e-09,1132.0,BID
923,1712365796.939098,11348460.04151502,1044.0,-1.5495788136849264e-08,1132.0,ASK
924,1712365797.0990272,11356521.49167159,1043.0,-3.851943376564015e-08,1132.0,ASK
925,1712365797.259073,11356664.66810919,1043.0,-6.841294305371508e-10,1132.0,ASK
926,1712365797.299266,11356808.09240397,1043.0,-6.85313748258544e-10,1132.0,ASK
927,1712365797.3068397,11356915.85402283,1043.0,-5.149094095403891e-10,1132.0,ASK
928,1712365797.4191253,11357012.04443383,1044.0,4.596195589410932e-10,1132.0,BID
929,1712365797.5790849,11357114.39903443,1044.0,-4.890734522708851e-10,1132.0,ASK
930,1712365797.6391878,11363030.55284894,1043.0,-2.826872220002493e-08,1132.0,ASK
1130,1712365797.6391878,11363030.55284894,1043.0,-2.8268722200024932e-08,1132.0,ASK
931,1712365797.647964,11364480.00783734,1044.0,-6.925824056163514e-09,1132.0,ASK
932,1712365797.699098,11364599.06281566,1043.0,-5.688716375854809e-10,1132.0,ASK
933,1712365797.719292,11364718.18985697,1043.0,-5.692159708635723e-10,1132.0,ASK
934,1712365797.7236853,11364958.30995178,1043.0,-1.1473481703888302e-09,1132.0,ASK
935,1712365797.799421,11365078.97764911,1043.0,-5.76577574089665e-10,1132.0,ASK
936,1712365797.9791017,11370961.33059028,1043.0,-2.8107213975500363e-08,1132.0,ASK
937,1712365798.0590484,11372888.98183287,1043.0,-9.210754010762358e-09,1132.0,ASK
938,1712365798.6020386,11374869.55804197,1045.0,9.463641481682732e-09,1132.0,BID
939,1712365798.6082537,11377748.78231053,1045.0,1.3757585341998024e-08,1132.0,BID
940,1712365798.6123595,11379464.82125713,1045.0,8.199622556607e-09,1132.0,BID
941,1712365798.6592453,11379988.99243678,1045.0,-2.5046085560604993e-09,1132.0,ASK
1142,1712365799.3892255,11381151.51278086,1044.0,-5.554785370535627e-09,1132.0,ASK
942,1712365799.3892255,11381151.51278086,1044.0,-5.5547853705356274e-09,1132.0,ASK
943,1712365799.3984842,11395917.35404649,1045.0,-7.055453219690049e-08,1132.0,ASK
944,1712365799.4046028,11396130.97828804,1043.0,-1.0207449854907492e-09,1132.0,ASK
945,1712365800.1492147,11396894.676754,1043.0,-3.649124153239131e-09,1132.0,ASK
946,1712365800.243122,11432193.14933811,1043.0,-1.6866409272825997e-07,1132.0,ASK
947,1712365800.2526622,11441780.87704664,1040.0,-4.581233342126896e-08,1132.0,ASK
948,1712365800.257196,11442274.24781092,1043.0,-2.357437198958705e-09,1132.0,ASK
949,1712365800.261262,11442864.05838784,1040.0,-2.818248455386027e-09,1132.0,ASK
950,1712365800.2658465,11443382.7100078,1043.0,-2.4782348503632356e-09,1132.0,ASK
951,1712365800.2731516,11448884.80096933,1040.0,2.62902361546576e-08,1132.0,BID
952,1712365800.31076,11455996.64408786,1040.0,3.3981996369795445e-08,1132.0,BID
953,1712365800.6302872,11455996.64408786,1040.0,0.0,1132.0,BID
954,1712365801.2091262,11456045.8497333,1046.0,2.3606784600017723e-10,1132.0,BID
955,1712365801.9392357,11456236.77384727,1041.0,-9.159730338112031e-10,1132.0,ASK
1156,1712365801.944227,11457629.0357034,1040.0,-6.679482699692782e-09,1132.0,ASK
956,1712365801.944227,11457629.0357034,1040.0,-6.6794826996927824e-09,1132.0,ASK
957,1712365801.94833,11457775.46992032,1041.0,-7.02529351253885e-10,1132.0,ASK
958,1712365802.9192402,11457947.50573236,1043.0,-8.253549611969155e-10,1132.0,ASK
959,1712365803.2992356,11459585.96352299,1043.0,-7.86062651828653e-09,1132.0,ASK
960,1712365803.306389,11461192.50277043,1041.0,-7.707494867012151e-09,1132.0,ASK
961,1712365803.4790957,11464067.38364255,1043.0,-1.3792460782051196e-08,1132.0,ASK
962,1712365803.492178,11469374.25271537,1041.0,-2.5460110111740136e-08,1132.0,ASK
963,1712365803.649216,11470093.24319156,1041.0,-3.4494117797016075e-09,1132.0,ASK
964,1712365804.2892118,11470106.02143433,1045.0,6.130459663918702e-11,1132.0,BID
965,1712365807.2192278,11470153.52765442,1045.0,2.2791472295929846e-10,1132.0,BID
966,1712365807.4995718,11474048.25868227,1041.0,-1.8685269876456683e-08,1132.0,ASK
967,1712365807.5057654,11474361.42406689,1040.0,-1.5024348756706735e-09,1132.0,ASK
968,1712365807.5110188,11509800.01615371,1041.0,-1.7001935498215934e-07,1132.0,ASK
969,1712365807.5147858,11511593.08586524,1040.0,-8.602389029609783e-09,1132.0,ASK
970,1712365807.518416,11511786.59366753,1041.0,-9.283684760553291e-10,1132.0,ASK
971,1712365807.5220785,11514351.67674445,1040.0,-1.2306182174089488e-08,1132.0,ASK
972,1712365808.849213,11519295.85901696,1042.0,-2.3720092458162632e-08,1132.0,ASK
973,1712365810.2994506,11519754.22617406,1045.0,2.1990514804929957e-09,1132.0,BID
1174,1712365810.3077066,11520061.40925619,1045.0,1.47373432209699e-09,1132.0,BID
974,1712365810.3077066,11520061.40925619,1045.0,1.4737343220969902e-09,1132.0,BID
975,1712365810.6793883,11524725.13895859,1042.0,-2.2374599811150284e-08,1132.0,ASK
976,1712365810.687954,11528211.46790949,1040.0,-1.6725929688053113e-08,1132.0,ASK
977,1712365810.6948354,11530045.66213675,1042.0,-8.799687037980802e-09,1132.0,ASK
978,1712365810.698587,11533655.1304795,1040.0,-1.7316700335028612e-08,1132.0,ASK
979,1712365810.7023046,11535518.64114259,1042.0,-8.940334880256673e-09,1132.0,ASK
980,1712365810.7060015,11535710.76410128,1041.0,-9.217245830111292e-10,1132.0,ASK
981,1712365810.713029,11535810.76410128,1040.0,4.79757645466371e-10,1132.0,BID
982,1712365810.739335,11536884.68291011,1040.0,5.152207591467643e-09,1132.0,BID
983,1712365810.7456703,11536984.68291011,1040.0,4.79757645466371e-10,1132.0,BID
984,1712365810.759223,11537645.01224009,1040.0,3.1679804458295595e-09,1132.0,BID
985,1712365810.7639518,11538163.66386005,1040.0,2.488270800091481e-09,1132.0,BID
986,1712365810.8592403,11539523.50835719,1040.0,6.523957941485274e-09,1132.0,BID
1187,1712365810.867512,11540255.66386005,1044.0,3.512572001671227e-09,1132.0,BID
987,1712365810.867512,11540255.66386005,1044.0,3.5125720016712272e-09,1132.0,BID
988,1712365811.2391467,11540351.72533939,1042.0,-4.6086229148769215e-10,1132.0,ASK
989,1712365811.2791514,11540600.87505999,1042.0,1.1953148332360039e-09,1132.0,BID
990,1712365811.2864244,11541815.72533939,1042.0,5.828337096391681e-09,1132.0,BID
991,1712365811.419098,11543390.42438722,1042.0,7.554739075050375e-09,1132.0,BID
992,1712365813.769319,11543457.66742276,1041.0,-3.226036040467463e-10,1132.0,ASK
993,1712365813.7777278,11543640.40925753,1041.0,-8.76717923769924e-10,1132.0,ASK
994,1712365813.781809,11544580.90829783,1042.0,4.5121160513772325e-09,1132.0,BID
995,1712365813.7854154,11545758.01086306,1042.0,5.647239551675559e-09,1132.0,BID
996,1712365814.769281,11545949.85352138,1042.0,9.203798205582487e-10,1132.0,BID
997,1712365815.359759,11546429.69997051,1042.0,2.3021000261966422e-09,1132.0,BID
998,1712365817.0392673,11547530.97134418,1041.0,-5.283433612516993e-09,1132.0,ASK
999,1712365817.0456567,11548271.09551286,1040.0,-3.5508022851824962e-09,1132.0,ASK
1199,1712365817.0456567,11548271.09551286,1040.0,-3.550802285182496e-09,1132.0,ASK
1000,1712365817.0509706,11559736.5524487,1040.0,-5.5006406237345534e-08,1132.0,ASK
1201,1712365817.0586789,11564736.5524487,1041.0,-2.39878822733186e-08,1132.0,ASK
1202,1712365817.059817,11564919.29428347,1040.0,-8.767179237788605e-10,1132.0,ASK
1203,1712365817.539139,11565019.29428347,1042.0,4.79757645466371e-10,1132.0,BID
1204,1712365818.6094182,11569755.69026732,1040.0,-2.2723221852085362e-08,1132.0,ASK
1205,1712365818.6121302,11570717.22872885,1040.0,-4.6130542832837564e-09,1132.0,ASK
1206,1712365818.6147292,11579751.84804768,1040.0,-4.3344276920868064e-08,1132.0,ASK
1207,1712365819.149152,11580198.26015142,1041.0,-2.141696197982313e-09,1132.0,ASK
1208,1712365819.3306868,11582362.83796121,1041.0,-1.0384727534536785e-08,1132.0,ASK
1209,1712365819.8689098,11584890.49608842,1040.0,-1.2126633116538117e-08,1132.0,ASK
1210,1712365819.8791437,11589668.4420749,1040.0,-2.2922561166398106e-08,1132.0,ASK
1211,1712365820.4214587,11591991.7039749,1040.0,1.1146026589458612e-08,1132.0,BID
1212,1712365820.6992245,11591991.70404826,1040.0,3.5194261202677327e-16,1132.0,BID
1213,1712365820.7592158,11592010.94876994,1042.0,9.232802361274434e-11,1132.0,BID
1214,1712365820.7791743,11592529.6003899,1041.0,-2.488270800091481e-09,1132.0,ASK
1215,1712365821.3429203,11593102.14219658,1041.0,-2.7468130910437843e-09,1132.0,ASK
1216,1712365821.7594638,11594027.1253258,1039.0,-4.43767728170744e-09,1132.0,ASK
1217,1712365821.761657,11594104.1224384,1039.0,-3.6939953447855215e-10,1132.0,ASK
1218,1712365821.7690148,11603709.7018717,1039.0,-4.6083501722609175e-08,1132.0,ASK
1219,1712365823.009171,11603714.50494566,1041.0,2.3043114537746264e-11,1132.0,BID
1220,1712365823.3693209,11606665.2754473,1039.0,-1.4156547081782848e-08,1132.0,ASK
1221,1712365823.378414,11608757.39478705,1039.0,-1.0037102484736389e-08,1132.0,ASK
1222,1712365823.5895305,11609612.732049,1041.0,4.103545908721783e-09,1132.0,BID
1223,1712365823.5927806,11610046.55106155,1042.0,2.081279880198401e-09,1132.0,BID
1224,1712365823.596056,11610443.39478705,1039.0,1.903888113642847e-09,1132.0,BID
1225,1712365826.4590454,11610479.18997935,1040.0,1.7173017176581287e-10,1132.0,BID
1226,1712365826.5200214,11610825.80816991,1039.0,-1.6629272697911487e-09,1132.0,ASK
1227,1712365826.5215335,11612639.36527404,1039.0,-8.700678861959062e-09,1132.0,ASK
1228,1712365826.742195,11615434.35182878,1039.0,-1.3409161686122278e-08,1132.0,ASK
1229,1712365826.9591851,11615979.56565004,1039.0,2.6157049916354503e-09,1132.0,BID
1230,1712365828.5591674,11616079.56565004,1040.0,4.79757645466371e-10,1132.0,BID
1231,1712365829.1130376,11616889.26421719,1039.0,-3.884590781134561e-09,1132.0,ASK
1232,1712365830.0929632,11618365.2688556,1039.0,-7.0812451002066175e-09,1132.0,ASK
1233,1712365830.2697608,11620551.27916275,1039.0,-1.0487551579234862e-08,1132.0,ASK
1234,1712365830.271304,11622302.2269733,1039.0,-8.400305989245195e-09,1132.0,ASK
1235,1712365830.5125527,11622302.2269733,1039.0,-0.0,1132.0,ASK
1236,1712365830.619209,11622794.20088376,1039.0,-2.358324550504922e-09,1132.0,ASK
1237,1712365830.8049138,11622895.99968183,1040.0,4.879823901222084e-10,1132.0,BID
1238,1712365830.8391347,11622911.08338515,1039.0,-7.230519159046753e-11,1132.0,ASK
1239,1712365830.966507,11623402.94540438,1039.0,-2.3577881890718603e-09,1132.0,ASK
1240,1712365831.2191167,11623436.26879225,1039.0,-1.597388846159276e-10,1132.0,ASK
1241,1712365831.220626,11625398.70879406,1039.0,-9.407146063597708e-09,1132.0,ASK
1242,1712365831.5318315,11625687.7261351,1038.0,-1.3854325938979151e-09,1132.0,ASK
1243,1712365831.534844,11626419.08128923,1038.0,-3.505821708142012e-09,1132.0,ASK
1244,1712365831.540048,11639523.06774909,1038.0,-6.281522723223203e-08,1132.0,ASK
1245,1712365831.5414786,11640867.75081064,1037.0,-6.445868387096931e-09,1132.0,ASK
1246,1712365831.542822,11643164.36738661,1037.0,-1.1009053811733134e-08,1132.0,ASK
1247,1712365831.5442429,11643683.01900657,1038.0,-2.4862067327405176e-09,1132.0,ASK
1248,1712365831.545604,11647772.10952039,1037.0,-1.960145109929317e-08,1132.0,ASK
1249,1712365831.547224,11648870.264064,1037.0,-5.264110078584615e-09,1132.0,ASK
1250,1712365831.5485303,11649986.44916052,1036.0,-5.350541278857676e-09,1132.0,ASK
1251,1712365831.5498652,11652412.72975214,1037.0,-1.1630610818976273e-08,1132.0,ASK
1252,1712365831.5512102,11652417.74654714,1036.0,-2.4048492332594702e-11,1132.0,ASK
1253,1712365831.552542,11653549.03202447,1037.0,-5.422926415608044e-09,1132.0,ASK
1254,1712365831.553909,11654313.70046075,1036.0,-3.665512150021076e-09,1132.0,ASK
1255,1712365831.555262,11654997.16023092,1037.0,-3.276230550051899e-09,1132.0,ASK
1256,1712365831.556602,11658597.17419808,1036.0,-1.7257015342549357e-08,1132.0,ASK
1257,1712365831.5579455,11658626.88086474,1035.0,-1.4240178149211268e-10,1132.0,ASK
1258,1712365831.5593112,11658723.40596126,1036.0,-4.6270239137827456e-10,1132.0,ASK
1259,1712365831.5606616,11658833.067797,1035.0,-5.25674622129205e-10,1132.0,ASK
1260,1712365831.5624406,11658929.40691068,1036.0,-4.6181086463561454e-10,1132.0,ASK
1261,1712365831.5638204,11659513.06314777,1035.0,-2.797812655760965e-09,1132.0,ASK
1262,1712365831.5651925,11659542.02067672,1036.0,-1.3881071738669608e-10,1132.0,ASK
1263,1712365831.5665743,11659638.6390342,1035.0,-4.631494468095575e-10,1132.0,ASK
1264,1712365831.5679815,11670703.92109166,1036.0,-5.304250038392592e-08,1132.0,ASK
1265,1712365831.5693583,11670802.2302704,1035.0,-4.712545621494391e-10,1132.0,ASK
1266,1712365831.5707402,11692725.57088891,1035.0,-1.0509165488377401e-07,1132.0,ASK
1267,1712365831.5721593,11695472.75832851,1035.0,-1.3168908850493738e-08,1132.0,ASK
1268,1712365831.5735729,11726393.49934472,1034.0,-1.4822156441260848e-07,1132.0,ASK
1269,1712365831.5749989,11726497.17190037,1033.0,-4.96964428407114e-10,1132.0,ASK
1270,1712365831.5763907,11726516.51426013,1034.0,-9.271947336808091e-11,1132.0,ASK
1271,1712365831.577804,11729670.21518645,1035.0,-1.5117570589388304e-08,1132.0,ASK
1272,1712365831.5792072,11730154.24229196,1033.0,-2.3202307719347596e-09,1132.0,ASK
1273,1712365831.5806117,11733960.17396766,1035.0,-1.8244101806092778e-08,1132.0,ASK
1274,1712365831.582034,11750047.46535197,1033.0,-7.71159880966025e-08,1132.0,ASK
1275,1712365831.583469,11751070.61525524,1034.0,-4.904568076544907e-09,1132.0,ASK
1276,1712365831.5848725,11751119.06486764,1032.0,-2.3224790574337243e-10,1132.0,ASK
1277,1712365831.586295,11751167.51448004,1032.0,-2.3224790574337243e-10,1132.0,ASK
1278,1712365831.5878644,11751250.31796503,1033.0,-3.969265186037007e-10,1132.0,ASK
1279,1712365831.6059096,11772670.8052691,1032.0,-1.0268117885742673e-07,1132.0,ASK
1280,1712365831.6073666,11772864.79169005,1031.0,-9.29892681838619e-10,1132.0,ASK
1281,1712365831.6088028,11772961.59711115,1033.0,-4.6404615438159455e-10,1132.0,ASK
1282,1712365831.6102452,11777417.24838638,1031.0,-2.1358595582985186e-08,1132.0,ASK
1283,1712365831.6116922,11778008.22125459,1032.0,-2.832885635108362e-09,1132.0,ASK
1284,1712365831.6131442,11778017.35093451,1031.0,-4.376400421211839e-11,1132.0,ASK
1285,1712365831.6146,11778044.05560543,1032.0,-1.280114244013371e-10,1132.0,ASK
1286,1712365831.6160576,11785540.11719611,1031.0,-3.593309666547971e-08,1132.0,ASK
1287,1712365831.6175036,11785631.49688707,1032.0,-4.3803739187683256e-10,1132.0,ASK
1288,1712365831.6189568,11786954.56059675,1031.0,-6.342233931700257e-09,1132.0,ASK
1289,1712365831.6204069,11794782.38230217,1032.0,-3.7523420881547296e-08,1132.0,ASK
1290,1712365831.6218786,11794822.18812739,1030.0,-1.9081307538964408e-10,1132.0,ASK
1291,1712365831.6233535,11794849.82343291,1031.0,-1.3247251141456575e-10,1132.0,ASK
1292,1712365831.6248138,11794855.16323873,1030.0,-2.5596875961894662e-11,1132.0,ASK
1293,1712365831.6262891,11795142.71053602,1031.0,-1.3783857969166631e-09,1132.0,ASK
1294,1712365831.627773,11795303.05034184,1030.0,-7.68604376070343e-10,1132.0,ASK
1295,1712365831.631143,11797416.22290064,1030.0,-1.0129697162653581e-08,1132.0,ASK
1296,1712365831.63263,11805440.10410774,1030.0,-3.846325107647693e-08,1132.0,ASK
1297,1712365831.6341095,11877578.98077314,1030.0,-3.458046865276825e-07,1132.0,ASK
1298,1712365831.6356056,11879052.64555894,1030.0,-7.064154764486986e-09,1132.0,ASK
1299,1712365831.6370864,11880994.39313175,1030.0,9.307954902676146e-09,1132.0,BID
1300,1712365831.6385806,11898541.88769731,1029.0,-8.41156133569225e-08,1132.0,ASK
1301,1712365831.6400857,11899018.22430113,1029.0,-2.283365607836692e-09,1132.0,ASK
1302,1712365831.6415992,11899885.17070194,1029.0,-4.155791470928256e-09,1132.0,ASK
1303,1712365831.6431336,11899952.10930194,1029.0,-3.2087665707583836e-10,1132.0,ASK
1304,1712365831.6449134,11900030.79170194,1028.0,-3.7717169888667236e-10,1132.0,ASK
1305,1712365831.6464171,11900329.08047148,1028.0,-1.429876083651152e-09,1132.0,ASK
1306,1712365831.6479528,11900588.00654133,1028.0,-1.2411871733692247e-09,1132.0,ASK
1307,1712365831.649468,11901360.20619649,1030.0,3.701613776550105e-09,1132.0,BID
1308,1712365831.6509876,11905715.35251267,1030.0,2.0876815335428544e-08,1132.0,BID
1309,1712365831.6524944,11910845.50888426,1030.0,2.4591901037550507e-08,1132.0,BID
1310,1712365831.654027,11911946.86970871,1030.0,5.279479696072401e-09,1132.0,BID
1311,1712365831.655573,11914364.41167146,1030.0,1.158872135580864e-08,1132.0,BID
1312,1712365831.6598847,11915071.51405551,1028.0,-3.389563707698725e-09,1132.0,ASK
1313,1712365831.669245,11915311.45886451,1030.0,1.1501986625792704e-09,1132.0,BID
1314,1712365831.6708002,11917324.69238053,1030.0,9.650629689503756e-09,1132.0,BID
1315,1712365831.6723557,11920046.82347817,1030.0,1.3048798850478742e-08,1132.0,BID
1316,1712365831.6739228,11922546.82347817,1033.0,1.1983991937233038e-08,1132.0,BID
1317,1712365831.6959608,11922786.79287817,1033.0,1.1503165419122314e-09,1132.0,BID
1318,1712365831.698637,11923305.44449813,1033.0,2.4862067327315886e-09,1132.0,BID
1319,1712365831.7891407,11923310.26802754,1033.0,2.312205502868653e-11,1132.0,BID
1320,1712365831.84893,11923631.71487988,1033.0,1.540886594673875e-09,1132.0,BID
1321,1712365831.8593242,11925249.35317904,1033.0,7.75430573379571e-09,1132.0,BID
1322,1712365831.9092145,11925345.5995698,1033.0,4.6136638834198406e-10,1132.0,BID
1323,1712365832.0591638,11925540.5995698,1033.0,9.34751371104177e-10,1132.0,BID
1324,1712365832.219244,11926480.5995698,1033.0,4.505980968399622e-09,1132.0,BID
1325,1712365832.2226925,11927210.5995698,1033.0,3.499325645672047e-09,1132.0,BID
1326,1712365832.2593338,11927510.5995698,1033.0,1.4380790324679642e-09,1132.0,BID
1327,1712365832.3473604,11929451.56367978,1032.0,-9.304199297790476e-09,1132.0,ASK
1328,1712365832.3489318,11929970.21529974,1032.0,-2.4862067327315886e-09,1132.0,ASK
1329,1712365832.350556,11932230.50863744,1031.0,-1.0834934853906672e-08,1132.0,ASK
1330,1712365832.3521838,11935233.37917469,1031.0,-1.4394550522789372e-08,1132.0,ASK
1331,1712365832.3537917,11935449.6936698,1030.0,-1.0369244661172606e-09,1132.0,ASK
1332,1712365832.459326,11937751.94516745,1030.0,-1.1036065354130605e-08,1132.0,ASK
1333,1712365832.461094,11938276.95078359,1028.0,-2.5166652283277107e-09,1132.0,ASK
1334,1712365832.4637084,11940245.3140698,1030.0,-9.435539900595542e-09,1132.0,ASK
1335,1712365832.4673016,11942745.3140698,1030.0,-1.1983991937233038e-08,1132.0,ASK
1336,1712365832.5685194,11942954.3006698,1028.0,-1.0017974917578692e-09,1132.0,ASK
1337,1712365832.666795,11944102.1108698,1028.0,-5.502139272910408e-09,1132.0,ASK
1338,1712365832.6696322,11946602.1108698,1029.0,-1.1983991937233038e-08,1132.0,ASK
1339,1712365832.7591677,11946703.25967077,1033.0,4.84866566109907e-10,1132.0,BID
1340,1712365832.8192656,11947860.18937077,1028.0,-5.5458544786991914e-09,1132.0,ASK
1341,1712365832.8229263,11950360.18937077,1029.0,-1.1983991937233038e-08,1132.0,ASK
1342,1712365832.9191225,11950413.96629183,1028.0,-2.5778487535659763e-10,1132.0,ASK
1343,1712365832.9391067,11952913.96629183,1029.0,-1.1983991937233038e-08,1132.0,ASK
1344,1712365832.9419832,11956250.46259183,1028.0,-1.5993817903126492e-08,1132.0,ASK
1345,1712365833.179067,11957344.80559183,1029.0,-5.245839075419681e-09,1132.0,ASK
1346,1712365833.2952523,11957381.08499183,1029.0,-1.7390881483673235e-10,1132.0,ASK
1347,1712365833.2971988,11957950.63851198,1033.0,2.7302099173224315e-09,1132.0,BID
1348,1712365833.4420135,11959409.76251198,1033.0,-6.994452100568502e-09,1132.0,ASK
1349,1712365833.4689078,11959417.90661256,1034.0,3.903953427644107e-11,1132.0,BID
1350,1712365833.5891707,11959789.89883861,1035.0,1.7831807350752915e-09,1132.0,BID
1351,1712365833.5920465,11961719.93365486,1034.0,9.251808670608605e-09,1132.0,BID
1352,1712365833.7090116,11962814.27665486,1033.0,-5.245839075428609e-09,1132.0,ASK
1353,1712365833.7364738,11963432.26765935,1033.0,-2.962399686033225e-09,1132.0,ASK
1354,1712365833.9705195,11964453.65445935,1033.0,-4.89611647040063e-09,1132.0,ASK
1355,1712365834.098013,11964489.93385935,1033.0,-1.7390881483673235e-10,1132.0,ASK
1356,1712365834.2090237,11965584.27685935,1033.0,-5.245839075428609e-09,1132.0,ASK
1357,1712365834.5492058,11967021.07970295,1033.0,-6.887453477231885e-09,1132.0,ASK
1358,1712365834.7491505,11967028.62155461,1033.0,-3.615259579523376e-11,1132.0,ASK
1359,1712365834.7810647,11970852.97968418,1033.0,-1.833243079594465e-08,1132.0,ASK
1360,1712365834.9530206,11971034.37708418,1033.0,-8.69545991619114e-10,1132.0,ASK
1361,1712365835.0730858,11971326.20188418,1033.0,-1.3988904201119148e-09,1132.0,ASK
1362,1712365835.189097,11971399.15808418,1033.0,-3.497226050279787e-10,1132.0,ASK
1363,1712365835.2779713,11971437.84280371,1034.0,1.8543894677187687e-10,1132.0,BID
1364,1712365835.30909,11971917.80970414,1034.0,2.300767785959712e-09,1132.0,BID
1365,1712365835.318992,11972437.84280371,1034.0,2.492828988933504e-09,1132.0,BID
1366,1712365835.5351863,11981133.33490513,1033.0,-4.168268289348391e-08,1132.0,ASK
1367,1712365835.539094,11981155.41836713,1034.0,1.0585921222116484e-10,1132.0,BID
1368,1712365835.7014468,11981410.56636713,1033.0,-1.2230766299206684e-09,1132.0,ASK
1369,1712365835.8990932,11982871.88414555,1033.0,-7.0049681897268075e-09,1132.0,ASK
1370,1712365835.902039,11983988.50711484,1033.0,-5.352640264361388e-09,1132.0,ASK
1371,1712365836.0216787,11986744.10098969,1033.0,-1.3209205911393482e-08,1132.0,ASK
1372,1712365836.0279636,11986760.90670943,1033.0,-8.055984394872508e-11,1132.0,ASK
1373,1712365836.045604,11986906.81910943,1029.0,-6.994452100559574e-10,1132.0,ASK
1374,1712365836.1192482,11988516.97090707,1030.0,7.718418464251811e-09,1132.0,BID
1375,1712365836.3299804,11989447.95592335,1030.0,-4.46276677151748e-09,1132.0,ASK
1376,1712365836.4868164,11989660.95332335,1031.0,-1.0210236496950255e-09,1132.0,ASK
1377,1712365836.5391283,11989769.79172335,1031.0,-5.217274032279236e-10,1132.0,ASK
1378,1712365836.6033127,11989807.11667846,1031.0,-1.7892078443596606e-10,1132.0,ASK
1379,1712365836.8391757,11989843.59477846,1030.0,-1.7486130251398935e-10,1132.0,ASK
1380,1712365836.9991364,11991455.33139168,1030.0,-7.726015431106808e-09,1132.0,ASK
1381,1712365837.0021262,11992615.99437305,1030.0,-5.5637503242354e-09,1132.0,ASK
1382,1712365837.1194627,11993955.33139168,1030.0,-6.4202416129976385e-09,1132.0,ASK
1383,1712365837.1224723,11999236.10622161,1029.0,-2.5313905193697185e-08,1132.0,ASK
1384,1712365837.125486,11999748.58014852,1029.0,-2.456593363249128e-09,1132.0,ASK
1385,1712365837.1284745,12006524.5853498,1030.0,-3.248143667951602e-08,1132.0,ASK
1386,1712365837.1317284,12011378.6729498,1029.0,-2.3268538664410122e-08,1132.0,ASK
1387,1712365837.201662,12013157.21479477,1030.0,-8.525612452058978e-09,1132.0,ASK
1388,1712365837.2191055,12013289.41986273,1030.0,6.337377874002089e-10,1132.0,BID
1389,1712365837.2391658,12015789.41986273,1030.0,1.1983991937233038e-08,1132.0,BID
1390,1712365837.3193374,12015954.24098473,1030.0,7.900859988534521e-10,1132.0,BID
1391,1712365837.3628428,12016095.66469773,1030.0,6.779282545325786e-10,1132.0,BID
1392,1712365837.3659084,12017020.26972998,1030.0,4.432183700636076e-09,1132.0,BID
1393,1712365837.369202,12017129.10812998,1030.0,5.217274032279236e-10,1132.0,BID
1394,1712365837.371448,12017289.4335292,1030.0,7.685353166344103e-10,1132.0,BID
1395,1712365837.463649,12018521.84944252,1030.0,5.907704947414065e-09,1132.0,BID
1396,1712365837.4697893,12020226.92579973,1034.0,8.173448526868792e-09,1132.0,BID
1397,1712365837.5192597,12020380.48431036,1034.0,7.36097581319714e-10,1132.0,BID
1398,1712365837.6623209,12020397.50715745,1030.0,-8.160066490972394e-11,1132.0,ASK
1399,1712365837.6690035,12020416.96241036,1030.0,-9.326063760426539e-11,1132.0,ASK
1400,1712365837.8031452,12021269.84189795,1031.0,-4.088360361079216e-09,1132.0,ASK
1401,1712365838.1491342,12021306.12129795,1031.0,-1.7390881483673235e-10,1132.0,ASK
1402,1712365838.1693046,12023132.65046913,1031.0,-8.755644344216731e-09,1132.0,ASK
