,time,acc_trade_volume,trade_price,dev,high,ask_bid
0,1712365207.2192934,91812.37827179,19210.0,0.0,19350.0,BID
1,1712365214.3489065,91812.63874054,19200.0,-5.4118480312424375e-12,19350.0,ASK
2,1712365214.3501596,91830.27255962,19200.0,-3.6638387166144975e-10,19350.0,ASK
3,1712365214.3525903,91906.33645578,19200.0,-1.580405506164999e-09,19350.0,ASK
4,1712365217.4586976,91906.85728911,19200.0,-1.0821531687145406e-11,19350.0,ASK
5,1712365217.4599338,91985.83653918,19200.0,-1.640978808406908e-09,19350.0,ASK
6,1712365218.4503932,91998.89895176,19210.0,2.7140220008979324e-10,19350.0,BID
7,1712365218.4510949,92002.13315959,19210.0,6.719823885777765e-11,19350.0,BID
8,1712365222.4186914,92033.77802417,19200.0,-6.5749614138724e-10,19350.0,ASK
9,1712365222.4199965,92136.3052734,19200.0,-2.130243616159533e-09,19350.0,ASK
10,1712365222.5185015,92269.93048927,19200.0,2.7763766725708204e-09,19350.0,BID
11,1712365222.538764,92347.69937315,19200.0,1.615830617376378e-09,19350.0,BID
12,1712365224.9287057,92368.52186144,19200.0,-4.3263593908400224e-10,19350.0,ASK
13,1712365230.908553,92368.52186144,19200.0,-0.0,19350.0,ASK
14,1712365231.1989386,92369.52186144,19190.0,-2.077262866023122e-11,19350.0,ASK
15,1712365231.200446,92371.41834398,19190.0,-3.939492756410459e-11,19350.0,ASK
16,1712365231.2019677,92374.03578525,19200.0,-5.4371135541791486e-11,19350.0,ASK
17,1712365231.2035,93064.82528936,19190.0,-1.4349513851262262e-08,19350.0,ASK
18,1712365231.3786378,93078.06528936,19190.0,2.750296034615702e-10,19350.0,BID
19,1712365231.3802347,93113.3646248,19190.0,7.332599870479568e-10,19350.0,BID
20,1712365234.2285938,93115.9366248,19190.0,5.3427200914117116e-11,19350.0,BID
21,1712365234.6085691,93253.61235548,19190.0,2.859886828941624e-09,19350.0,BID
22,1712365234.6718466,93257.91235548,19190.0,8.932230323905468e-11,19350.0,BID
23,1712365234.788504,93275.55230629,19190.0,3.6642814776088115e-10,19350.0,BID
24,1712365237.0586898,93316.91141666,19180.0,-8.59137441433567e-10,19350.0,ASK
25,1712365237.060023,93327.33894533,19180.0,-2.166071809058132e-10,19350.0,ASK
26,1712365239.1436946,93392.33894533,19190.0,1.3502208629150294e-09,19350.0,BID
27,1712365242.47856,93394.90894533,19190.0,5.3385655656637046e-11,19350.0,BID
28,1712365242.5184672,93401.61194742,19190.0,1.3923897332428918e-10,19350.0,BID
29,1712365243.7486062,93514.59599322,19190.0,2.3469756279341804e-09,19350.0,BID
30,1712365245.6186795,93585.62168705,19190.0,1.4753903632658827e-09,19350.0,BID
31,1712365245.698713,93819.18029918,19190.0,4.8516263201754705e-09,19350.0,BID
32,1712365245.738557,94094.61133432,19190.0,5.7214266144661265e-09,19350.0,BID
33,1712365245.7784872,94120.68191391,19190.0,5.415544687800605e-10,19350.0,BID
34,1712365248.8491232,94235.73573367,19180.0,-2.3899702738155752e-09,19350.0,ASK
35,1712365248.8505683,94524.49902527,19180.0,-5.99837262711287e-09,19350.0,ASK
36,1712365251.6587443,94537.91902527,19190.0,2.78768676620569e-10,19350.0,BID
37,1712365255.4386778,94537.92570283,19190.0,1.3871047421427325e-13,19350.0,BID
38,1712365255.4403598,94553.43752527,19190.0,3.2222132738939765e-10,19350.0,BID
39,1712365256.6486742,94553.43759528,19190.0,1.4542918636061089e-15,19350.0,BID
40,1712365260.6285026,94553.43759528,19190.0,0.0,19350.0,BID
41,1712365261.068537,94618.88550095,19200.0,-1.3583420993145871e-09,19350.0,ASK
42,1712365268.2585723,94624.61466762,19200.0,1.1890629963159083e-10,19350.0,BID
43,1712365272.938759,94686.98082099,19190.0,-1.2943817044647102e-09,19350.0,ASK
44,1712365272.9399064,94809.35082099,19200.0,-2.5397347858810028e-09,19350.0,ASK
45,1712365278.6606026,94816.86082099,19210.0,1.5586670133162935e-10,19350.0,BID
46,1712365284.0786517,94823.03742099,19210.0,1.281925788876926e-10,19350.0,BID
47,1712365284.6887264,94823.33742099,19200.0,-6.226366231687756e-12,19350.0,ASK
48,1712365284.8486304,94823.53742099,19200.0,4.150910821024498e-12,19350.0,BID
49,1712365288.4285934,94825.61942099,19210.0,4.321098164738752e-11,19350.0,BID
50,1712365289.3085284,94849.15942099,19210.0,4.885622036418621e-10,19350.0,BID
51,1712365290.5787165,94849.15942099,19210.0,0.0,19350.0,BID
52,1712365291.4386587,94861.90702099,19210.0,2.6453958145666365e-10,19350.0,BID
53,1712365291.7986848,94861.90704171,19210.0,4.299838267130699e-16,19350.0,BID
54,1712365302.4292018,94953.9059487,19210.0,-1.9091713224159324e-09,19350.0,ASK
55,1712365308.3857114,94958.65428678,19210.0,-9.853802820125171e-11,19350.0,ASK
56,1712365319.3287344,94963.85990885,19210.0,-1.0802763528990208e-10,19350.0,ASK
57,1712365319.330397,94999.42670167,19210.0,-7.38085952364928e-10,19350.0,ASK
58,1712365319.4686754,95006.59190167,19210.0,1.4869300959050418e-10,19350.0,BID
59,1712365319.5886445,95012.103498,19210.0,1.1437724640678554e-10,19350.0,BID
60,1712365320.8989806,95012.103498,19210.0,0.0,19350.0,BID
61,1712365322.900172,95017.35559884,19210.0,-1.0898508839886915e-10,19350.0,ASK
62,1712365326.8389466,95031.35559884,19220.0,2.9051065165422067e-10,19350.0,BID
63,1712365326.8402305,95514.37347755,19220.0,1.0022988478905845e-08,19350.0,BID
64,1712365326.8988166,95543.0591247,19230.0,5.952490033333781e-10,19350.0,BID
65,1712365326.9001048,95863.65979121,19240.0,6.652707753471245e-09,19350.0,BID
66,1712365326.9015474,95889.66083126,19230.0,5.395413634724232e-10,19350.0,BID
67,1712365326.9027896,95973.37347755,19240.0,1.737101101814903e-09,19350.0,BID
68,1712365326.9593475,95973.93206098,19250.0,1.1591031160896388e-11,19350.0,BID
69,1712365326.9609842,96020.43526915,19240.0,9.649769506768362e-10,19350.0,BID
70,1712365326.9626665,96172.16551004,19250.0,3.148517939757547e-09,19350.0,BID
71,1712365327.1187246,96212.21292124,19220.0,-8.31014251769926e-10,19350.0,ASK
72,1712365327.120452,96628.66268698,19220.0,-8.641649487598036e-09,19350.0,ASK
73,1712365329.169137,96637.07994459,19260.0,1.7466449953038918e-10,19350.0,BID
74,1712365329.171475,96709.60532183,19260.0,1.504956757389799e-09,19350.0,BID
75,1712365333.1086617,96790.55105228,19260.0,1.6796854929756675e-09,19350.0,BID
76,1712365340.598538,96821.71988344,19250.0,-6.467769608280191e-10,19350.0,ASK
77,1712365350.5399263,96826.91468863,19270.0,1.0779616006875294e-10,19350.0,BID
78,1712365350.8787374,96826.91468863,19270.0,0.0,19350.0,BID
79,1712365359.6587763,96827.77409733,19270.0,1.782047787798512e-11,19350.0,BID
80,1712365359.6601708,96841.5037615,19270.0,2.8469478679389656e-10,19350.0,BID
81,1712365367.0886683,96841.99291562,19270.0,1.0142974087030447e-11,19350.0,BID
82,1712365372.328619,96843.9963562,19270.0,4.154282884983439e-11,19350.0,BID
83,1712365380.628676,96843.9963562,19270.0,0.0,19350.0,BID
84,1712365386.788825,96867.76986858,19270.0,4.929580766772471e-10,19350.0,BID
85,1712365394.8988943,96871.76986858,19280.0,8.294240561476059e-11,19350.0,BID
86,1712365394.900105,97180.71655653,19280.0,6.406195376321361e-09,19350.0,BID
87,1712365400.868673,97181.71655653,19280.0,-2.0735601403690148e-11,19350.0,ASK
88,1712365410.5986185,97181.71655653,19280.0,-0.0,19350.0,ASK
89,1712365415.6710873,97185.46320779,19280.0,-7.767857976743297e-11,19350.0,ASK
90,1712365429.7487357,97187.20351042,19290.0,3.60813503266336e-11,19350.0,BID
91,1712365429.7501693,97211.87934135,19290.0,5.115991236449116e-10,19350.0,BID
92,1712365433.2986553,97212.83675633,19290.0,1.9849895475601525e-11,19350.0,BID
93,1712365433.3004918,97214.47270235,19290.0,3.3917745365448635e-11,19350.0,BID
94,1712365440.8885882,97214.47270235,19290.0,0.0,19350.0,BID
95,1712365441.3590505,97218.28004301,19290.0,7.893580707200433e-11,19350.0,BID
96,1712365441.366696,97228.23857073,19290.0,2.0646548155909278e-10,19350.0,BID
97,1712365445.4987433,97270.67437656,19280.0,-8.79801646627671e-10,19350.0,ASK
98,1712365445.5006971,97570.97467685,19280.0,-6.225985191287737e-09,19350.0,ASK
99,1712365445.5187638,97613.41048268,19280.0,-8.79801646627671e-10,19350.0,ASK
100,1712365445.5205762,97632.22749203,19280.0,-3.901242237994629e-10,19350.0,ASK
101,1712365453.8592331,97659.0195939,19280.0,5.554680742077241e-10,19350.0,BID
102,1712365470.858467,97659.0195939,19280.0,0.0,19350.0,BID
103,1712365478.218764,97664.2090075,19270.0,1.0757056157975924e-10,19350.0,BID
104,1712365489.8727767,97718.50879066,19260.0,1.1255719081967987e-09,19350.0,BID
105,1712365500.568837,97718.50879066,19260.0,0.0,19350.0,BID
106,1712365516.6927292,97721.10619325,19250.0,-5.387657954422672e-11,19350.0,ASK
107,1712365516.6945517,97730.48567376,19250.0,-1.9455371674956208e-10,19350.0,ASK
108,1712365530.8988664,97730.48567376,19250.0,-0.0,19350.0,ASK
109,1712365535.3689244,97830.48567376,19250.0,2.074238398763433e-09,19350.0,BID
110,1712365541.321031,97879.36779092,19250.0,1.0139316442612355e-09,19350.0,BID
111,1712365541.3226163,97907.34445298,19250.0,5.80302667140769e-10,19350.0,BID
112,1712365542.3891282,97910.34445298,19240.0,-6.2227151962903e-11,19350.0,ASK
113,1712365560.583513,97910.34445298,19240.0,-0.0,19350.0,ASK
114,1712365562.4090528,97914.63454133,19240.0,-8.898026974729171e-11,19350.0,ASK
115,1712365568.403425,97946.07104133,19240.0,6.520211291015443e-10,19350.0,BID
116,1712365581.2990663,98030.27114794,19240.0,1.746385525816582e-09,19350.0,BID
117,1712365584.1290507,98043.47921472,19240.0,2.7394711927688136e-10,19350.0,BID
118,1712365584.3398666,98552.55560175,19260.0,1.0558699622104113e-08,19350.0,BID
119,1712365584.4503968,98767.29720453,19260.0,-4.453932922230616e-09,19350.0,ASK
120,1712365584.4590778,98770.17417461,19260.0,-5.96709328314466e-11,19350.0,ASK
121,1712365590.6419098,98770.17417461,19260.0,-0.0,19350.0,ASK
122,1712365597.489178,98851.97960574,19230.0,-1.69613532652272e-09,19350.0,ASK
123,1712365597.4906418,98901.61147261,19230.0,-1.029055914218324e-09,19350.0,ASK
124,1712365597.491818,98906.8008862,19220.0,-1.0759612891639588e-10,19350.0,ASK
125,1712365597.4929566,98995.53537358,19230.0,-1.839800813309649e-09,19350.0,ASK
126,1712365597.494122,99224.79582643,19220.0,-4.753434431945706e-09,19350.0,ASK
127,1712365600.671659,99229.98793442,19260.0,1.0765199399750892e-10,19350.0,BID
128,1712365615.8693345,99333.83009433,19250.0,2.153039882228437e-09,19350.0,BID
129,1712365615.8715632,99484.03243803,19230.0,-3.1142614586463047e-09,19350.0,ASK
130,1712365615.929057,99627.15579498,19230.0,2.9674873467468182e-09,19350.0,BID
131,1712365619.8090954,99627.42665212,19250.0,5.615890745256872e-12,19350.0,BID
132,1712365620.8689723,99627.42665212,19250.0,0.0,19350.0,BID
133,1712365633.7892275,99671.28177733,19230.0,9.089715773678483e-10,19350.0,BID
134,1712365633.79181,99753.99676646,19240.0,1.714407923393832e-09,19350.0,BID
135,1712365650.9050586,99753.99676646,19240.0,0.0,19350.0,BID
136,1712365656.4489892,99754.25669369,19240.0,5.387159211153631e-12,19350.0,BID
137,1712365659.271474,99794.45403638,19230.0,-8.331158106706769e-10,19350.0,ASK
138,1712365659.2724872,99898.45819654,19230.0,-2.155553188503584e-09,19350.0,ASK
139,1712365663.6190934,99940.89400237,19220.0,-8.79509400612968e-10,19350.0,ASK
140,1712365663.6406915,99953.63647437,19220.0,-2.640959371890458e-10,19350.0,ASK
141,1712365663.641713,99960.49707669,19220.0,-1.4219040068373646e-10,19350.0,ASK
142,1712365663.6427002,99963.97528168,19220.0,-7.208803806453914e-11,19350.0,ASK
143,1712365668.959103,99977.18386989,19220.0,2.737564957774863e-10,19350.0,BID
144,1712365671.7692406,99980.31570747,19210.0,-6.490935046316714e-11,19350.0,ASK
145,1712365671.771834,99980.57614474,19210.0,-5.397730118598652e-12,19350.0,ASK
146,1712365671.7788796,100210.36704313,19200.0,-4.762564333500469e-09,19350.0,ASK
147,1712365680.5590162,100210.36704313,19200.0,-0.0,19350.0,ASK
148,1712365681.3194115,100330.48196578,19200.0,-2.489006793454835e-09,19350.0,ASK
149,1712365681.3217416,100334.04836642,19200.0,-7.39025195646777e-11,19350.0,ASK
150,1712365683.930339,100376.48417225,19200.0,-8.793495984205931e-10,19350.0,ASK
151,1712365683.932072,100476.29540855,19200.0,-2.0682762785246673e-09,19350.0,ASK
152,1712365687.378976,101026.29540855,19200.0,-1.1397032993053992e-08,19350.0,ASK
153,1712365687.4290862,101116.73066374,19200.0,1.8739883402468767e-09,19350.0,BID
154,1712365687.4382925,102100.71779438,19200.0,2.0390061441172054e-08,19350.0,BID
155,1712365688.50929,102122.56479438,19220.0,4.5271087236215556e-10,19350.0,BID
156,1712365691.0792556,102132.6404599,19240.0,2.0878671337883127e-10,19350.0,BID
157,1712365691.081051,102222.79388845,19240.0,1.868148362947984e-09,19350.0,BID
158,1712365691.0907354,102429.93009438,19220.0,4.292251223709538e-09,19350.0,BID
159,1712365699.0890117,102459.96979438,19230.0,6.22479003638862e-10,19350.0,BID
160,1712365710.6532693,102459.96979438,19230.0,0.0,19350.0,BID
161,1712365719.8490906,102470.46517496,19230.0,-2.17289475021932e-10,19350.0,ASK
162,1712365729.8528688,102506.50971119,19230.0,-7.462424344808301e-10,19350.0,ASK
163,1712365729.8549392,102721.25776712,19230.0,-4.4460028847278014e-09,19350.0,ASK
164,1712365740.8792138,102721.25776712,19230.0,-0.0,19350.0,ASK
165,1712365744.649176,102721.77778792,19230.0,1.0765049694448974e-11,19350.0,BID
166,1712365746.162787,102724.37789192,19230.0,5.3825248471943633e-11,19350.0,BID
167,1712365751.0821917,102754.27709703,19220.0,-6.18949143634772e-10,19350.0,ASK
168,1712365751.1391056,102819.20925334,19220.0,1.344172943546905e-09,19350.0,BID
169,1712365759.981856,102819.74854498,19220.0,-1.116397902620441e-11,19350.0,ASK
170,1712365770.8832903,102819.74854498,19220.0,-0.0,19350.0,ASK
171,1712365778.000467,102848.30913461,19220.0,5.91215041002937e-10,19350.0,BID
172,1712365778.9591408,102848.57878043,19210.0,-5.581770775659021e-12,19350.0,ASK
173,1712365780.2120423,102848.60913461,19210.0,-6.283430420304807e-13,19350.0,ASK
174,1712365785.3804555,102848.90913461,19210.0,6.210113817689501e-12,19350.0,BID
175,1712365791.33908,102874.55197984,19190.0,-5.308166249538883e-10,19350.0,ASK
176,1712365791.340489,103083.65168918,19190.0,-4.3284433141151694e-09,19350.0,ASK
177,1712365791.36163,103175.00538765,19210.0,1.891056217200361e-09,19350.0,BID
178,1712365794.129036,103331.33681026,19210.0,3.2361197589334283e-09,19350.0,BID
179,1712365794.2290192,103487.66823287,19210.0,3.2361197589331272e-09,19350.0,BID
180,1712365794.3690803,103643.99965548,19210.0,3.2361197589334283e-09,19350.0,BID
181,1712365796.7996666,103714.14965548,19210.0,1.4521316143555203e-09,19350.0,BID
182,1712365797.2649384,103721.92336835,19210.0,1.6091880569443942e-10,19350.0,BID
183,1712365800.7089777,103721.92336835,19210.0,0.0,19350.0,BID
184,1712365805.4486964,103734.31948414,19200.0,-2.5677462978680023e-10,19350.0,ASK
185,1712365805.4619052,103747.96503501,19200.0,-2.8265557794409976e-10,19350.0,ASK
186,1712365807.2266667,103847.96503501,19190.0,-2.071411998217559e-09,19350.0,ASK
187,1712365808.8891988,104049.26260705,19190.0,-4.169702059357175e-09,19350.0,ASK
188,1712365809.91952,104070.89716053,19190.0,-4.4814073654563266e-10,19350.0,ASK
189,1712365811.202083,104100.89716053,19190.0,-6.214235994652678e-10,19350.0,ASK
190,1712365814.9198155,104118.45192785,19190.0,-3.6363155652546417e-10,19350.0,ASK
191,1712365814.922352,104121.45192785,19180.0,-6.214235994652678e-11,19350.0,ASK
192,1712365814.9248197,104131.87402269,19190.0,-2.1588452298144367e-10,19350.0,ASK
193,1712365814.9273086,104134.16032091,19180.0,-4.735865564416024e-11,19350.0,ASK
194,1712365814.929772,104135.58393854,19170.0,-2.948898639663749e-11,19350.0,ASK
195,1712365814.9353204,104184.36525212,19170.0,-1.010461982384151e-09,19350.0,ASK
196,1712365814.9364808,104224.51623752,19180.0,-8.31692328978248e-10,19350.0,ASK
197,1712365814.937651,104370.22254946,19170.0,-3.018178027685407e-09,19350.0,ASK
198,1712365815.6792803,104526.71707215,19190.0,3.2416463195539966e-09,19350.0,BID
199,1712365815.8466854,104669.85777496,19190.0,2.965033692339132e-09,19350.0,BID
200,1712365822.51174,104671.91640302,19170.0,-4.26426686337404e-11,19350.0,ASK
201,1712365822.5141003,104761.46549108,19170.0,-1.8549305543691919e-09,19350.0,ASK
202,1712365822.516436,104792.76629389,19170.0,-6.48368584944783e-10,19350.0,ASK
203,1712365830.2967403,104793.1907386,19190.0,8.791998648569939e-12,19350.0,BID
204,1712365830.6091037,104793.1907386,19190.0,0.0,19350.0,BID
205,1712365830.7491336,104846.29717413,19190.0,-1.0995849874457191e-09,19350.0,ASK
206,1712365847.741167,104863.66592591,19190.0,-3.5962531691978807e-10,19350.0,ASK
207,1712365847.8740537,104869.22242591,19190.0,1.1504903166202622e-10,19350.0,BID
208,1712365847.9405618,104876.51066362,19190.0,1.5090519050798402e-10,19350.0,BID
209,1712365848.0991654,104944.45066362,19190.0,1.406718475858569e-09,19350.0,BID
210,1712365848.1791077,105076.68029986,19190.0,2.73785505379616e-09,19350.0,BID
211,1712365849.3463616,105092.31344212,19190.0,-3.236889910635571e-10,19350.0,ASK
212,1712365859.9992738,105094.16417687,19190.0,-3.832002894843584e-11,19350.0,ASK
213,1712365860.0021892,105096.5091482,19190.0,-4.855334847305785e-11,19350.0,ASK
214,1712365860.8990932,105096.5091482,19190.0,-0.0,19350.0,ASK
215,1712365865.543318,105100.67523266,19180.0,-8.624965800150079e-11,19350.0,ASK
216,1712365867.3092475,105101.67523266,19170.0,-2.0702810715833485e-11,19350.0,ASK
217,1712365867.313766,105121.79221325,19160.0,-4.1647804132884554e-10,19350.0,ASK
218,1712365867.4491208,105131.23391325,19160.0,1.9546972793589846e-10,19350.0,BID
219,1712365867.4601002,105155.67523266,19160.0,5.060040093902641e-10,19350.0,BID
220,1712365881.209532,105166.63307011,19170.0,-2.2685803458217788e-10,19350.0,ASK
221,1712365881.2123108,105201.56632724,19160.0,-7.232166100500085e-10,19350.0,ASK
222,1712365881.21498,105272.86273266,19170.0,-1.47603598612955e-09,19350.0,ASK
223,1712365883.0592818,105438.15380898,19170.0,-3.421989866069454e-09,19350.0,ASK
224,1712365886.5691254,105443.22851675,19170.0,-1.0506071440032475e-10,19350.0,ASK
225,1712365886.5790205,105686.03394791,19170.0,-5.026754882081797e-09,19350.0,ASK
226,1712365890.8969,105686.03394791,19170.0,-0.0,19350.0,ASK
227,1712365892.439175,105699.5753212,19190.0,2.8027891712318927e-10,19350.0,BID
228,1712365892.4404562,105842.5284706,19190.0,2.958839776077494e-09,19350.0,BID
229,1712365893.1390913,105870.78640653,19190.0,5.84881866334976e-10,19350.0,BID
230,1712365900.1791446,106022.42788587,19190.0,-3.138670555057017e-09,19350.0,ASK
231,1712365900.181916,106150.07788587,19190.0,-2.642095672614309e-09,19350.0,ASK
232,1712365900.2190676,106163.72343674,19190.0,2.824351813868353e-10,19350.0,BID
233,1712365900.2390847,106179.73449634,19190.0,3.3139640644833827e-10,19350.0,BID
234,1712365904.0890987,106209.36799634,19210.0,6.133532480567122e-10,19350.0,BID
235,1712365908.272178,106365.78092647,19200.0,-3.2374298929679916e-09,19350.0,ASK
236,1712365908.8692477,106390.35619586,19200.0,5.08658150478997e-10,19350.0,BID
237,1712365910.179467,106546.60619586,19210.0,3.2340575702777722e-09,19350.0,BID
238,1712365910.6476712,106702.85619586,19210.0,3.2340575702777722e-09,19350.0,BID
239,1712365911.0445943,106754.91241657,19210.0,1.077458013870268e-09,19350.0,BID
240,1712365911.0462072,106911.16241657,19210.0,3.2340575702777722e-09,19350.0,BID
241,1712365911.0991285,107067.41241657,19210.0,3.2340575702777722e-09,19350.0,BID
242,1712365911.2391253,107324.17588357,19210.0,5.314482139021487e-09,19350.0,BID
243,1712365911.3191316,107328.34196803,19210.0,8.622948471213479e-11,19350.0,BID
244,1712365911.729106,107366.91872012,19200.0,-7.98460397653659e-10,19350.0,ASK
245,1712365912.1530476,107523.16872012,19210.0,3.2340575702777722e-09,19350.0,BID
246,1712365912.2892413,107691.75780708,19210.0,3.4894516028748557e-09,19350.0,BID
247,1712365912.292658,107846.2449478,19210.0,3.197569964519176e-09,19350.0,BID
248,1712365914.7792947,107846.5449478,19230.0,6.209390534692367e-12,19350.0,BID
249,1712365914.7824693,107912.4155972,19230.0,1.363388623047718e-09,19350.0,BID
250,1712365920.6073544,107912.4155972,19230.0,0.0,19350.0,BID
251,1712365920.9490485,107925.40936019,19240.0,2.68706689735175e-10,19350.0,BID
252,1712365924.7192223,107951.98276195,19240.0,5.495290954154047e-10,19350.0,BID
253,1712365926.5496843,107994.18863406,19240.0,8.72803374264901e-10,19350.0,BID
254,1712365930.009111,107999.38613925,19240.0,1.0748267576990683e-10,19350.0,BID
255,1712365944.6290662,108002.46737625,19240.0,6.371895463990372e-11,19350.0,BID
256,1712365950.6091783,108002.46737625,19240.0,0.0,19350.0,BID
257,1712365950.7633464,108010.47608742,19240.0,1.6561154509657242e-10,19350.0,BID
258,1712365951.9315486,108019.82011419,19240.0,1.9322443748522663e-10,19350.0,BID
259,1712365951.9990585,108027.43941502,19240.0,1.5755895751830476e-10,19350.0,BID
260,1712365955.899232,108042.90941502,19240.0,3.199029841707858e-10,19350.0,BID
261,1712365955.9792466,108092.92063774,19240.0,1.034178370404448e-09,19350.0,BID
262,1712365955.982282,108094.82541502,19240.0,3.9388748290344925e-11,19350.0,BID
263,1712365973.7863455,108146.80046699,19240.0,1.0747882500086834e-09,19350.0,BID
264,1712365976.7695148,108171.25600752,19240.0,5.057143112513041e-10,19350.0,BID
265,1712365976.7729754,108188.75046699,19240.0,3.617666316034154e-10,19350.0,BID
266,1712365977.8653138,108188.75365776,19240.0,6.598169656132845e-14,19350.0,BID
267,1712365977.8677642,108195.29888934,19240.0,1.3534835905189648e-10,19350.0,BID
268,1712365978.2992666,108195.72791476,19250.0,8.871784883248027e-12,19350.0,BID
269,1712365978.3023503,108241.79745659,19240.0,9.52668643231591e-10,19350.0,BID
270,1712365978.3054,108247.27087351,19250.0,1.1318438308478848e-10,19350.0,BID
271,1712365980.909152,108247.27087351,19250.0,0.0,19350.0,BID
272,1712366004.429194,108267.01466395,19250.0,4.082406177540348e-10,19350.0,BID
273,1712366004.608927,108267.32635226,19250.0,6.444751761736263e-12,19350.0,BID
274,1712366006.6990278,108274.94565309,19250.0,1.5754361287145444e-10,19350.0,BID
275,1712366010.9367526,108274.94565309,19250.0,0.0,19350.0,BID
276,1712366013.9124784,108314.36827943,19250.0,8.15129197218789e-10,19350.0,BID
277,1712366017.0934305,108356.80408526,19240.0,-8.77431758128458e-10,19350.0,ASK
278,1712366017.1094103,108399.23989109,19240.0,-8.77431758128458e-10,19350.0,ASK
279,1712366017.1290252,108414.36827943,19240.0,-3.1280490894873197e-10,19350.0,ASK
280,1712366017.1308184,108474.10862755,19240.0,-1.2352323151852115e-09,19350.0,ASK
281,1712366040.549433,108474.10862755,19240.0,-0.0,19350.0,ASK
282,1712366043.3122714,108476.49667655,19230.0,-4.937302288016594e-11,19350.0,ASK
283,1712366049.6691773,108494.04571803,19230.0,-3.6282723952342303e-10,19350.0,ASK
284,1712366049.6721394,108619.05533355,19230.0,-2.5845795489569274e-09,19350.0,ASK
285,1712366049.7690437,108831.9526356,19230.0,-4.4016615091380205e-09,19350.0,ASK
286,1712366049.9092076,108889.18468554,19220.0,-1.1832752641028711e-09,19350.0,ASK
287,1712366049.913154,108890.18468554,19220.0,-2.0675045981110222e-11,19350.0,ASK
288,1712366052.0391655,108895.54082182,19230.0,-1.1073836387000072e-10,19350.0,ASK
289,1712366056.2768817,108905.94123783,19230.0,2.1502907922944995e-10,19350.0,BID
290,1712366065.5499637,108911.14144583,19230.0,1.0751453951122859e-10,19350.0,BID
291,1712366070.628977,108911.14144583,19230.0,0.0,19350.0,BID
292,1712366078.0992846,108915.05867566,19210.0,-8.097483796441276e-11,19350.0,ASK
293,1712366081.6795638,108962.34877345,19210.0,-9.77555101960908e-10,19350.0,ASK
294,1712366091.6592152,108973.60891069,19210.0,-2.3276341395257536e-10,19350.0,ASK
295,1712366091.6623802,108988.68158918,19210.0,-3.1157418670500967e-10,19350.0,ASK
296,1712366100.6493032,108988.68158918,19210.0,-0.0,19350.0,ASK
297,1712366103.6892402,109155.94048966,19210.0,-3.460059067471424e-09,19350.0,ASK
298,1712366104.2091296,109197.98001288,19210.0,8.69665130477868e-10,19350.0,BID
299,1712366115.939258,109199.45844033,19200.0,-3.0584000548156056e-11,19350.0,ASK
300,1712366115.9492345,109294.19522388,19200.0,-1.959805224143963e-09,19350.0,ASK
301,1712366116.0021987,109294.19522417,19200.0,-5.99929114263819e-18,19350.0,ASK
302,1712366130.5792632,109294.19522417,19200.0,-0.0,19350.0,ASK
303,1712366134.1192226,109331.30499389,19200.0,-7.675909029893648e-10,19350.0,ASK
304,1712366140.9090636,109336.51061596,19200.0,-1.0767482998373463e-10,19350.0,ASK
305,1712366147.1394298,109388.07601596,19220.0,1.0665960001280844e-09,19350.0,BID
306,1712366152.6390474,109393.27892959,19220.0,1.07618807703732e-10,19350.0,BID
307,1712366160.879259,109393.27892959,19220.0,0.0,19350.0,BID
308,1712366164.597594,109534.51362359,19220.0,2.9212306836251835e-09,19350.0,BID
309,1712366165.978875,109536.93629362,19220.0,5.010934514399596e-11,19350.0,BID
310,1712366172.741497,109541.59129362,19220.0,9.628178776152507e-11,19350.0,BID
311,1712366179.1891868,109634.59129362,19220.0,1.9235674031845484e-09,19350.0,BID
312,1712366181.6591363,109722.59129362,19220.0,1.8201498008627983e-09,19350.0,BID
313,1712366182.600767,109808.59129362,19220.0,1.7787827599340983e-09,19350.0,BID
314,1712366182.627591,109919.59129362,19220.0,2.295870771542848e-09,19350.0,BID
315,1712366183.099148,110015.22582062,19220.0,1.9780586963029718e-09,19350.0,BID
316,1712366183.7494948,110058.12237942,19200.0,-8.87251851789975e-10,19350.0,ASK
317,1712366183.7530596,110063.44841553,19210.0,-1.1016117687497943e-10,19350.0,ASK
318,1712366183.7564044,110540.14147953,19200.0,-9.859690744457526e-09,19350.0,ASK
319,1712366183.7599611,110576.30581432,19210.0,-7.480057587087735e-10,19350.0,ASK
320,1712366183.7630093,110578.55821015,19200.0,-4.6587475243637087e-11,19350.0,ASK
321,1712366183.8502388,110662.65821015,19200.0,1.739484071051652e-09,19350.0,BID
322,1712366183.8529117,110744.10307937,19200.0,1.684566619228372e-09,19350.0,BID
323,1712366183.869209,110952.40307937,19200.0,4.30837731272386e-09,19350.0,BID
324,1712366183.8726473,110999.54226796,19200.0,9.75004371874292e-10,19350.0,BID
325,1712366184.2096035,111000.19851796,19220.0,1.3573560304729677e-11,19350.0,BID
326,1712366184.2113776,111335.89410808,19220.0,6.943366608039023e-09,19350.0,BID
327,1712366184.2129023,111345.79445801,19230.0,2.0477409038141275e-10,19350.0,BID
328,1712366184.2144876,111420.42438925,19220.0,1.5436097100554335e-09,19350.0,BID
329,1712366190.8992312,111420.42438925,19220.0,0.0,19350.0,BID
330,1712366192.1181269,111435.07440071,19230.0,3.0276993994282473e-10,19350.0,BID
331,1712366192.122627,111435.41898925,19230.0,7.121567914503646e-12,19350.0,BID
332,1712366195.199248,111444.42572114,19230.0,1.861409925077474e-10,19350.0,BID
333,1712366196.9191182,111469.15877138,19230.0,5.111548312580446e-10,19350.0,BID
334,1712366196.9323127,111487.72572114,19230.0,3.8372080998736004e-10,19350.0,BID
335,1712366196.94031,111519.19048979,19230.0,6.502784069815542e-10,19350.0,BID
336,1712366196.95527,111643.89438329,19230.0,2.577239645764557e-09,19350.0,BID
337,1712366197.0292828,111650.85372826,19230.0,1.4382790514272615e-10,19350.0,BID
338,1712366197.039149,111807.02239041,19230.0,3.2275180527461113e-09,19350.0,BID
339,1712366197.119119,111881.89112687,19230.0,1.5473027378493143e-09,19350.0,BID
340,1712366197.1513605,111979.39961226,19230.0,2.0151955748320886e-09,19350.0,BID
341,1712366197.9493797,112026.03546536,19240.0,9.638172967179368e-10,19350.0,BID
342,1712366198.5091307,112028.96409731,19230.0,-6.052566730338477e-11,19350.0,ASK
343,1712366204.3602588,112052.00446351,19240.0,4.761723435971108e-10,19350.0,BID
344,1712366207.5712135,112056.05234873,19250.0,8.36571335317503e-11,19350.0,BID
345,1712366207.5728652,112065.18346351,19250.0,1.8871159801473247e-10,19350.0,BID
346,1712366220.5799668,112065.18346351,19250.0,0.0,19350.0,BID
347,1712366228.1992404,112065.18346845,19250.0,1.0206843696323347e-16,19350.0,BID
348,1712366228.2023537,112065.48346351,19250.0,6.19837167435074e-12,19350.0,BID
349,1712366228.4590805,112065.78346351,19240.0,-6.198473742787703e-12,19350.0,ASK
350,1712366231.572496,112068.77929572,19240.0,6.189862430432531e-11,19350.0,BID
351,1712366232.361656,112078.86891105,19250.0,2.084673856573846e-10,19350.0,BID
352,1712366238.34949,112082.51200775,19260.0,7.527213079066389e-11,19350.0,BID
353,1712366248.5296388,112109.00244319,19270.0,5.47334228360688e-10,19350.0,BID
354,1712366248.533059,112113.61323745,19290.0,9.526629051256455e-11,19350.0,BID
355,1712366248.5364318,112122.11020502,19270.0,1.7556076791812702e-10,19350.0,BID
356,1712366248.5392792,112123.24029779,19300.0,2.3349501205776824e-11,19350.0,BID
357,1712366248.5411916,112126.99839349,19280.0,7.764819173011392e-11,19350.0,BID
358,1712366248.543151,112135.99839349,19300.0,1.859542122818271e-10,19350.0,BID
359,1712366248.5451076,112136.64416415,19280.0,1.3342641599547992e-11,19350.0,BID
360,1712366248.547079,112341.64070243,19300.0,4.235552199595425e-09,19350.0,BID
361,1712366250.618887,112341.64070243,19300.0,0.0,19350.0,BID
362,1712366272.8097937,112362.93386305,19280.0,4.3990184609619557e-10,19350.0,BID
363,1712366274.9990993,112405.02789831,19280.0,8.69633407222792e-10,19350.0,BID
364,1712366280.9191337,112405.02789831,19280.0,0.0,19350.0,BID
365,1712366283.8591344,112476.54740035,19290.0,1.4775057223460267e-09,19350.0,BID
366,1712366286.2290578,112477.58366978,19300.0,2.1408063102264472e-11,19350.0,BID
367,1712366298.444086,112479.13807392,19300.0,3.211209455013208e-11,19350.0,BID
368,1712366309.6293058,112490.91040552,19300.0,2.4320201914484957e-10,19350.0,BID
369,1712366310.8990846,112490.91040552,19300.0,0.0,19350.0,BID
370,1712366313.539454,112501.27309982,19300.0,2.1407330375971043e-10,19350.0,BID
371,1712366317.5991683,112506.45444697,19300.0,1.0703665188000552e-10,19350.0,BID
372,1712366332.309404,112509.16599101,19300.0,5.601527692769549e-11,19350.0,BID
373,1712366335.139313,112510.72039515,19300.0,3.2110995460650374e-11,19350.0,BID
374,1712366340.5892203,112510.72039515,19300.0,0.0,19350.0,BID
375,1712366341.5392387,112580.56209749,19300.0,1.4427836467452782e-09,19350.0,BID
376,1712366341.5422614,112606.05097181,19300.0,5.265468883306474e-10,19350.0,BID
377,1712366358.7693076,112610.10819007,19310.0,8.381365231204107e-11,19350.0,BID
378,1712366358.773224,112619.34403972,19310.0,1.9079335686811232e-10,19350.0,BID
379,1712366365.4704888,112655.05876569,19310.0,-7.377916180601953e-10,19350.0,ASK
380,1712366370.619011,112655.05876569,19310.0,-0.0,19350.0,ASK
381,1712366373.5867252,112672.35839502,19310.0,3.573536286368714e-10,19350.0,BID
382,1712366376.089321,112680.65476136,19300.0,-1.7137573063254084e-10,19350.0,ASK
383,1712366376.0934038,112680.7058415,19310.0,-1.0551482367163857e-12,19350.0,ASK
384,1712366376.097277,112681.67371872,19300.0,-1.9993170376303145e-11,19350.0,ASK
385,1712366379.599257,112707.56703824,19310.0,-5.348710952945231e-10,19350.0,ASK
386,1712366389.0995023,112712.79228682,19310.0,-1.0793650574665587e-10,19350.0,ASK
387,1712366389.1034062,112826.72289271,19310.0,-2.3534328193377443e-09,19350.0,ASK
388,1712366393.3791096,112868.23012212,19310.0,8.57403286590223e-10,19350.0,BID
389,1712366393.4192324,112966.50023347,19310.0,2.029938341891636e-09,19350.0,BID
390,1712366395.569074,112981.57333554,19310.0,-3.1136087466282864e-10,19350.0,ASK
391,1712366399.8293118,112981.87333554,19320.0,6.1970165109967565e-12,19350.0,BID
392,1712366399.8335078,112986.98024816,19320.0,1.0549207275353987e-10,19350.0,BID
393,1712366399.8375711,113126.96960657,19320.0,2.8917212180738203e-09,19350.0,BID
394,1712366400.6791437,113126.96960657,19320.0,0.0,19350.0,BID
395,1712366405.8697178,113140.53539843,19320.0,-2.81086606363171e-10,19350.0,ASK
396,1712366408.03923,113152.74461111,19320.0,-2.5297794585104967e-10,19350.0,ASK
397,1712366408.1392026,113154.74306537,19320.0,-4.140847299680678e-11,19350.0,ASK
398,1712366410.589115,113164.98033762,19320.0,2.1211884605514726e-10,19350.0,BID
399,1712366410.8990812,113175.96862903,19310.0,-2.2768015122457628e-10,19350.0,ASK
400,1712366410.939159,113383.86737117,19320.0,4.307714027928733e-09,19350.0,BID
401,1712366412.8495734,113393.36385608,19310.0,-1.967695467599511e-10,19350.0,ASK
402,1712366412.8536448,113393.75683344,19310.0,-8.142589362912117e-12,19350.0,ASK
403,1712366414.539753,113400.44418652,19310.0,-1.3856363139062684e-10,19350.0,ASK
404,1712366414.5437465,113402.65734948,19300.0,-4.585729105768631e-11,19350.0,ASK
405,1712366415.08141,113661.59054472,19330.0,5.365160683274879e-09,19350.0,BID
406,1712366415.0841825,113902.20231077,19330.0,4.985536079868591e-09,19350.0,BID
407,1712366415.0868754,113947.0651089,19330.0,9.295684180072592e-10,19350.0,BID
408,1712366415.08955,113949.65042431,19340.0,5.3568383067925325e-11,19350.0,BID
409,1712366415.096144,113961.24230451,19330.0,2.401866621874968e-10,19350.0,BID
410,1712366415.0982904,113977.03734327,19350.0,3.2727716068772907e-10,19350.0,BID
411,1712366415.1004844,113981.29891347,19340.0,8.830080231653504e-11,19350.0,BID
412,1712366415.1026204,114044.05197227,19350.0,1.3002591016454551e-09,19350.0,BID
413,1712366415.104764,114051.42636517,19340.0,1.5279926860460507e-10,19350.0,BID
414,1712366415.1070054,114259.76836785,19350.0,4.316898497380356e-09,19350.0,BID
415,1712366417.392882,114267.77883229,19310.0,-1.6597883028636948e-10,19350.0,ASK
416,1712366418.9192157,114274.98825028,19310.0,-1.4938094713347639e-10,19350.0,ASK
417,1712366428.926097,114374.7540207,19340.0,2.0671717602598096e-09,19350.0,BID
418,1712366430.6131155,114374.7540207,19340.0,0.0,19350.0,BID
419,1712366436.929381,114501.20051063,19340.0,-2.618694030511612e-09,19350.0,ASK
420,1712366436.933838,114543.63631646,19340.0,-8.788412510974367e-10,19350.0,ASK
421,1712366453.285695,114559.34123825,19330.0,-3.2524734347206165e-10,19350.0,ASK
422,1712366460.8987138,114559.34123825,19330.0,-0.0,19350.0,ASK
423,1712366480.5297258,114762.54915698,19330.0,-4.208104362638094e-09,19350.0,ASK
424,1712366488.0782466,114851.3224022,19340.0,1.838349031034345e-09,19350.0,BID
425,1712366488.096016,114856.55252772,19320.0,-1.0830736398170874e-10,19350.0,ASK
426,1712366490.879577,114856.55252772,19320.0,-0.0,19350.0,ASK
427,1712366502.7688937,114864.05252772,19330.0,1.5529428175498131e-10,19350.0,BID
428,1712366502.7789404,114894.63104845,19340.0,6.331559218525281e-10,19350.0,BID
429,1712366520.6591892,114894.63104845,19340.0,0.0,19350.0,BID
430,1712366522.9787269,114900.49620106,19330.0,-1.2144143663387468e-10,19350.0,ASK
431,1712366527.6188562,114981.71710055,19330.0,1.6817265252302927e-09,19350.0,BID
432,1712366527.7625687,115024.15290638,19330.0,-8.786583346398191e-10,19350.0,ASK
433,1712366527.7647338,115052.56045351,19330.0,-5.88194982144177e-10,19350.0,ASK
434,1712366532.561826,115075.55568889,19330.0,-4.761298820290429e-10,19350.0,ASK
435,1712366534.3087614,115084.76872201,19320.0,-1.907612729361724e-10,19350.0,ASK
436,1712366534.3109448,115131.50033513,19310.0,-9.676055528093014e-10,19350.0,ASK
437,1712366534.3128264,115139.79160324,19320.0,-1.7167558591367075e-10,19350.0,ASK
438,1712366538.0636537,115152.391567,19320.0,-2.608896651624413e-10,19350.0,ASK
439,1712366539.6960018,115279.00172846,19330.0,2.621537907459364e-09,19350.0,BID
440,1712366539.6987898,115370.3701218,19320.0,1.891836357543377e-09,19350.0,BID
441,1712366550.5789988,115370.3701218,19320.0,0.0,19350.0,BID
442,1712366551.850948,115381.1701218,19310.0,-2.2357779481972471e-10,19350.0,ASK
443,1712366552.108899,115395.5265218,19310.0,-2.9720113458836087e-10,19350.0,ASK
444,1712366552.308823,115456.37271527,19310.0,-1.2596164591863132e-09,19350.0,ASK
445,1712366552.3122838,115612.38723895,19310.0,-3.22975770039464e-09,19350.0,ASK
446,1712366553.4988031,115636.32643097,19320.0,4.95580718666966e-10,19350.0,BID
447,1712366553.5029182,115666.32643097,19320.0,6.210494300554603e-10,19350.0,BID
448,1712366557.612851,115798.32643097,19310.0,-2.732617492244025e-09,19350.0,ASK
449,1712366558.219014,115821.52643097,19310.0,-4.802782259094957e-10,19350.0,ASK
450,1712366559.698969,115821.60593407,19310.0,-1.6458451647879153e-12,19350.0,ASK
451,1712366564.340296,115831.60593407,19300.0,-2.0701647668515342e-10,19350.0,ASK
452,1712366569.378831,115832.24193407,19310.0,-1.3166247917146839e-11,19350.0,ASK
453,1712366571.00869,115935.23287707,19310.0,-2.132082215034086e-09,19350.0,ASK
454,1712366580.14402,115944.92671445,19310.0,2.006784059968014e-10,19350.0,BID
455,1712366580.8787498,115944.92671445,19310.0,0.0,19350.0,BID
456,1712366587.2488945,115956.57798322,19310.0,2.411450729795235e-10,19350.0,BID
457,1712366587.4787147,115964.07898322,19300.0,-1.5524740078728722e-10,19350.0,ASK
458,1712366589.3189805,115968.13168081,19310.0,8.387825183644747e-11,19350.0,BID
459,1712366594.9287784,115969.80683405,19310.0,3.4670468795106736e-11,19350.0,BID
460,1712366595.9387689,115970.42859571,19310.0,-1.2868535078353582e-11,19350.0,ASK
461,1712366599.4892488,115975.66145808,19310.0,-1.0830399701659495e-10,19350.0,ASK
462,1712366605.5789309,115990.2076518,19310.0,-3.0106102738059397e-10,19350.0,ASK
463,1712366605.583565,115990.46712848,19310.0,-5.37036130321776e-12,19350.0,ASK
464,1712366610.8788278,115990.46712848,19310.0,-0.0,19350.0,ASK
465,1712366614.3686686,116246.73043713,19310.0,5.303757974358317e-09,19350.0,BID
466,1712366622.2488954,116256.28198604,19310.0,-1.9768379627109718e-10,19350.0,ASK
467,1712366623.98884,116391.01516007,19310.0,-2.7885074532780567e-09,19350.0,ASK
468,1712366624.1687124,116472.3225334,19310.0,1.682779450342908e-09,19350.0,BID
469,1712366640.599531,116472.3225334,19310.0,0.0,19350.0,BID
470,1712366656.568782,116492.62058112,19300.0,-4.2001800940429357e-10,19350.0,ASK
471,1712366656.5729957,116493.11255419,19310.0,-1.018016867378784e-11,19350.0,ASK
472,1712366657.248743,116495.64878607,19320.0,5.2481060263591785e-11,19350.0,BID
473,1712366658.6788251,116500.11024647,19310.0,9.231891372464484e-11,19350.0,BID
474,1712366669.2288723,116503.9485371,19310.0,-7.9423953089997e-11,19350.0,ASK
475,1712366669.2343209,116505.46638275,19310.0,-3.1408070238578155e-11,19350.0,ASK
476,1712366670.5886672,116505.46638275,19310.0,-0.0,19350.0,ASK
477,1712366675.9388387,116507.00916928,19310.0,-3.1923737544345987e-11,19350.0,ASK
478,1712366676.6188018,116509.43887289,19300.0,-5.02760549483116e-11,19350.0,ASK
479,1712366683.4167387,116523.68556004,19310.0,2.9479613193992753e-10,19350.0,BID
480,1712366683.8891122,116534.15635556,19320.0,2.1666440661807486e-10,19350.0,BID
481,1712366700.8991206,116534.15635556,19320.0,0.0,19350.0,BID
482,1712366730.8986912,116534.15635556,19320.0,0.0,19350.0,BID
483,1712366732.1887968,116534.62913028,19310.0,9.794365897670769e-12,19350.0,BID
484,1712366733.418814,116562.62060284,19320.0,5.798929440871989e-10,19350.0,BID
485,1712366735.6489034,116595.52060284,19310.0,-6.81581786008708e-10,19350.0,ASK
486,1712366735.6888096,116749.32060284,19310.0,-3.186239473804251e-09,19350.0,ASK
487,1712366735.7293324,116749.35313625,19310.0,-6.739872248130825e-13,19350.0,ASK
488,1712366740.8686984,116749.86569391,19310.0,1.0618539979727622e-11,19350.0,BID
489,1712366741.6318345,116757.8635437,19300.0,-1.6568962748022055e-10,19350.0,ASK
490,1712366742.2888212,116779.04530412,19300.0,-4.3881769294430466e-10,19350.0,ASK
491,1712366743.640721,116844.42441682,19320.0,1.354444145949507e-09,19350.0,BID
492,1712366743.6434505,116866.4713704,19310.0,4.567417020399781e-10,19350.0,BID
493,1712366743.646073,116908.39160171,19320.0,8.684518579383041e-10,19350.0,BID
494,1712366746.4288754,116945.36160171,19310.0,-7.658990464664802e-10,19350.0,ASK
495,1712366746.4336853,116968.6451232,19310.0,-4.823593970129804e-10,19350.0,ASK
496,1712366746.8288794,116974.9593695,19300.0,-1.3081079849396403e-10,19350.0,ASK
497,1712366746.8335688,117005.9451232,19300.0,-6.419247826042518e-10,19350.0,ASK
498,1712366751.8888314,117008.53445516,19300.0,-5.364259884092792e-11,19350.0,ASK
499,1712366760.5890722,117008.53445516,19300.0,-0.0,19350.0,ASK
500,1712366766.0494168,117009.53445516,19300.0,-2.0712840638381688e-11,19350.0,ASK
501,1712366766.054776,117521.23445516,19300.0,-1.0598760554659853e-08,19350.0,ASK
502,1712366766.069106,118035.36911523,19300.0,-1.0649189280698565e-08,19350.0,ASK
503,1712366766.0738564,118052.62211004,19300.0,-3.5735853203431915e-10,19350.0,ASK
504,1712366766.0793426,118570.75682506,19300.0,-1.073204178142261e-08,19350.0,ASK
505,1712366766.3491845,118636.86143638,19300.0,-1.369214279733303e-09,19350.0,ASK
506,1712366766.359016,118769.55366243,19300.0,-2.748432932125761e-09,19350.0,ASK
507,1712366766.439155,119172.31594187,19300.0,-8.342350909191952e-09,19350.0,ASK
508,1712366766.6795382,119178.84665726,19290.0,-1.3526966712783475e-10,19350.0,ASK
509,1712366766.685077,119191.50632548,19290.0,-2.62217690375715e-10,19350.0,ASK
510,1712366770.2892866,119225.88583412,19300.0,-7.120972836860085e-10,19350.0,ASK
511,1712366790.5889256,119225.88583412,19300.0,-0.0,19350.0,ASK
512,1712366791.219109,119229.76782169,19300.0,-8.033578029500573e-11,19350.0,ASK
513,1712366795.419309,119235.76352039,19320.0,1.2407796902829486e-10,19350.0,BID
514,1712366795.423761,119281.50178907,19320.0,9.465304660290267e-10,19350.0,BID
515,1712366803.909255,119323.57496564,19300.0,-8.70683228190121e-10,19350.0,ASK
516,1712366803.919083,119329.82327599,19300.0,-1.2930564007255709e-10,19350.0,ASK
517,1712366810.579174,120652.66777178,19300.0,-2.73756015087565e-08,19350.0,ASK
518,1712366812.009151,120656.6141651,19300.0,-8.166862489810735e-11,19350.0,ASK
519,1712366813.009187,120844.19706228,19300.0,-3.881933711332242e-09,19350.0,ASK
520,1712366817.3890543,120886.63286811,19300.0,8.781876583394127e-10,19350.0,BID
521,1712366817.429078,120929.0686839,19300.0,8.78187864456606e-10,19350.0,BID
522,1712366817.4890878,120948.61072635,19300.0,4.0441273972949835e-10,19350.0,BID
523,1712366817.529093,120991.04653218,19300.0,8.781876583394127e-10,19350.0,BID
524,1712366817.5554173,121224.60514431,19300.0,4.833378008494271e-09,19350.0,BID
525,1712366817.608972,121306.6141651,19300.0,1.69713543837955e-09,19350.0,BID
526,1712366817.6114404,121307.45039969,19300.0,1.730545425134805e-11,19350.0,BID
527,1712366820.8989854,121307.45039969,19300.0,0.0,19350.0,BID
528,1712366824.3990405,121311.35478982,19290.0,-8.073226869846757e-11,19350.0,ASK
529,1712366826.240317,121316.58009747,19290.0,-1.0804528420189467e-10,19350.0,ASK
530,1712366833.129069,121618.92191781,19290.0,-6.251614276684827e-09,19350.0,ASK
531,1712366833.2690654,121636.36346383,19290.0,3.606441807601803e-10,19350.0,BID
532,1712366850.903354,121636.36346383,19290.0,0.0,19350.0,BID
533,1712366852.8191457,121688.2037956,19290.0,-1.071777784364731e-09,19350.0,ASK
534,1712366852.824108,121860.92320085,19290.0,-3.5709034868246362e-09,19350.0,ASK
535,1712366856.4343746,121876.61320085,19300.0,3.2438437144449046e-10,19350.0,BID
536,1712366874.8292458,121881.79251806,19300.0,1.0708027773597347e-10,19350.0,BID
537,1712366874.8343658,121902.79251806,19300.0,4.341664627363472e-10,19350.0,BID
538,1712366880.5834014,121902.79251806,19300.0,0.0,19350.0,BID
539,1712366892.7291162,121928.42667235,19300.0,-5.299194073728925e-10,19350.0,ASK
540,1712366892.7330406,121930.00947545,19300.0,-3.272033363184201e-11,19350.0,ASK
541,1712366909.7393634,121981.82294695,19300.0,-1.0711086389112318e-09,19350.0,ASK
542,1712366909.7445488,122148.72098845,19300.0,-3.4501825276860703e-09,19350.0,ASK
543,1712366909.822997,122449.02128874,19300.0,-6.207926946340729e-09,19350.0,ASK
544,1712366909.827567,122504.18782931,19300.0,-1.140424612996432e-09,19350.0,ASK
545,1712366909.8431134,122546.62363514,19300.0,-8.77249813760874e-10,19350.0,ASK
546,1712366909.8991246,123275.86504507,19300.0,-1.507516773949348e-08,19350.0,ASK
547,1712366909.9829476,123279.28557384,19290.0,-7.071052776679265e-11,19350.0,ASK
548,1712366909.986912,123503.92959217,19290.0,-4.64393027039387e-09,19350.0,ASK
549,1712366910.5994637,123503.92959217,19290.0,-0.0,19350.0,ASK
550,1712366912.2796078,123525.77299156,19290.0,-4.512671621818795e-10,19350.0,ASK
551,1712366915.809056,124193.76930219,19290.0,-1.3800269548878873e-08,19350.0,ASK
552,1712366915.8130476,124964.00774844,19290.0,-1.5912510302840842e-08,19350.0,ASK
553,1712366915.909154,124964.20978028,19280.0,-4.173816239889665e-12,19350.0,ASK
554,1712366915.913859,124969.50181347,19280.0,-1.093291734121508e-10,19350.0,ASK
555,1712366916.4089892,125269.80211376,19300.0,6.203964039416456e-09,19350.0,BID
556,1712366916.4889677,125299.50719481,19300.0,-6.13683217912656e-10,19350.0,ASK
557,1712366916.548905,125433.8269598,19300.0,-2.774938922725484e-09,19350.0,ASK
558,1712366916.5513103,125744.70778881,19300.0,-6.4225493010144155e-09,19350.0,ASK
559,1712366916.5689752,125747.58218228,19300.0,-5.938267029973776e-11,19350.0,ASK
560,1712366916.6527696,125748.78218228,19300.0,-2.479104030229773e-11,19350.0,ASK
561,1712366916.734127,125842.8997777,19300.0,-1.9443942510152077e-09,19350.0,ASK
562,1712366940.6190195,125842.8997777,19300.0,-0.0,19350.0,ASK
563,1712366944.0351915,125848.08112485,19290.0,1.0694278598497596e-10,19350.0,BID
564,1712366953.1390817,125860.83293766,19280.0,-2.6319687694792987e-10,19350.0,ASK
565,1712366953.1415212,125863.67364044,19280.0,-5.863198520654842e-11,19350.0,ASK
566,1712366954.739055,125872.43061939,19280.0,-1.8074367507415824e-10,19350.0,ASK
567,1712366964.7190342,125874.38281445,19280.0,-4.0293223453121336e-11,19350.0,ASK
568,1712366965.5989213,125916.81862028,19290.0,8.758732371338472e-10,19350.0,BID
569,1712366965.6190286,125959.25443607,19290.0,8.75873442707829e-10,19350.0,BID
570,1712366970.9118202,125959.25443607,19290.0,0.0,19350.0,BID
571,1712366975.8891518,125959.77608447,19280.0,-1.0766302206947758e-11,19350.0,ASK
572,1712366989.6589797,125962.36944547,19280.0,-5.352438205104524e-11,19350.0,ASK
573,1712366994.8392322,126000.19125533,19280.0,-7.80604397460962e-10,19350.0,ASK
574,1712366994.8439937,126157.13045526,19280.0,-3.239068411924679e-09,19350.0,ASK
575,1712366994.8480072,126168.22993663,19280.0,-2.2908221470691566e-10,19350.0,ASK
576,1712366996.4490728,126171.19618561,19280.0,-6.122041769865949e-11,19350.0,ASK
577,1712367000.690622,126171.19618561,19280.0,-0.0,19350.0,ASK
578,1712367003.8390896,126213.63199144,19280.0,-8.77480258978916e-10,19350.0,ASK
579,1712367003.87934,126253.90060643,19280.0,-8.32667461334698e-10,19350.0,ASK
580,1712367003.884627,126277.70736652,19280.0,-4.922720707344502e-10,19350.0,ASK
581,1712367007.2090938,126293.35454866,19270.0,-3.2354972806467765e-10,19350.0,ASK
582,1712367007.2143583,126296.33642223,19270.0,-6.165866633767039e-11,19350.0,ASK
583,1712367009.5789654,126300.9854227,19270.0,-9.613122825458936e-11,19350.0,ASK
584,1712367014.2791362,126302.02330541,19270.0,-2.1461159304999444e-11,19350.0,ASK
585,1712367014.2845745,126583.67760521,19270.0,-5.823998934322687e-09,19350.0,ASK
586,1712367029.1708202,126883.67760521,19270.0,6.203348152460047e-09,19350.0,BID
587,1712367030.3302538,126887.96812961,19260.0,-8.871872203273702e-11,19350.0,ASK
588,1712367030.3327403,126888.4873404,19260.0,-1.0736150982800079e-11,19350.0,ASK
589,1712367030.335199,127485.23672202,19260.0,-1.2339480579847016e-08,19350.0,ASK
590,1712367030.6499176,127485.23672202,19260.0,-0.0,19350.0,ASK
591,1712367031.9790666,127617.17545046,19260.0,-2.726778776116029e-09,19350.0,ASK
592,1712367031.9834473,127637.17545046,19260.0,-4.1334016302211826e-10,19350.0,ASK
593,1712367034.9491267,127689.55889729,19250.0,-1.08260912261873e-09,19350.0,ASK
594,1712367045.069208,127810.36272695,19250.0,-2.496653732268007e-09,19350.0,ASK
595,1712367045.0798552,127907.53745209,19250.0,-2.008310836549729e-09,19350.0,ASK
596,1712367048.059024,127912.27176841,19250.0,-9.784415397562287e-11,19350.0,ASK
597,1712367052.3591094,127916.13503074,19250.0,-7.984207406382001e-11,19350.0,ASK
598,1712367052.363595,128043.53174204,19250.0,-2.632908870861109e-09,19350.0,ASK
599,1712367052.3675542,128316.00058879,19250.0,-5.631115876704867e-09,19350.0,ASK
600,1712367059.4888947,128321.19539398,19250.0,1.0736108120505999e-10,19350.0,BID
601,1712367060.8989542,128321.19539398,19250.0,0.0,19350.0,BID
602,1712367066.2790403,128365.27652224,19250.0,9.107221225744061e-10,19350.0,BID
603,1712367067.7689152,128469.38491185,19250.0,2.1508935298608955e-09,19350.0,BID
604,1712367082.7390966,128537.425864,19240.0,-1.4057353522928164e-09,19350.0,ASK
605,1712367082.7447944,128540.90441389,19240.0,-7.186731520612793e-11,19350.0,ASK
606,1712367082.93898,128587.87831597,19240.0,-9.70487224273383e-10,19350.0,ASK
607,1712367090.8989584,128587.87831597,19240.0,-0.0,19350.0,ASK
608,1712367094.2988417,128593.07312116,19250.0,1.0731400451100252e-10,19350.0,BID
609,1712367113.8409877,128603.99482085,19250.0,-2.2561988119465992e-10,19350.0,ASK
610,1712367120.613229,128603.99482085,19250.0,-0.0,19350.0,ASK
611,1712367130.5989895,128645.0211731,19250.0,-8.47514733036659e-10,19350.0,ASK
612,1712367130.6033287,128708.21576926,19250.0,-1.3054621811740035e-09,19350.0,ASK
613,1712367145.5489967,128750.65157509,19250.0,-8.76630962217812e-10,19350.0,ASK
614,1712367145.669004,128760.9862178,19250.0,2.1349112160947303e-10,19350.0,BID
615,1712367150.335758,128772.33299701,19260.0,2.3439964865477207e-10,19350.0,BID
616,1712367150.4024558,130142.75576701,19260.0,2.830993798781705e-08,19350.0,BID
617,1712367150.472129,131376.04897929,19260.0,2.5477141160199986e-08,19350.0,BID
618,1712367150.5038917,131376.0489793,19260.0,2.0621897500671104e-19,19350.0,BID
619,1712367150.6139183,131376.0489793,19260.0,0.0,19350.0,BID
620,1712367153.2191918,131376.6064964,19280.0,1.1504396263630669e-11,19350.0,BID
621,1712367153.2290614,131377.38013439,19280.0,1.5964062808891738e-11,19350.0,BID
622,1712367158.1391425,131392.89202684,19300.0,3.2008876057944347e-10,19350.0,BID
623,1712367160.8590772,131397.6678013,19270.0,-9.854837071832838e-11,19350.0,ASK
624,1712367171.6879058,131398.1864735,19280.0,1.0702829598793222e-11,19350.0,BID
625,1712367179.728893,131405.95884444,19290.0,1.6038330519381902e-10,19350.0,BID
626,1712367180.8888328,131405.95884444,19290.0,0.0,19350.0,BID
627,1712367184.7290418,131408.1864735,19290.0,4.596670183645708e-11,19350.0,BID
628,1712367184.7349224,131431.8667344,19300.0,4.886376783904463e-10,19350.0,BID
629,1712367188.9091475,131466.70105987,19300.0,7.18799678679139e-10,19350.0,BID
630,1712367188.9147315,131475.59464051,19300.0,1.8351734446076795e-10,19350.0,BID
631,1712367191.9989386,131476.31962866,19300.0,-1.4959992542902842e-11,19350.0,ASK
632,1712367210.9189205,131476.31962866,19300.0,-0.0,19350.0,ASK
633,1712367222.8488169,131478.90512347,19300.0,-5.3349698597572925e-11,19350.0,ASK
634,1712367229.6590583,131484.08647063,19300.0,1.0691311707414076e-10,19350.0,BID
635,1712367230.618869,131490.68647063,19300.0,-1.3618592827342168e-10,19350.0,ASK
636,1712367236.2290685,131530.71859497,19300.0,-8.26032123332808e-10,19350.0,ASK
637,1712367236.234764,131634.97119357,19300.0,-2.1511722598855164e-09,19350.0,ASK
638,1712367240.625403,131634.97119357,19300.0,-0.0,19350.0,ASK
639,1712367242.8291364,131639.02293127,19320.0,8.359921198433054e-11,19350.0,BID
640,1712367242.8389246,131640.14449931,19320.0,2.3141232545703604e-11,19350.0,BID
641,1712367249.3789124,131679.9948203,19310.0,8.22228801257396e-10,19350.0,BID
642,1712367249.3835037,131722.4306361,19310.0,8.755751293542556e-10,19350.0,BID
643,1712367249.3879883,131743.66416804,19320.0,4.3810993436844364e-10,19350.0,BID
644,1712367259.8289137,131751.00616804,19300.0,-1.5148695691437678e-10,19350.0,ASK
645,1712367261.1691787,131806.92460964,19310.0,-1.1537611758883402e-09,19350.0,ASK
646,1712367261.1902823,131851.17118796,19300.0,-9.129364619401739e-10,19350.0,ASK
647,1712367261.268865,131853.24372684,19300.0,-4.276254535832247e-11,19350.0,ASK
648,1712367262.2390158,131860.65282684,19300.0,-1.5287142637866123e-10,19350.0,ASK
649,1712367262.6592398,131866.35202684,19300.0,-1.175911828992563e-10,19350.0,ASK
650,1712367262.8390062,131876.39512684,19300.0,-2.0721855856543243e-10,19350.0,ASK
651,1712367263.2391336,131887.08972684,19300.0,-2.2066091111601056e-10,19350.0,ASK
652,1712367266.5390582,131890.84172684,19300.0,-7.741474562020993e-11,19350.0,ASK
653,1712367267.4790883,131896.98386432,19300.0,-1.267302800046343e-10,19350.0,ASK
654,1712367267.4849408,131910.9590113,19300.0,-2.8834820054882776e-10,19350.0,ASK
655,1712367267.490674,131921.31652684,19300.0,-2.13705871744421e-10,19350.0,ASK
656,1712367267.6988032,131934.06352684,19300.0,-2.630079324144535e-10,19350.0,ASK
657,1712367268.1790416,131939.19292684,19300.0,-1.0583454056074068e-10,19350.0,ASK
658,1712367268.320397,131947.17202684,19300.0,-1.646321953029603e-10,19350.0,ASK
659,1712367268.5190053,131956.29092684,19300.0,-1.8814960656577488e-10,19350.0,ASK
660,1712367268.688905,131964.27012684,19300.0,-1.64634258595852e-10,19350.0,ASK
661,1712367268.8090258,132069.17885325,19300.0,-2.164574191991513e-09,19350.0,ASK
662,1712367269.0093684,132100.37485325,19300.0,-6.43664819926128e-10,19350.0,ASK
663,1712367270.586714,132100.37485325,19300.0,-0.0,19350.0,ASK
664,1712367280.0494094,132149.84208142,19300.0,-1.0204645901841775e-09,19350.0,ASK
665,1712367283.0191436,132156.12192849,19290.0,-1.2954761776168018e-10,19350.0,ASK
666,1712367283.0243416,132169.20554693,19290.0,-2.6990332435057765e-10,19350.0,ASK
667,1712367287.0791698,132221.01901844,19300.0,1.068865487849083e-09,19350.0,BID
668,1712367287.459007,132244.58141167,19280.0,-4.860710583691377e-10,19350.0,ASK
669,1712367292.2191117,132247.66038763,19280.0,-6.351651502304683e-11,19350.0,ASK
670,1712367292.4191144,132262.53432721,19280.0,-3.0683604518497884e-10,19350.0,ASK
671,1712367292.425429,132303.57882923,19280.0,-8.46711297208625e-10,19350.0,ASK
672,1712367300.898839,132303.57882923,19280.0,-0.0,19350.0,ASK
673,1712367303.641339,132366.28907654,19290.0,-1.298049599402812e-09,19350.0,ASK
674,1712367303.648769,132614.78214873,19290.0,-5.1435984810603076e-09,19350.0,ASK
675,1712367304.9488523,132625.60486663,19280.0,-2.2402119648921003e-10,19350.0,ASK
676,1712367304.952045,132626.12356663,19280.0,-1.0736655588384376e-11,19350.0,ASK
677,1712367307.118984,132632.88363882,19270.0,-1.3992783276358954e-10,19350.0,ASK
678,1712367307.1261451,132648.00686663,19270.0,-3.13038149943786e-10,19350.0,ASK
679,1712367326.4974706,132664.11725758,19270.0,-3.3347160019140616e-10,19350.0,ASK
680,1712367326.502859,132664.11729177,19270.0,-7.07704694271223e-16,19350.0,ASK
681,1712367327.0691073,132727.83481249,19270.0,-1.3188993153972295e-09,19350.0,ASK
682,1712367327.0750935,132850.3225999,19270.0,2.535394615705075e-09,19350.0,BID
683,1712367327.0809383,132851.3225999,19270.0,2.069916249869304e-11,19350.0,BID
684,1712367330.9290652,132851.3225999,19270.0,0.0,19350.0,BID
685,1712367342.5490365,132951.08837032,19270.0,-2.0646165452122083e-09,19350.0,ASK
686,1712367360.5987997,132951.08837032,19270.0,-0.0,19350.0,ASK
687,1712367368.339026,132974.81817135,19280.0,-4.910601151117712e-10,19350.0,ASK
688,1712367368.344125,133317.55428744,19280.0,-7.092517817888384e-09,19350.0,ASK
689,1712367390.638853,133317.55428744,19280.0,-0.0,19350.0,ASK
690,1712367395.898886,133317.81495341,19280.0,-5.393384814616489e-12,19350.0,ASK
691,1712367405.4607437,133330.76831051,19300.0,2.6801519000965366e-10,19350.0,BID
692,1712367417.4290123,133354.49811154,19290.0,4.909883270296611e-10,19350.0,BID
693,1712367417.4349573,133382.58178201,19290.0,5.81073324782766e-10,19350.0,BID
694,1712367420.878873,133382.58178201,19290.0,0.0,19350.0,BID
695,1712367433.6819656,133526.68863013,19290.0,2.981607122044299e-09,19350.0,BID
696,1712367433.6870868,133541.04077545,19290.0,2.9694951531463785e-10,19350.0,BID
697,1712367433.7588232,133679.04077545,19290.0,-2.855254890451206e-09,19350.0,ASK
698,1712367434.1790166,133745.52218284,19290.0,-1.3755171273506615e-09,19350.0,ASK
699,1712367434.239011,133783.42218284,19290.0,-7.841605822324935e-10,19350.0,ASK
700,1712367434.4587965,133809.68929777,19290.0,-5.434732489994747e-10,19350.0,ASK
701,1712367434.6188774,134231.15723508,19290.0,-8.720278182411168e-09,19350.0,ASK
702,1712367437.8252666,134601.15723508,19280.0,-7.65539354686193e-09,19350.0,ASK
703,1712367437.8314128,134605.89656911,19280.0,-9.805801932325715e-11,19350.0,ASK
704,1712367437.9587605,134611.07791626,19290.0,1.0720338253029708e-10,19350.0,BID
705,1712367444.3890505,134662.97205222,19270.0,-1.073702793373392e-09,19350.0,ASK
706,1712367444.3953736,134663.33238953,19270.0,-7.45547004785326e-12,19350.0,ASK
707,1712367450.8891506,134663.33238953,19270.0,-0.0,19350.0,ASK
708,1712367460.4388683,134674.95561853,19260.0,-2.4036470409285217e-10,19350.0,ASK
709,1712367461.4631312,134674.95561902,19260.0,-1.0133483488187896e-17,19350.0,ASK
710,1712367465.6590104,134679.95561902,19260.0,-1.0339842056500091e-10,19350.0,ASK
711,1712367476.488063,134685.57739319,19250.0,-1.1625651399011523e-10,19350.0,ASK
712,1712367476.4909482,134687.51723292,19250.0,-4.011527284645716e-11,19350.0,ASK
713,1712367478.8089583,134691.29803987,19250.0,-7.818589341768435e-11,19350.0,ASK
714,1712367479.1552446,134696.49014787,19260.0,1.0737115332094243e-10,19350.0,BID
715,1712367480.6487572,134696.49014787,19260.0,0.0,19350.0,BID
716,1712367481.119051,134698.38055135,19250.0,-3.909243063301343e-11,19350.0,ASK
717,1712367482.069044,134952.09488945,19260.0,5.246663089478487e-09,19350.0,BID
718,1712367483.8389876,134953.04009119,19250.0,-1.954621531620579e-11,19350.0,ASK
719,1712367490.6187782,134958.23219919,19260.0,-1.073697356021778e-10,19350.0,ASK
720,1712367495.868815,134980.40159919,19250.0,-4.5845013556136094e-10,19350.0,ASK
721,1712367499.544669,135030.3000531,19250.0,-1.031870639682051e-09,19350.0,ASK
722,1712367503.3287747,135060.3000531,19250.0,-6.203823318109901e-10,19350.0,ASK
723,1712367503.3388813,135306.64006416,19250.0,-5.094166349324432e-09,19350.0,ASK
724,1712367503.3446064,135483.52226721,19250.0,-3.657819786134464e-09,19350.0,ASK
725,1712367503.958884,135510.84549673,19240.0,-5.65028294740807e-10,19350.0,ASK
726,1712367510.5989118,135510.84549673,19240.0,-0.0,19350.0,ASK
727,1712367512.3490286,135628.38267285,19240.0,-2.429811773218566e-09,19350.0,ASK
728,1712367512.3552563,135652.96408571,19240.0,-5.081643811874725e-10,19350.0,ASK
729,1712367527.8989532,135682.74182858,19240.0,-6.155865964615473e-10,19350.0,ASK
730,1712367530.4694362,135683.06662067,19240.0,-6.7143321811347206e-12,19350.0,ASK
731,1712367530.4761505,135787.29464009,19240.0,-2.1546754571284767e-09,19350.0,ASK
732,1712367530.528763,136020.85325222,19240.0,4.8282890930664495e-09,19350.0,BID
733,1712367530.548778,136413.69513904,19240.0,8.121105790682433e-09,19350.0,BID
734,1712367530.553507,136456.13095484,19240.0,8.772632476013441e-10,19350.0,BID
735,1712367535.1788492,136489.16824006,19240.0,-6.829701651231704e-10,19350.0,ASK
736,1712367540.9287992,136489.16824006,19240.0,-0.0,19350.0,ASK
737,1712367544.0688686,136494.37115369,19250.0,-1.0751647961730028e-10,19350.0,ASK
738,1712367546.145784,136505.88692369,19250.0,2.37969556777559e-10,19350.0,BID
739,1712367570.868777,136505.88692369,19250.0,0.0,19350.0,BID
740,1712367578.569039,136512.58809252,19250.0,1.3847650403606396e-10,19350.0,BID
741,1712367578.648957,136527.40843891,19250.0,3.0625549195391637e-10,19350.0,BID
742,1712367588.6188488,136554.73166844,19260.0,-5.6462169515295e-10,19350.0,ASK
743,1712367600.698804,136554.73166844,19260.0,-0.0,19350.0,ASK
744,1712367623.4890568,136562.6197375,19270.0,1.63140672476952e-10,19350.0,BID
745,1712367623.4956,136583.52239124,19270.0,4.3230769935716545e-10,19350.0,BID
746,1712367623.662399,136606.49945346,19270.0,-4.75210517759147e-10,19350.0,ASK
747,1712367624.8890426,136608.94845346,19260.0,-5.06501025607678e-11,19350.0,ASK
748,1712367630.623155,136608.94845346,19260.0,-0.0,19350.0,ASK
749,1712367632.7687564,136614.14056146,19260.0,-1.073806127285896e-10,19350.0,ASK
750,1712367632.7725992,136663.32615311,19260.0,-1.0172321085788792e-09,19350.0,ASK
751,1712367634.588871,136715.24723306,19270.0,1.0738061262542203e-09,19350.0,BID
752,1712367649.348918,136722.55234339,19270.0,1.5108068308412744e-10,19350.0,BID
753,1712367649.3588295,136767.40522256,19270.0,9.276250894481671e-10,19350.0,BID
754,1712367653.568952,136780.92982384,19270.0,2.7970912245308705e-10,19350.0,BID
755,1712367660.8987572,136780.92982384,19270.0,0.0,19350.0,BID
756,1712367664.0789518,136819.27342442,19270.0,-7.929490653072816e-10,19350.0,ASK
757,1712367677.7639132,136834.85784,19250.0,-3.222870982535316e-10,19350.0,ASK
758,1712367677.7691712,137119.27342442,19250.0,-5.881739544884562e-09,19350.0,ASK
759,1712367690.8987825,137119.27342442,19250.0,-0.0,19350.0,ASK
760,1712367705.0488734,137124.52552526,19250.0,-1.0859928265901864e-10,19350.0,ASK
761,1712367720.6095157,137124.52552526,19250.0,-0.0,19350.0,ASK
762,1712367745.2090526,137125.16552526,19270.0,1.3233446523889504e-11,19350.0,BID
763,1712367750.6488333,137125.16552526,19270.0,0.0,19350.0,BID
764,1712367751.1890416,137129.72843889,19270.0,9.434852830624331e-11,19350.0,BID
765,1712367751.195877,137163.81280957,19270.0,7.047712213468154e-10,19350.0,BID
766,1712367762.5989327,137213.83447497,19270.0,-1.0343107270114643e-09,19350.0,ASK
767,1712367762.6055803,137287.28230085,19270.0,-1.518699419058759e-09,19350.0,ASK
768,1712367762.7590492,137356.32230085,19270.0,1.427557679694224e-09,19350.0,BID
769,1712367762.7665815,137635.09992427,19270.0,5.7643559855167645e-09,19350.0,BID
770,1712367774.6490011,137677.53574006,19270.0,-8.774561808385719e-10,19350.0,ASK
771,1712367774.6558115,137688.00997718,19270.0,-2.1657847102502727e-10,19350.0,ASK
772,1712367780.6689725,137688.00997718,19270.0,-0.0,19350.0,ASK
773,1712367810.638723,137688.00997718,19270.0,-0.0,19350.0,ASK
774,1712367818.43893,137689.90521848,19270.0,-3.9179600852708094e-11,19350.0,ASK
775,1712367818.448764,137698.6994511,19270.0,-1.8179981823569167e-10,19350.0,ASK
776,1712367837.558896,137716.7225511,19270.0,-3.7258467516556926e-10,19350.0,ASK
777,1712367840.6487448,137716.7225511,19270.0,-0.0,19350.0,ASK
778,1712367870.628784,137716.7225511,19270.0,-0.0,19350.0,ASK
779,1712367871.5715964,137743.2211917,19270.0,-5.47790029158141e-10,19350.0,ASK
780,1712367872.0889032,137795.39911572,19270.0,-1.078641993444545e-09,19350.0,ASK
781,1712367872.096864,137826.52003683,19270.0,-6.43343579001982e-10,19350.0,ASK
782,1712367900.6403358,137826.52003683,19270.0,-0.0,19350.0,ASK
783,1712367912.5888755,137830.39277612,19270.0,8.013105132594453e-11,19350.0,BID
784,1712367930.6187718,137830.39277612,19270.0,0.0,19350.0,BID
785,1712367939.2690427,137830.69277612,19250.0,-6.2073061157910616e-12,19350.0,ASK
786,1712367939.274366,137835.83037686,19250.0,-1.0630220163974068e-10,19350.0,ASK
787,1712367947.5260217,137839.80641481,19250.0,8.226828227451075e-11,19350.0,BID
788,1712367951.098926,137859.35518951,19240.0,-4.0448409581490797e-10,19350.0,ASK
789,1712367951.105832,137902.16568277,19240.0,-8.85792788724162e-10,19350.0,ASK
790,1712367960.880679,137902.16568277,19240.0,-0.0,19350.0,ASK
791,1712367965.5787065,137902.42571395,19240.0,-5.380156711714389e-12,19350.0,ASK
792,1712367968.0988507,137917.44060775,19240.0,3.1066459663634816e-10,19350.0,BID
793,1712367978.329147,137927.90801037,19250.0,2.1657505248402288e-10,19350.0,BID
794,1712367978.3361907,137932.44060775,19240.0,9.378138503856416e-11,19350.0,BID
795,1712367982.498965,137937.64081575,19230.0,-1.0759453528365511e-10,19350.0,ASK
796,1712367982.5045388,137942.84102375,19230.0,-1.0759453528365511e-10,19350.0,ASK
797,1712367982.5100827,137948.04123176,19230.0,-1.0759453549080184e-10,19350.0,ASK
798,1712367982.5131538,137950.86147629,19220.0,-5.83520696851419e-11,19350.0,ASK
799,1712367982.5162587,138214.00402438,19230.0,-5.444532252388408e-09,19350.0,ASK
800,1712367982.5193954,138286.67577881,19220.0,-1.503609787560531e-09,19350.0,ASK
801,1712367982.5225255,138294.06246777,19230.0,-1.528337647145665e-10,19350.0,ASK
802,1712367982.5256698,138295.10305049,19220.0,-2.1530103061506165e-11,19350.0,ASK
803,1712367989.309235,138295.3632482,19220.0,-5.383602288745011e-12,19350.0,ASK
804,1712367989.3154094,138301.1774849,19220.0,-1.2029905260796328e-10,19350.0,ASK
805,1712367990.950428,138301.1774849,19220.0,-0.0,19350.0,ASK
806,1712367991.298867,138437.70574065,19220.0,2.824379837750068e-09,19350.0,BID
807,1712368002.6889024,138461.71961156,19220.0,-4.967784320681531e-10,19350.0,ASK
808,1712368008.6887732,138465.94509609,19220.0,-8.741321161476223e-11,19350.0,ASK
809,1712368020.6255102,138465.94509609,19220.0,-0.0,19350.0,ASK
810,1712368029.2989194,138466.91020183,19220.0,-1.9963974591207964e-11,19350.0,ASK
811,1712368039.1694562,138472.96804554,19220.0,-1.2531128237152174e-10,19350.0,ASK
812,1712368050.598778,138472.96804554,19220.0,-0.0,19350.0,ASK
813,1712368058.5687346,138498.38361206,19220.0,5.257396018412208e-10,19350.0,BID
814,1712368074.9786465,138529.47129416,19220.0,6.43071465535852e-10,19350.0,BID
815,1712368080.9008334,138529.47129416,19220.0,0.0,19350.0,BID
816,1712368087.7887762,138544.82701736,19220.0,3.1763724172978367e-10,19350.0,BID
817,1712368088.198985,138564.13116018,19210.0,-3.9931135769042126e-10,19350.0,ASK
818,1712368088.202491,138663.62423148,19210.0,-2.0580407921773727e-09,19350.0,ASK
819,1712368088.205653,138669.02324241,19210.0,-1.1167998521083327e-10,19350.0,ASK
820,1712368088.338938,138711.4590582,19210.0,8.777962003182848e-10,19350.0,BID
821,1712368097.5689044,138716.66739153,19200.0,-1.0773576805230508e-10,19350.0,ASK
822,1712368097.5760388,139570.13329737,19200.0,-1.7654170546760305e-08,19350.0,ASK
823,1712368104.240358,139572.18077132,19200.0,-4.23525463130662e-11,19350.0,ASK
824,1712368104.24358,139671.6987826,19200.0,-2.0585566823341776e-09,19350.0,ASK
825,1712368110.8812084,139671.6987826,19200.0,-0.0,19350.0,ASK
826,1712368113.019168,139787.66082989,19190.0,-2.397618203140568e-09,19350.0,ASK
827,1712368114.6989677,139797.66082989,19190.0,-2.0675887147323168e-10,19350.0,ASK
1028,1712368114.7025774,139818.49468636,19190.0,-4.307584652174511e-10,19350.0,ASK
828,1712368114.7025774,139818.49468636,19190.0,-4.3075846521745106e-10,19350.0,ASK
829,1712368116.4689307,139848.99468636,19190.0,6.30614557993357e-10,19350.0,BID
830,1712368117.068906,139867.48874156,19190.0,3.823809982113549e-10,19350.0,BID
831,1712368119.2988734,139878.64177361,19190.0,-2.3059883201632744e-10,19350.0,ASK
832,1712368123.3626685,140057.12648424,19180.0,-3.6903297345085205e-09,19350.0,ASK
833,1712368123.3685155,140081.12063911,19170.0,-4.961004382878321e-10,19350.0,ASK
834,1712368123.3723726,140378.20314541,19180.0,-6.1424443737022995e-09,19350.0,ASK
835,1712368123.3755853,140379.20314541,19170.0,-2.0675887147323168e-11,19350.0,ASK
836,1712368123.37881,140380.20314541,19170.0,-2.0675887147323168e-11,19350.0,ASK
837,1712368123.3820426,140740.98839407,19180.0,-7.45955508571344e-09,19350.0,ASK
838,1712368125.748698,140747.16289987,19200.0,1.276633851108721e-10,19350.0,BID
839,1712368140.6087072,140747.16289987,19200.0,0.0,19350.0,BID
840,1712368143.618883,140877.67467092,19170.0,-2.6972961724381594e-09,19350.0,ASK
841,1712368143.6245823,141014.58345884,19170.0,-2.829503780836876e-09,19350.0,ASK
842,1712368152.6990116,141015.58345884,19170.0,-2.0667072025284176e-11,19350.0,ASK
843,1712368152.705541,141380.87704833,19170.0,-7.549548924364425e-09,19350.0,ASK
844,1712368162.553951,141590.1284307,19180.0,-4.324613390830752e-09,19350.0,ASK
845,1712368170.6004882,141590.1284307,19180.0,-0.0,19350.0,ASK
846,1712368177.539014,141592.7936759,19180.0,-5.5064422122258466e-11,19350.0,ASK
1046,1712368177.539014,141592.7936759,19180.0,-5.506442212225847e-11,19350.0,ASK
847,1712368179.3788168,141598.01015998,19170.0,-1.0777345415513251e-10,19350.0,ASK
848,1712368179.391106,141599.01015998,19170.0,-2.0660171200007643e-11,19350.0,ASK
849,1712368179.3942778,141641.33351356,19180.0,-8.74407730721162e-10,19350.0,ASK
850,1712368179.3974826,141645.37653108,19170.0,-8.352943412756563e-11,19350.0,ASK
851,1712368179.4007068,141647.16985499,19160.0,-3.705037899786025e-11,19350.0,ASK
852,1712368194.7887492,141677.66975499,19200.0,6.301331555830151e-10,19350.0,BID
853,1712368194.8889132,141911.96985499,19200.0,4.8406801781787686e-09,19350.0,BID
854,1712368194.8955286,141947.96985499,19200.0,7.43766163200275e-10,19350.0,BID
855,1712368197.439084,142020.30903603,19190.0,-1.4945398647548752e-09,19350.0,ASK
856,1712368197.4454443,142168.22570175,19200.0,-3.055983637109433e-09,19350.0,ASK
857,1712368197.450961,142199.74397439,19190.0,-6.51172908671101e-10,19350.0,ASK
858,1712368200.6987429,142199.74397439,19190.0,-0.0,19350.0,ASK
859,1712368220.2486708,142240.413515,19210.0,8.405069298133096e-10,19350.0,BID
860,1712368220.3489106,142483.74397439,19210.0,5.0288479851115566e-09,19350.0,BID
1061,1712368220.3588345,142488.94959647,19210.0,1.0758325190284059e-10,19350.0,BID
861,1712368220.3588345,142488.94959647,19210.0,1.075832519028406e-10,19350.0,BID
862,1712368221.6563036,142554.98784443,19220.0,1.3647954761869811e-09,19350.0,BID
863,1712368221.6598058,142569.69984728,19220.0,3.0404917688728856e-10,19350.0,BID
864,1712368221.7857044,142612.87880084,19220.0,8.92368321474517e-10,19350.0,BID
865,1712368221.8012235,142776.06159932,19220.0,3.372456902428889e-09,19350.0,BID
866,1712368230.638776,142776.06159932,19220.0,0.0,19350.0,BID
867,1712368260.8887625,142776.06159932,19220.0,0.0,19350.0,BID
868,1712368261.149034,142776.59229651,19220.0,-1.0965272719602292e-11,19350.0,ASK
869,1712368261.1559796,142780.99852211,19220.0,-9.104149461966744e-11,19350.0,ASK
870,1712368263.3387706,142790.86261446,19220.0,2.038120133052788e-10,19350.0,BID
1070,1712368263.3387706,142790.86261446,19220.0,2.0381201330527877e-10,19350.0,BID
871,1712368264.738765,142798.23691482,19220.0,1.5236789658509218e-10,19350.0,BID
872,1712368280.508971,142799.79941482,19200.0,-3.228439672802749e-11,19350.0,ASK
873,1712368280.5168383,142801.77806065,19200.0,-4.088280765394393e-11,19350.0,ASK
874,1712368283.1265666,142814.39155282,19200.0,2.60620150618965e-10,19350.0,BID
875,1712368283.1319644,142853.28621282,19200.0,8.03642005787126e-10,19350.0,BID
876,1712368289.208809,142876.60829944,19190.0,-4.81881278057901e-10,19350.0,ASK
877,1712368289.2122538,142878.17161366,19190.0,-3.230122015288536e-11,19350.0,ASK
878,1712368289.2288172,142889.00201742,19190.0,-2.2377795309579623e-10,19350.0,ASK
879,1712368289.28882,142987.06143135,19190.0,-2.0261049742302234e-09,19350.0,ASK
880,1712368289.308838,143011.42572745,19190.0,-5.034154248262902e-10,19350.0,ASK
881,1712368289.3161745,143011.94683219,19190.0,-1.0767073384495568e-11,19350.0,ASK
882,1712368290.9297774,143011.94683219,19190.0,-0.0,19350.0,ASK
883,1712368308.472241,143074.2810465,19190.0,1.2878299205150775e-09,19350.0,BID
884,1712368308.570282,143120.81569254,19190.0,9.614095593291683e-10,19350.0,BID
885,1712368320.623174,143120.81569254,19190.0,0.0,19350.0,BID
886,1712368350.5988038,143120.81569254,19190.0,0.0,19350.0,BID
887,1712368360.048889,143121.569277,19170.0,1.5568444050718354e-11,19350.0,BID
888,1712368379.1292226,143122.569277,19170.0,2.0659189350311742e-11,19350.0,BID
889,1712368380.898765,143122.569277,19170.0,0.0,19350.0,BID
890,1712368381.4388578,143132.78914089,19160.0,-2.1113395660884286e-10,19350.0,ASK
891,1712368381.8688154,143145.36090472,19160.0,-2.5972226905842805e-10,19350.0,ASK
892,1712368386.018789,143154.44712379,19170.0,1.8771378988165128e-10,19350.0,BID
893,1712368388.8390088,143196.88293959,19170.0,8.76688945000555e-10,19350.0,BID
894,1712368388.8475034,143245.84981396,19170.0,1.0116152269524835e-09,19350.0,BID
895,1712368390.178961,143255.84981396,19160.0,-2.0659175002850782e-10,19350.0,ASK
896,1712368409.3194206,143664.89743017,19160.0,-8.450586287781528e-09,19350.0,ASK
897,1712368409.3282876,143739.08667337,19160.0,-1.532688558597903e-09,19350.0,ASK
898,1712368409.3335128,143739.34782219,19150.0,-5.395119173980429e-12,19350.0,ASK
899,1712368409.3374896,143863.48265247,19150.0,-2.5645231827037704e-09,19350.0,ASK
900,1712368409.3415265,143865.58818899,19160.0,-4.3498647441291305e-11,19350.0,ASK
901,1712368409.3455477,143873.24030387,19150.0,-1.5808638044803108e-10,19350.0,ASK
902,1712368409.3495624,143913.56787482,19160.0,-8.33134345695957e-10,19350.0,ASK
903,1712368409.3535943,143942.00425052,19150.0,-5.874720620330215e-10,19350.0,ASK
904,1712368409.3576443,144118.49717147,19140.0,-3.6461981406702955e-09,19350.0,ASK
905,1712368410.9200692,144118.49717147,19140.0,-0.0,19350.0,ASK
906,1712368411.7888074,144128.49717147,19160.0,2.0651035756150223e-10,19350.0,BID
907,1712368411.9288008,144131.62217147,19160.0,6.453448673796947e-11,19350.0,BID
908,1712368412.4963892,144355.52471507,19160.0,-4.623819433776758e-09,19350.0,ASK
909,1712368412.5018392,144391.79499378,19150.0,-7.490188225257201e-10,19350.0,ASK
1109,1712368412.5018392,144391.79499378,19150.0,-7.4901882252572e-10,19350.0,ASK
910,1712368427.378837,144573.76392038,19150.0,-3.757846809724999e-09,19350.0,ASK
911,1712368427.386009,144589.48475078,19150.0,-3.2465143070635235e-10,19350.0,ASK
912,1712368427.4987123,144597.97665078,19150.0,1.7536653053812138e-10,19350.0,BID
913,1712368427.578817,144743.34777158,19150.0,3.0020642135524804e-09,19350.0,BID
1113,1712368427.578817,144743.34777158,19150.0,3.00206421355248e-09,19350.0,BID
914,1712368427.5868068,145053.83073436,19150.0,6.411794766045071e-09,19350.0,BID
915,1712368430.2890844,145054.39680485,19150.0,-1.1689941929343894e-11,19350.0,ASK
916,1712368430.29882,145173.10141843,19150.0,-2.451373219460372e-09,19350.0,ASK
917,1712368433.3589106,145173.36224263,19170.0,5.386289880844516e-12,19350.0,BID
918,1712368434.1288366,145175.46922946,19150.0,-4.351146036369397e-11,19350.0,ASK
919,1712368434.2888975,145198.29772946,19170.0,4.714321697593428e-10,19350.0,BID
920,1712368434.2970464,145222.38246604,19170.0,4.973747562910394e-10,19350.0,BID
921,1712368440.5587485,145222.38246604,19170.0,0.0,19350.0,BID
922,1712368450.7987704,145224.22797464,19150.0,3.80950314510624e-11,19350.0,BID
923,1712368450.998972,145264.81828184,19150.0,8.37866065424989e-10,19350.0,BID
924,1712368451.005507,145597.06695636,19150.0,6.858284868134477e-09,19350.0,BID
925,1712368459.1889412,145601.22394069,19150.0,-8.580856723827216e-11,19350.0,ASK
926,1712368466.1390214,145609.27504069,19150.0,1.661909934830831e-10,19350.0,BID
927,1712368469.0988731,145616.76857851,19150.0,1.5468178199345406e-10,19350.0,BID
928,1712368469.5789514,145632.47287851,19150.0,3.241685259094827e-10,19350.0,BID
929,1712368470.6087425,145632.47287851,19150.0,0.0,19350.0,BID
930,1712368472.478837,145661.03346814,19140.0,-5.894528013318229e-10,19350.0,ASK
931,1712368473.6690423,145687.53210875,19140.0,-5.468969002878075e-10,19350.0,ASK
932,1712368481.3588758,145786.91809048,19140.0,-2.0511952345097715e-09,19350.0,ASK
933,1712368487.4888763,145942.58486124,19140.0,-3.212756294160725e-09,19350.0,ASK
934,1712368487.711253,146011.18309925,19150.0,1.4157769179571023e-09,19350.0,BID
935,1712368499.539069,146013.53064365,19140.0,-4.845021201486039e-11,19350.0,ASK
936,1712368499.5471127,146172.8138924,19140.0,-3.287395617430152e-09,19350.0,ASK
937,1712368500.6288624,146172.8138924,19140.0,-0.0,19350.0,ASK
938,1712368501.5689387,146183.4308924,19140.0,2.191661165924777e-10,19350.0,BID
939,1712368503.6020253,146194.8328924,19140.0,2.353708261644742e-10,19350.0,BID
940,1712368505.4389515,146217.82412355,19140.0,4.74606654123097e-10,19350.0,BID
941,1712368509.264047,146218.86905563,19130.0,-2.1570472456975216e-11,19350.0,ASK
942,1712368509.270984,146219.86905563,19130.0,-2.064294212984001e-11,19350.0,ASK
943,1712368509.2744012,146251.23321816,19140.0,-6.474485920575485e-10,19350.0,ASK
944,1712368509.2779014,146279.01465385,19130.0,-5.73490569232651e-10,19350.0,ASK
945,1712368525.98894,146279.27575045,19150.0,5.389802004233552e-12,19350.0,BID
946,1712368530.7378068,146279.27575045,19150.0,0.0,19350.0,BID
947,1712368533.2190602,146279.70150883,19150.0,8.788535974977485e-12,19350.0,BID
948,1712368556.1089928,146540.11139007,19150.0,-5.375400032016747e-09,19350.0,ASK
949,1712368556.1169133,146545.33332218,19150.0,-1.0779150889979212e-10,19350.0,ASK
950,1712368559.1290736,146571.28996447,19150.0,5.357989302568025e-10,19350.0,BID
951,1712368560.8992772,146571.28996447,19150.0,0.0,19350.0,BID
952,1712368590.8784156,146571.28996447,19150.0,0.0,19350.0,BID
953,1712368591.1486008,146573.39875325,19140.0,-4.3524749843858936e-11,19350.0,ASK
954,1712368591.1538627,146573.8915824,19140.0,-1.0171841615485549e-11,19350.0,ASK
955,1712368591.157446,146601.3120823,19130.0,-5.65950658530603e-10,19350.0,ASK
956,1712368593.3384588,146616.32314122,19140.0,-3.098236250982934e-10,19350.0,ASK
957,1712368599.6687703,146648.27151545,19150.0,6.594045878233425e-10,19350.0,BID
958,1712368599.6818788,146669.04408603,19150.0,4.2873944829590567e-10,19350.0,BID
959,1712368599.688261,146675.69627233,19150.0,1.3729907298916942e-10,19350.0,BID
960,1712368599.788467,146694.92370175,19150.0,3.968482114398738e-10,19350.0,BID
961,1712368599.79574,146697.27737417,19150.0,4.857907262523999e-11,19350.0,BID
1161,1712368599.79574,146697.27737417,19150.0,4.8579072625239985e-11,19350.0,BID
962,1712368620.5784075,146697.27737417,19150.0,0.0,19350.0,BID
963,1712368634.5086205,146718.45352781,19150.0,4.3704752123004784e-10,19350.0,BID
964,1712368650.618391,146718.45352781,19150.0,0.0,19350.0,BID
965,1712368666.01879,146728.9028486,19140.0,-2.1565821658177878e-10,19350.0,ASK
966,1712368666.0270853,146779.63442633,19130.0,-1.0470232273943615e-09,19350.0,ASK
967,1712368666.0343506,146781.74321487,19140.0,-4.352221400974574e-11,19350.0,ASK
968,1712368667.7286046,146813.3880584,19130.0,-6.53101828993543e-10,19350.0,ASK
969,1712368680.8786242,146813.3880584,19130.0,-0.0,19350.0,ASK
970,1712368681.438516,146869.14946903,19130.0,-1.1507882538486923e-09,19350.0,ASK
971,1712368688.628831,146941.1926582,19130.0,-1.486807003803294e-09,19350.0,ASK
972,1712368688.6368651,146972.94671252,19130.0,-6.55331210432028e-10,19350.0,ASK
973,1712368688.908639,146978.96763187,19130.0,1.2425803413283446e-10,19350.0,BID
974,1712368688.9684064,146985.14351517,19130.0,1.2745613639386819e-10,19350.0,BID
975,1712368689.1084588,146995.29351517,19130.0,2.0947283514875547e-10,19350.0,BID
976,1712368689.411854,147040.94053657,19130.0,9.420503437204395e-10,19350.0,BID
1177,1712368708.6435113,147140.94053657,19150.0,2.0637717748657692e-09,19350.0,BID
977,1712368708.6435113,147140.94053657,19150.0,2.063771774865769e-09,19350.0,BID
978,1712368709.4785192,147167.42528777,19130.0,-5.465848199086785e-10,19350.0,ASK
979,1712368710.868328,147167.42528777,19130.0,-0.0,19350.0,ASK
980,1712368722.748502,147193.21445188,19130.0,-5.321550866067371e-10,19350.0,ASK
981,1712368722.758329,147382.2672234,19130.0,-3.901072309763947e-09,19350.0,ASK
982,1712368722.8885362,147533.3426234,19130.0,3.117415602469085e-09,19350.0,BID
983,1712368722.8984532,147533.34269498,19130.0,1.4770412804312176e-15,19350.0,BID
984,1712368722.9087694,147559.6197656,19150.0,5.422229558082212e-10,19350.0,BID
985,1712368722.948569,147576.69423998,19150.0,3.5232892208908564e-10,19350.0,BID
986,1712368723.0686033,147585.8455707,19150.0,-1.8883617829210588e-10,19350.0,ASK
987,1712368735.2586367,147586.11309344,19130.0,-5.520286980548838e-12,19350.0,ASK
988,1712368740.6016672,147586.11309344,19130.0,-0.0,19350.0,ASK
989,1712368757.438404,147586.6350141,19160.0,1.0767965590903655e-11,19350.0,BID
990,1712368759.2886295,147586.99670512,19160.0,7.462200208586278e-12,19350.0,BID
991,1712368770.6001616,147586.99670512,19160.0,0.0,19350.0,BID
992,1712368787.4587266,147639.18877193,19160.0,1.0767961997150858e-09,19350.0,BID
993,1712368787.4671445,148028.47709214,19160.0,8.031568960883448e-09,19350.0,BID
994,1712368787.5986445,148630.792396,19160.0,-1.2426617106152567e-08,19350.0,ASK
995,1712368800.7389903,148630.792396,19160.0,-0.0,19350.0,ASK
996,1712368828.6894977,148631.32475508,19160.0,-1.1003940798418592e-11,19350.0,ASK
997,1712368830.5897508,148631.32475508,19160.0,-0.0,19350.0,ASK
998,1712368849.549933,148664.14796163,19150.0,-6.784603834547523e-10,19350.0,ASK
999,1712368860.9498782,148664.14796163,19150.0,-0.0,19350.0,ASK
1000,1712368868.4701607,148693.34067097,19150.0,-6.034096460089522e-10,19350.0,ASK
1201,1712368875.8103244,148698.52201812,19150.0,-1.0709779668683403e-10,19350.0,ASK
1202,1712368875.870344,148707.67334883,19160.0,1.891568596769967e-10,19350.0,BID
1203,1712368875.891641,148750.10916463,19160.0,8.77142997991151e-10,19350.0,BID
1204,1712368875.8953576,148792.54498043,19160.0,8.77142997990549e-10,19350.0,BID
1205,1712368875.9504952,148812.78603029,19160.0,4.1837996564929274e-10,19350.0,BID
1206,1712368875.962171,148948.86762922,19160.0,2.812789607236973e-09,19350.0,BID
1207,1712368876.0542097,148952.80542014,19160.0,8.139364515358475e-11,19350.0,BID
1208,1712368876.0669909,148995.24123594,19160.0,8.77142997990549e-10,19350.0,BID
1209,1712368886.5407906,149048.81060997,19160.0,-1.1072722522560515e-09,19350.0,ASK
1210,1712368890.9205525,149048.81060997,19160.0,-0.0,19350.0,ASK
1211,1712368900.0826583,149124.74233633,19170.0,1.5692602246592091e-09,19350.0,BID
1212,1712368911.3310804,149169.33965165,19170.0,9.216805202932191e-10,19350.0,BID
1213,1712368918.7238362,149169.86130005,19170.0,1.078076483461176e-11,19350.0,BID
1214,1712368920.6328125,149169.86130005,19170.0,0.0,19350.0,BID
1215,1712368934.3614707,149234.73557854,19160.0,-1.3406746771833527e-09,19350.0,ASK
1216,1712368940.341606,149249.73425501,19160.0,-3.0995868012109376e-10,19350.0,ASK
1217,1712368940.3443272,149279.89559757,19140.0,-6.233063263471026e-10,19350.0,ASK
1218,1712368940.3470109,149282.0031053,19150.0,-4.3553197220366736e-11,19350.0,ASK
1219,1712368950.5616343,149282.0031053,19150.0,-0.0,19350.0,ASK
1220,1712368964.041936,149293.63314025,19160.0,2.4033255719687776e-10,19350.0,BID
1221,1712368964.961961,149332.0031053,19160.0,7.929083497760474e-10,19350.0,BID
1222,1712368965.1219344,149341.71770851,19170.0,2.0075050863132928e-10,19350.0,BID
1223,1712368965.8019853,149341.97853271,19170.0,5.389884659343949e-12,19350.0,BID
1224,1712368980.8920202,149341.97853271,19170.0,0.0,19350.0,BID
1225,1712368994.760417,149347.20200339,19170.0,1.0793950824618887e-10,19350.0,BID
1226,1712369001.5625668,149347.46557332,19160.0,-5.446495323518288e-12,19350.0,ASK
1227,1712369001.564999,149655.81906414,19160.0,-6.371917486297709e-09,19350.0,ASK
1228,1712369003.372452,149787.83771501,19160.0,-2.728076623225584e-09,19350.0,ASK
1229,1712369010.9127066,149787.83771501,19160.0,-0.0,19350.0,ASK
1230,1712369036.6932204,149791.81375296,19150.0,-8.214764843700344e-11,19350.0,ASK
1231,1712369040.5735104,149791.81375296,19150.0,-0.0,19350.0,ASK
1232,1712369052.0334132,149792.74880371,19150.0,-1.9318754099703768e-11,19350.0,ASK
1233,1712369069.514007,149818.74984375,19150.0,-5.371983273272117e-10,19350.0,ASK
1234,1712369071.0951138,149818.74984375,19150.0,-0.0,19350.0,ASK
1235,1712369077.1537156,149820.856999,19150.0,-4.3534728244233825e-11,19350.0,ASK
1236,1712369077.157292,149849.43202053,19150.0,-5.903721602271802e-10,19350.0,ASK
1237,1712369077.953538,149914.8799262,19150.0,-1.3521817091970264e-09,19350.0,ASK
1238,1712369078.9736536,149986.37417198,19150.0,-1.47710168059424e-09,19350.0,ASK
1239,1712369078.977179,149996.18733501,19150.0,-2.0274414318870472e-10,19350.0,ASK
1240,1712369082.833527,149998.80513605,19140.0,-5.408488855941933e-11,19350.0,ASK
1241,1712369100.8881016,149998.80513605,19140.0,-0.0,19350.0,ASK
1242,1712369105.0439093,149999.32732926,19150.0,1.0811938272297463e-11,19350.0,BID
1243,1712369130.8843293,149999.32732926,19150.0,0.0,19350.0,BID
1244,1712369138.9143157,150004.54926137,19150.0,1.0811936054490427e-10,19350.0,BID
1245,1712369147.1849232,150007.54926137,19150.0,6.21145726911448e-11,19350.0,BID
1246,1712369153.5353093,150051.18858288,19150.0,9.035459360413287e-10,19350.0,BID
1247,1712369153.537689,150059.76856137,19150.0,1.7764723253550867e-10,19350.0,BID
1248,1712369155.2585015,150063.34179279,19150.0,7.398324759297923e-11,19350.0,BID
1249,1712369160.594604,150063.34179279,19150.0,0.0,19350.0,BID
1250,1712369172.054843,150105.77759862,19160.0,8.78605014903943e-10,19350.0,BID
1251,1712369172.07001,150140.64921028,19160.0,7.21993427083138e-10,19350.0,BID
1252,1712369172.0721776,150148.21340445,19160.0,1.566115878202022e-10,19350.0,BID
1253,1712369185.9850743,150156.38295989,19160.0,1.6914518856700542e-10,19350.0,BID
1254,1712369186.0849452,150389.69202579,19160.0,4.830508371711741e-09,19350.0,BID
1255,1712369190.586351,150389.69202579,19160.0,0.0,19350.0,BID
1256,1712369208.915097,150405.34964584,19150.0,-3.2413860122661853e-10,19350.0,ASK
1257,1712369220.9053044,150405.34964584,19150.0,-0.0,19350.0,ASK
1258,1712369222.1854594,150415.79351007,19150.0,-2.1620390066092208e-10,19350.0,ASK
1259,1712369241.9475608,150417.89996181,19150.0,-4.360676017139772e-11,19350.0,ASK
1260,1712369241.9505994,150453.27422869,19140.0,-7.323012166796949e-10,19350.0,ASK
1261,1712369241.9536405,150547.87506453,19150.0,-1.958381425107657e-09,19350.0,ASK
1262,1712369241.9566207,150617.05574851,19140.0,-1.4321455543140547e-09,19350.0,ASK
1263,1712369241.9595983,150617.10913877,19130.0,-1.105259721410106e-12,19350.0,ASK
1264,1712369241.961347,150618.12917863,19120.0,-2.1116379120565598e-11,19350.0,ASK
1265,1712369241.9626966,150667.83927272,19130.0,-1.0290746803848946e-09,19350.0,ASK
1266,1712369241.964094,150685.84612418,19120.0,-3.7276925844051025e-10,19350.0,ASK
1267,1712369241.965655,150714.46032418,19130.0,-5.923575333842584e-10,19350.0,ASK
1268,1712369241.9670436,150794.08931768,19120.0,-1.648441479250099e-09,19350.0,ASK
1269,1712369241.9684358,150819.10963553,19130.0,-5.179586976445034e-10,19350.0,ASK
1270,1712369241.9698286,150886.8620217,19110.0,-1.402577613652877e-09,19350.0,ASK
1271,1712369241.971255,150947.42562064,19120.0,-1.253758765961638e-09,19350.0,ASK
1272,1712369250.7974606,150960.42614066,19130.0,-2.6913057054817154e-10,19350.0,ASK
1273,1712369250.9054554,150960.42614066,19130.0,-0.0,19350.0,ASK
1274,1712369252.6256082,150972.92614066,19130.0,-2.587121718141694e-10,19350.0,ASK
1275,1712369272.2258515,150974.81896301,19130.0,-3.917569448209e-11,19350.0,ASK
1276,1712369280.627422,150974.81896301,19130.0,-0.0,19350.0,ASK
1277,1712369310.579697,150974.81896301,19130.0,-0.0,19350.0,ASK
1278,1712369340.8863115,150974.81896301,19130.0,-0.0,19350.0,ASK
1279,1712369348.916494,150982.82816785,19140.0,-1.6576535766318587e-10,19350.0,ASK
1280,1712369355.8066242,150996.81471769,19160.0,2.89477605207646e-10,19350.0,BID
1281,1712369370.92672,150996.81471769,19160.0,0.0,19350.0,BID
1282,1712369372.7467678,151012.92514284,19160.0,-3.334322389981963e-10,19350.0,ASK
1283,1712369380.721338,151055.36094867,19160.0,-8.782800962639682e-10,19350.0,ASK
1284,1712369380.72307,151097.7967545,19160.0,-8.782800962645705e-10,19350.0,ASK
1285,1712369398.6985588,151110.2967545,19170.0,2.5870844181162497e-10,19350.0,BID
1286,1712369400.692876,151110.2967545,19170.0,0.0,19350.0,BID
1287,1712369407.0270371,151110.8184029,19170.0,1.082390125064386e-11,19350.0,BID
1288,1712369410.1770227,151111.86169971,19170.0,2.164780270842116e-11,19350.0,BID
1289,1712369410.497043,151216.1913815,19170.0,2.1647802872805394e-09,19350.0,BID
1290,1712369413.95731,151216.32888323,19160.0,-2.8530810165168658e-12,19350.0,ASK
1291,1712369413.9612963,151218.71633625,19160.0,-4.953826318539725e-11,19350.0,ASK
1292,1712369413.9643986,151226.1913815,19150.0,-1.5510284634282212e-10,19350.0,ASK
1293,1712369430.4265306,151230.50664559,19160.0,-8.953922293459944e-11,19350.0,ASK
1294,1712369430.5578752,151230.50664559,19160.0,-0.0,19350.0,ASK
1295,1712369435.337464,151234.91232078,19150.0,-9.141083029793691e-11,19350.0,ASK
1296,1712369435.34095,151237.98170081,19150.0,-6.368480765017454e-11,19350.0,ASK
1297,1712369435.4601834,151247.84310406,19150.0,-2.0460860597208776e-10,19350.0,ASK
1298,1712369441.7873912,151267.99313016,19150.0,4.1808134664932205e-10,19350.0,BID
1299,1712369457.967571,151294.10279073,19150.0,5.417343877118971e-10,19350.0,BID
1300,1712369460.8973348,151294.10279073,19150.0,0.0,19350.0,BID
1301,1712369475.0775368,151297.53197515,19140.0,-7.11483849545125e-11,19350.0,ASK
1302,1712369478.1779077,151319.01594572,19150.0,4.4574733267435095e-10,19350.0,BID
1303,1712369478.18135,151454.18993859,19150.0,2.80457686219703e-09,19350.0,BID
1304,1712369488.797537,151456.696466,19150.0,5.2005187013482014e-11,19350.0,BID
1305,1712369490.887676,151456.696466,19150.0,0.0,19350.0,BID
1306,1712369505.8377771,151506.39055904,19130.0,-1.030981608198482e-09,19350.0,ASK
1307,1712369505.847724,151506.91329819,19130.0,-1.0845040457424327e-11,19350.0,ASK
1308,1712369505.8503137,151528.30576998,19140.0,-4.4382025347878525e-10,19350.0,ASK
1309,1712369505.8529143,151564.20710953,19120.0,-7.448293855752985e-10,19350.0,ASK
1310,1712369514.2307117,151688.89952263,19120.0,-2.5869389443224422e-09,19350.0,ASK
1311,1712369516.7178328,151715.45590677,19120.0,-5.509536839022649e-10,19350.0,ASK
1312,1712369520.6296628,151715.45590677,19120.0,-0.0,19350.0,ASK
1313,1712369523.347833,151716.86575011,19150.0,2.924640049028387e-11,19350.0,BID
1314,1712369523.50785,151795.31763295,19120.0,-1.627439815207009e-09,19350.0,ASK
1315,1712369531.5979033,151845.31763295,19120.0,-1.037221642294011e-09,19350.0,ASK
1316,1712369535.4585922,151847.42756136,19120.0,-4.376926821097442e-11,19350.0,ASK
1317,1712369535.462036,152065.29447671,19120.0,-4.5195255948170255e-09,19350.0,ASK
1318,1712369535.469242,152097.91907399,19120.0,-6.767787673987476e-10,19350.0,ASK
1319,1712369535.470801,152099.18985327,19120.0,-2.636159543633349e-11,19350.0,ASK
1320,1712369550.8264606,152099.18985327,19120.0,-0.0,19350.0,ASK
1321,1712369551.7781878,152103.71760972,19120.0,9.391144604976344e-11,19350.0,BID
1322,1712369551.7817235,152112.21289195,19120.0,1.7620299316672783e-10,19350.0,BID
1323,1712369562.8463752,152124.86861068,19110.0,-2.624957547642352e-10,19350.0,ASK
1324,1712369563.6702726,152129.44864225,19120.0,9.499569874038386e-11,19350.0,BID
1325,1712369563.680396,152167.30441651,19120.0,7.851770609456572e-10,19350.0,BID
1326,1712369563.6880262,152209.74023231,19120.0,8.80172966476809e-10,19350.0,BID
1327,1712369565.9481373,152221.13037917,19110.0,-2.3624617935065167e-10,19350.0,ASK
1328,1712369567.1402848,152252.31374833,19120.0,6.46782865389916e-10,19350.0,BID
1329,1712369567.141977,152252.84907917,19120.0,1.110344468731378e-11,19350.0,BID
1330,1712369576.7882717,152252.84908023,19120.0,2.1985557747137872e-17,19350.0,BID
1331,1712369580.8724182,152252.84908023,19120.0,0.0,19350.0,BID
1332,1712369581.928254,152253.11907917,19120.0,-5.599781319171177e-12,19350.0,ASK
1333,1712369584.381942,152262.75434338,19120.0,1.9983549760835576e-10,19350.0,BID
1334,1712369584.8983326,152271.2883028,19120.0,-1.7699442278915068e-10,19350.0,ASK
1335,1712369587.9786158,152300.19020887,19120.0,-5.994258855229632e-10,19350.0,ASK
1336,1712369587.9829836,152304.36008704,19100.0,-8.648332426689969e-11,19350.0,ASK
1337,1712369587.9871695,152318.15462043,19110.0,-2.8609879129269673e-10,19350.0,ASK
1338,1712369587.989316,152318.42163613,19100.0,-5.537908885002475e-12,19350.0,ASK
1339,1712369591.8884056,152380.45779751,19100.0,-1.2866307460697388e-09,19350.0,ASK
1340,1712369591.8918147,152426.28791934,19100.0,-9.50517287512115e-10,19350.0,ASK
1341,1712369595.50847,152468.22763965,19100.0,-8.69830312386398e-10,19350.0,ASK
1342,1712369598.4785552,152468.48947211,19100.0,-5.430408424162736e-12,19350.0,ASK
1343,1712369598.4823182,152559.58133812,19100.0,-1.889246415609535e-09,19350.0,ASK
1344,1712369598.6185527,152585.75934859,19100.0,-5.429322574509704e-10,19350.0,ASK
1345,1712369598.622168,152794.92836232,19100.0,-4.3381679040642215e-09,19350.0,ASK
1346,1712369598.625317,153009.16265441,19100.0,-4.4432218392274284e-09,19350.0,ASK
1347,1712369601.350553,153019.63934377,19090.0,-2.172866655145268e-10,19350.0,ASK
1348,1712369601.3545084,154014.45292093,19090.0,-2.0632445762419933e-08,19350.0,ASK
1349,1712369602.9286635,154016.49617505,19090.0,-4.237711544947867e-11,19350.0,ASK
1350,1712369602.9384096,154240.05349814,19090.0,-4.6365816162402705e-09,19350.0,ASK
1351,1712369602.941285,154264.27404032,19090.0,-5.0233434116504e-10,19350.0,ASK
1352,1712369604.218474,154339.92404032,19090.0,1.568981925622132e-09,19350.0,BID
1353,1712369606.9486256,154450.08190687,19080.0,-2.2846755000923856e-09,19350.0,ASK
1354,1712369606.952359,154512.34401378,19080.0,-1.2913168591263812e-09,19350.0,ASK
1355,1712369607.1384652,154518.95451378,19080.0,1.3710185088290275e-10,19350.0,BID
1356,1712369607.168343,154521.06921419,19080.0,4.3858912378407785e-11,19350.0,BID
1357,1712369607.4284704,155005.55753246,19080.0,1.0048293648915207e-08,19350.0,BID
1358,1712369609.2384017,155072.95040764,19090.0,1.3977290558240867e-09,19350.0,BID
1359,1712369609.4445646,155150.49858633,19090.0,1.6083501748779815e-09,19350.0,BID
1360,1712369609.6227963,155171.62862982,19090.0,4.3823736052102727e-10,19350.0,BID
1361,1712369609.678379,155179.98833336,19090.0,1.7338035370515624e-10,19350.0,BID
1362,1712369609.6983232,155220.55837113,19090.0,8.414230797477074e-10,19350.0,BID
1363,1712369610.9085524,155220.55837113,19090.0,0.0,19350.0,BID
1364,1712369612.9310884,155336.46760041,19080.0,-2.401137408072621e-09,19350.0,ASK
1365,1712369612.9383264,155338.58194802,19080.0,-4.3800128528193785e-11,19350.0,ASK
1366,1712369617.0886638,155338.84419238,19070.0,-5.4325677666715684e-12,19350.0,ASK
1367,1712369617.092497,155356.00488807,19070.0,-3.5549531841209767e-10,19350.0,ASK
1368,1712369617.0963297,155387.07431328,19070.0,-6.436239769902608e-10,19350.0,ASK
1369,1712369617.110039,155424.30431328,19080.0,7.71244414770697e-10,19350.0,BID
1370,1712369618.008527,155431.74357887,19080.0,1.5410937513487186e-10,19350.0,BID
1371,1712369618.1685846,155540.11187816,19070.0,-2.244921986720361e-09,19350.0,ASK
1372,1712369618.2886157,155558.35187816,19070.0,3.7785383092684326e-10,19350.0,BID
1373,1712369618.2984936,155559.07838916,19070.0,1.5050162530450595e-11,19350.0,BID
1374,1712369618.3684857,155641.35273754,19070.0,1.704368296184992e-09,19350.0,BID
1375,1712369618.898456,155663.22939442,19070.0,-4.5318961677526996e-10,19350.0,ASK
1376,1712369618.900456,155738.35273754,19070.0,-1.5562304270801304e-09,19350.0,ASK
1377,1712369621.268782,155753.35273754,19070.0,3.1073505832815473e-10,19350.0,BID
1378,1712369622.7885444,155768.35273754,19070.0,3.1073505832815473e-10,19350.0,BID
1379,1712369622.9684746,155780.78552348,19070.0,2.5755349761664216e-10,19350.0,BID
1380,1712369624.2878897,155791.41552348,19070.0,2.2020757800198207e-10,19350.0,BID
1381,1712369624.6595523,155800.7129974,19070.0,1.9260340672207638e-10,19350.0,BID
1382,1712369624.958476,155811.62399739,19070.0,2.2602868122095367e-10,19350.0,BID
1383,1712369624.9785008,155826.14279997,19070.0,3.0076673110315024e-10,19350.0,BID
1384,1712369625.7926729,155856.64279997,19070.0,6.31827951933914e-10,19350.0,BID
1385,1712369625.888623,155871.73722193,19070.0,3.1269107254481634e-10,19350.0,BID
1386,1712369626.15003,155997.45398461,19080.0,2.6043070389465922e-09,19350.0,BID
1387,1712369626.1519125,156122.84310979,19080.0,2.597519808434785e-09,19350.0,BID
1388,1712369627.1487565,156123.11068586,19060.0,-5.543017714736064e-12,19350.0,ASK
1389,1712369627.1528623,156129.1618936,19060.0,-1.2535482600248645e-10,19350.0,ASK
1390,1712369627.1569,156417.3300275,19060.0,-5.969596126382259e-09,19350.0,ASK
1391,1712369627.248568,156717.63032779,19060.0,6.2209220884382285e-09,19350.0,BID
1392,1712369627.2841225,156951.18893992,19060.0,4.8383232642172335e-09,19350.0,BID
1393,1712369627.2884655,157111.68893992,19060.0,3.3248651241112557e-09,19350.0,BID
1394,1712369627.2902796,157148.26783992,19060.0,7.57756441672443e-10,19350.0,BID
1395,1712369627.3086889,157523.66783992,19060.0,7.776662726425832e-09,19350.0,BID
1396,1712369627.3127797,157537.33374776,19060.0,2.830984446515469e-10,19350.0,BID
1397,1712369627.3485694,157589.72574776,19060.0,1.085335411728424e-09,19350.0,BID
1398,1712369627.3684807,157625.21478024,19060.0,7.351791051786853e-10,19350.0,BID
1399,1712369627.3885958,158035.47855358,19060.0,8.498889169249005e-09,19350.0,BID
1400,1712369627.428744,158094.89067494,19060.0,1.230761933079654e-09,19350.0,BID
1401,1712369627.432857,158097.79459297,19060.0,6.01566092288648e-11,19350.0,BID
1402,1712369627.4885702,158121.48459297,19060.0,4.907542354529806e-10,19350.0,BID
1403,1712369627.5284128,158217.68044804,19060.0,1.992761642406729e-09,19350.0,BID
1404,1712369627.5685406,158294.43310718,19060.0,1.589982800980782e-09,19350.0,BID
1405,1712369627.5704818,158318.55254148,19060.0,4.9965025493674e-10,19350.0,BID
1406,1712369627.6085827,158365.84712973,19060.0,9.797391092317508e-10,19350.0,BID
1407,1712369627.6285937,158421.97821908,19060.0,1.162793154879173e-09,19350.0,BID
1408,1712369634.2386243,158433.91764203,19080.0,2.4733315245158077e-10,19350.0,BID
1409,1712369636.1056142,158461.32280189,19080.0,5.677162631727449e-10,19350.0,BID
1410,1712369636.1075623,158505.03146705,19080.0,9.054543078624886e-10,19350.0,BID
1411,1712369636.6685667,158563.17060353,19080.0,1.204391197683942e-09,19350.0,BID
1412,1712369636.775268,158606.18193249,19080.0,8.910085208773891e-10,19350.0,BID
1413,1712369637.808669,158617.4002636,19080.0,2.3239525145390926e-10,19350.0,BID
1414,1712369638.4084165,158640.96580375,19080.0,4.88175966203223e-10,19350.0,BID
1415,1712369638.410344,158649.4197336,19080.0,1.7512882566920202e-10,19350.0,BID
1416,1712369638.4137657,158681.89066217,19080.0,6.72657058877756e-10,19350.0,BID
1417,1712369640.6586628,158681.89066217,19080.0,0.0,19350.0,BID
1418,1712369643.3085618,158696.38522681,19080.0,2.998547147238799e-10,19350.0,BID
1419,1712369661.208827,158703.89075627,19060.0,-1.5526981671926122e-10,19350.0,ASK
1420,1712369670.109179,158704.41486528,19080.0,1.0842447605819804e-11,19350.0,BID
1421,1712369670.6124434,158704.41486528,19080.0,0.0,19350.0,BID
1422,1712369670.7887762,158717.42476528,19070.0,2.6913848599529043e-10,19350.0,BID
1423,1712369672.1927614,158725.52476528,19060.0,-1.6756637149822988e-10,19350.0,ASK
1424,1712369672.198604,158867.42476528,19060.0,-2.935514582181614e-09,19350.0,ASK
1425,1712369672.5188048,158867.42481842,19070.0,1.0993178466996837e-15,19350.0,BID
1426,1712369676.8689897,158867.94947739,19080.0,1.0853728380121396e-11,19350.0,BID
1427,1712369678.1609623,158871.34052166,19070.0,-7.015123258184343e-11,19350.0,ASK
1428,1712369681.2888994,159010.16843316,19070.0,-2.871961653432092e-09,19350.0,ASK
1429,1712369681.3734136,159030.79843316,19070.0,4.2677706716286415e-10,19350.0,BID
1430,1712369682.3790205,159058.19943316,19070.0,5.66850141412136e-10,19350.0,BID
1431,1712369686.178928,159066.19908928,19070.0,1.6549053694630032e-10,19350.0,BID
1432,1712369686.182279,159066.19943316,19070.0,7.113916624703234e-15,19350.0,BID
1433,1712369691.4191227,159068.45090921,19070.0,4.6576749655649636e-11,19350.0,BID
1434,1712369691.4235458,159081.19943316,19070.0,2.637313457123348e-10,19350.0,BID
1435,1712369691.8843982,159113.45343316,19070.0,6.672451538663138e-10,19350.0,BID
1436,1712369693.2889822,159133.45343316,19070.0,4.1374412715731256e-10,19350.0,BID
1437,1712369697.779033,159319.10127874,19070.0,3.8405352914068344e-09,19350.0,BID
