,time,acc_trade_volume,trade_price,dev,high,ask_bid
13013,1712363612.8813374,4694696.00679556,703.4,6.234847589693186e-10,731.9,BID
13014,1712363614.1177394,4695728.63964057,703.3,-1.2279039229278132e-08,731.9,ASK
13015,1712363615.329793,4695757.07296442,703.4,3.3810071087629737e-10,731.9,BID
13016,1712363616.5389557,4699715.2191353,703.4,4.7066324049575446e-08,731.9,BID
13017,1712363617.742353,4708805.05126014,703.4,1.0808721201136241e-07,731.9,BID
13018,1712363618.9362552,4715977.26581821,703.5,8.528481768224447e-08,731.9,BID
13019,1712363620.1524446,4720683.56613503,705.0,5.5962626498147424e-08,731.9,BID
13020,1712363621.3640244,4721373.15808741,705.8,8.199939287604806e-09,731.9,BID
13021,1712363622.5709343,4721401.49472668,705.8,3.3695103434489505e-10,731.9,BID
13022,1712363623.7739537,4721401.49472668,705.8,0.0,731.9,BID
13023,1712363624.97706,4734942.5780159,705.8,1.6101704852676532e-07,731.9,BID
13024,1712363626.186424,4734942.5780159,705.8,0.0,731.9,BID
13025,1712363627.397678,4750050.67767774,705.7,1.796504433536976e-07,731.9,BID
13026,1712363628.611146,4750194.1497007,704.2,-1.7060261125170415e-09,731.9,ASK
13027,1712363629.8332572,4762098.42346418,707.8,1.415537431762239e-07,731.9,BID
13028,1712363631.0327363,4762098.42346418,707.8,0.0,731.9,BID
13029,1712363632.2445571,4762224.48370928,704.3,-1.498982627098047e-09,731.9,ASK
13030,1712363633.4458933,4778690.83225219,705.5,1.958013835202625e-07,731.9,BID
13031,1712363634.6747582,4778690.83225219,705.5,0.0,731.9,BID
13032,1712363635.8877363,4779994.02069172,705.5,1.5496216345871863e-08,731.9,BID
13033,1712363637.1089206,4781842.83289653,703.1,-2.198422963218424e-08,731.9,ASK
13034,1712363638.3237543,4811680.43755863,703.1,-3.54799016827886e-07,731.9,ASK
13035,1712363639.5313537,4812506.7329208,706.6,9.825479807366168e-09,731.9,BID
13036,1712363640.763478,4812528.19426219,703.4,-2.5494506909208717e-10,731.9,ASK
13037,1712363642.0078382,4831029.27909996,707.8,2.1977938222265358e-07,731.9,BID
13038,1712363643.21955,4834128.5650171,704.6,-3.6817254240677165e-08,731.9,ASK
13039,1712363644.4354331,4834128.5650171,704.6,-0.0,731.9,ASK
13040,1712363645.6576588,4834128.5650171,704.6,-0.0,731.9,ASK
13041,1712363646.8593152,4834128.5650171,704.6,-0.0,731.9,ASK
13042,1712363648.0742702,4834128.5650171,704.6,-0.0,731.9,ASK
13043,1712363649.279569,4834128.5650171,704.6,-0.0,731.9,ASK
13044,1712363650.5006435,4835111.85442316,705.5,-1.1680760350258578e-08,731.9,ASK
13045,1712363651.7096612,4835111.85442316,705.5,-0.0,731.9,ASK
13046,1712363652.9215791,4835111.85442316,705.5,-0.0,731.9,ASK
13047,1712363654.130864,4835111.85442316,705.5,-0.0,731.9,ASK
13048,1712363655.3670783,4835111.85442316,705.5,-0.0,731.9,ASK
13049,1712363656.6215675,4835111.85442316,705.5,-0.0,731.9,ASK
13050,1712363657.837669,4835111.85442316,705.5,-0.0,731.9,ASK
13051,1712363659.057397,4835111.85442316,705.5,-0.0,731.9,ASK
13052,1712363660.266539,4862109.35693103,710.6,3.2071062182369745e-07,731.9,BID
13053,1712363661.4974306,4863940.90025951,708.5,-2.1757397729756264e-08,731.9,ASK
13054,1712363662.7438123,4864101.46871314,710.7,1.907436015389714e-09,731.9,BID
13055,1712363663.9774308,4864101.46871314,710.7,0.0,731.9,BID
13056,1712363665.193477,4872198.6941247,710.7,-9.618912697686985e-08,731.9,ASK
13057,1712363666.431573,4881863.53667034,710.6,1.1481127418126797e-07,731.9,BID
13058,1712363667.6619554,4881872.65052339,713.2,1.0826592118480243e-10,731.9,BID
13059,1712363668.862268,4917014.89546052,710.7,4.174642162837932e-07,731.9,BID
13060,1712363670.1013706,4934614.86225013,710.7,2.0907475761977361e-07,731.9,BID
13061,1712363671.3689518,4942093.02335379,709.3,-8.873820382140823e-08,731.9,ASK
13062,1712363672.5882487,4942556.35225273,710.7,5.498005953680677e-09,731.9,BID
13063,1712363673.833712,4942556.35225273,710.7,0.0,731.9,BID
13064,1712363675.0744133,4942556.35225273,710.7,0.0,731.9,BID
13065,1712363676.3274794,4942556.35225273,710.7,0.0,731.9,BID
13066,1712363677.5812051,4942712.53629663,710.4,1.8533288236430326e-09,731.9,BID
13067,1712363678.808767,4942712.53629663,710.4,0.0,731.9,BID
13068,1712363680.040643,4957886.59866252,708.5,-1.8006018061900318e-07,731.9,ASK
13069,1712363681.2583215,4957886.59866252,708.5,-0.0,731.9,ASK
13070,1712363682.552345,4957886.59866252,708.5,-0.0,731.9,ASK
13071,1712363683.787242,4958043.26768157,708.5,-1.8590836907954781e-09,731.9,ASK
13072,1712363685.0420856,4958043.26768157,708.5,-0.0,731.9,ASK
13073,1712363686.2910852,4958043.26768157,708.5,-0.0,731.9,ASK
13074,1712363687.5480025,4958043.26768157,708.5,-0.0,731.9,ASK
13075,1712363688.79598,4958043.26768157,708.5,-0.0,731.9,ASK
13076,1712363690.025276,4959844.49793876,708.5,-2.1373962860142864e-08,731.9,ASK
13077,1712363691.25466,4959844.49793876,708.5,-0.0,731.9,ASK
13078,1712363692.4949777,4959844.49793876,708.5,-0.0,731.9,ASK
13079,1712363693.7368107,4959844.49793876,708.5,-0.0,731.9,ASK
13080,1712363694.9747272,4959844.49793876,708.5,-0.0,731.9,ASK
13081,1712363696.206911,4959844.49793876,708.5,-0.0,731.9,ASK
13082,1712363697.560448,4959844.49793876,708.5,-0.0,731.9,ASK
13083,1712363698.843128,4962864.96238994,707.4,-3.584177799713457e-08,731.9,ASK
13084,1712363700.1005182,4962864.96238994,707.4,-0.0,731.9,ASK
13085,1712363701.341082,4965026.6669679,708.5,-2.5651464147612324e-08,731.9,ASK
13086,1712363702.566784,4965026.6669679,708.5,-0.0,731.9,ASK
13087,1712363703.7799258,4965026.6669679,708.5,-0.0,731.9,ASK
13088,1712363704.9957986,4965026.6669679,708.5,-0.0,731.9,ASK
13089,1712363706.2161856,4965026.6669679,708.5,-0.0,731.9,ASK
13090,1712363707.4250908,4972069.28887656,709.4,-8.476464830072233e-08,731.9,ASK
13091,1712363708.639721,4972069.28887656,709.4,-0.0,731.9,ASK
13092,1712363709.8657036,4972069.28887656,709.4,-0.0,731.9,ASK
13093,1712363711.083182,4972069.28887656,709.4,-0.0,731.9,ASK
13094,1712363712.30088,4974946.09492725,708.5,-3.4625095068122646e-08,731.9,ASK
13095,1712363713.5086002,4974946.09492725,708.5,-0.0,731.9,ASK
13096,1712363714.7237294,4974946.09492725,708.5,-0.0,731.9,ASK
13097,1712363715.9338377,4974946.09492725,708.5,-0.0,731.9,ASK
13098,1712363717.1510122,4974946.09492725,708.5,-0.0,731.9,ASK
13099,1712363718.390147,4974946.09492725,708.5,-0.0,731.9,ASK
13100,1712363719.602098,4975651.21409238,708.5,8.486779329846467e-09,731.9,BID
13101,1712363720.8080246,4978884.67227494,707.4,-3.891774245366012e-08,731.9,ASK
13102,1712363722.0250828,4994193.69335896,706.6,-1.8425861914006804e-07,731.9,ASK
13103,1712363723.2360256,4994894.7589787,706.5,-8.437991058410998e-09,731.9,ASK
13104,1712363724.474072,4994894.7589787,706.5,-0.0,731.9,ASK
13105,1712363725.680174,4994894.7589787,706.5,-0.0,731.9,ASK
13106,1712363726.9001253,4994894.7589787,706.5,-0.0,731.9,ASK
13107,1712363728.1109796,4995170.01543991,705.8,-3.3129731269889903e-09,731.9,ASK
13108,1712363729.3424428,4995170.01543991,705.8,-0.0,731.9,ASK
13109,1712363730.5599432,4998274.35021564,705.8,3.7363619527677264e-08,731.9,BID
13110,1712363731.838648,4998721.08246908,705.8,5.375305148491674e-09,731.9,BID
13111,1712363733.056609,4998721.08246908,705.8,0.0,731.9,BID
13112,1712363734.3487737,4998721.08246908,705.8,0.0,731.9,BID
13113,1712363735.581288,4998721.08246908,705.8,0.0,731.9,BID
13114,1712363736.832997,5006049.59144873,705.2,-8.818027296163512e-08,731.9,ASK
13115,1712363738.0763743,5006049.59144873,705.2,-0.0,731.9,ASK
13116,1712363739.3264403,5006049.59144873,705.2,-0.0,731.9,ASK
13117,1712363740.5508182,5006049.59144873,705.2,-0.0,731.9,ASK
13118,1712363741.776278,5006049.59144873,705.2,-0.0,731.9,ASK
13119,1712363742.9908323,5011814.74765834,705.8,-6.936923317438242e-08,731.9,ASK
13120,1712363744.1979263,5011814.74765834,705.8,-0.0,731.9,ASK
13121,1712363745.404036,5011814.74765834,705.8,-0.0,731.9,ASK
13122,1712363746.619736,5011814.74765834,705.8,-0.0,731.9,ASK
13123,1712363747.8382852,5011814.74765834,705.8,-0.0,731.9,ASK
13124,1712363749.0394711,5011814.74765834,705.8,-0.0,731.9,ASK
13125,1712363750.272712,5011814.74765834,705.8,-0.0,731.9,ASK
13126,1712363751.5256748,5012361.66956571,705.3,-6.580837004430433e-09,731.9,ASK
13127,1712363752.7752588,5012672.22619546,705.5,3.7367721670858605e-09,731.9,BID
13128,1712363754.1139205,5012672.22619546,705.5,0.0,731.9,BID
13129,1712363755.3418589,5012672.22619546,705.5,0.0,731.9,BID
13130,1712363756.556712,5012840.2071255,705.8,-2.021230280863144e-09,731.9,ASK
13131,1712363757.7976696,5023601.40564998,705.0,-1.2948410459998666e-07,731.9,ASK
13132,1712363759.0143416,5024048.13790343,704.9,-5.375305148614942e-09,731.9,ASK
13133,1712363760.2345972,5024048.13790343,704.9,-0.0,731.9,ASK
13134,1712363761.521164,5024048.13790343,704.9,-0.0,731.9,ASK
13135,1712363762.7731483,5024048.13790343,704.9,-0.0,731.9,ASK
13136,1712363764.0007186,5024048.13790343,704.9,-0.0,731.9,ASK
13137,1712363765.301098,5024048.13790343,704.9,-0.0,731.9,ASK
13138,1712363766.530287,5025405.27143812,705.7,1.632619796571568e-08,731.9,BID
13139,1712363767.7519205,5036256.06467918,705.2,-1.3053409558479345e-07,731.9,ASK
13140,1712363768.970825,5036256.06467918,705.2,-0.0,731.9,ASK
13141,1712363770.1782176,5036256.06467918,705.2,-0.0,731.9,ASK
13142,1712363771.396178,5036256.06467918,705.2,-0.0,731.9,ASK
13143,1712363772.6172438,5036566.62130893,705.3,3.7359691491374694e-09,731.9,BID
13144,1712363773.820437,5036566.62130893,705.3,0.0,731.9,BID
13145,1712363775.0432773,5036566.62130893,705.3,0.0,731.9,BID
13146,1712363776.2698803,5036566.62130893,705.3,0.0,731.9,BID
13147,1712363777.4863763,5036566.62130893,705.3,0.0,731.9,BID
13148,1712363778.7015586,5047621.47141615,705.1,-1.329888818737096e-07,731.9,ASK
13149,1712363779.9066713,5050303.10231814,704.9,-3.2259785686344034e-08,731.9,ASK
13150,1712363781.1528308,5050303.10231814,704.9,-0.0,731.9,ASK
13151,1712363782.41236,5050303.10231814,704.9,-0.0,731.9,ASK
13152,1712363783.6570568,5050303.10231814,704.9,-0.0,731.9,ASK
13153,1712363784.898626,5050303.10231814,704.9,-0.0,731.9,ASK
13154,1712363786.129647,5050303.10231814,704.9,-0.0,731.9,ASK
13155,1712363787.3910663,5050303.10231814,704.9,-0.0,731.9,ASK
13156,1712363788.6219246,5050303.10231814,704.9,-0.0,731.9,ASK
13157,1712363789.9405334,5050357.08603209,704.9,-6.494193668818652e-10,731.9,ASK
13158,1712363791.1886818,5050357.08603209,704.9,-0.0,731.9,ASK
13159,1712363792.4658022,5075230.49877335,703.8,2.991582030172972e-07,731.9,BID
13160,1712363793.6822734,5079027.89345497,707.2,4.567213115939917e-08,731.9,BID
13161,1712363794.885293,5079027.89345497,707.2,0.0,731.9,BID
13162,1712363796.0964882,5079027.89345497,707.2,0.0,731.9,BID
13163,1712363797.306394,5079027.89345497,707.2,0.0,731.9,BID
13164,1712363798.5230615,5097682.95301091,705.8,2.2436865226291122e-07,731.9,BID
13165,1712363799.7392704,5097682.95301091,705.8,0.0,731.9,BID
13166,1712363800.958845,5097682.95301091,705.8,0.0,731.9,BID
13167,1712363802.1708736,5097682.95301091,705.8,0.0,731.9,BID
13168,1712363803.3805466,5097682.95301091,705.8,0.0,731.9,BID
13169,1712363804.5888646,5097682.95301091,705.8,0.0,731.9,BID
13170,1712363805.8066528,5097682.95301091,705.8,0.0,731.9,BID
13171,1712363807.0570931,5097682.95301091,705.8,0.0,731.9,BID
13172,1712363808.2657173,5103279.47087769,704.9,6.731059567884873e-08,731.9,BID
13173,1712363809.478403,5103279.47087769,704.9,0.0,731.9,BID
13174,1712363810.7662492,5103279.47087769,704.9,0.0,731.9,BID
13175,1712363811.9783716,5103279.47087769,704.9,0.0,731.9,BID
13176,1712363813.1936889,5103279.47087769,704.9,0.0,731.9,BID
13177,1712363814.4173515,5103279.47087769,704.9,0.0,731.9,BID
13178,1712363815.6552482,5104581.33859047,705.6,1.5657859642051512e-08,731.9,BID
13179,1712363816.9081788,5104581.33859047,705.6,0.0,731.9,BID
13180,1712363818.1232045,5104581.33859047,705.6,0.0,731.9,BID
13181,1712363819.354875,5104855.32214647,705.8,3.2952626614505604e-09,731.9,BID
13182,1712363820.5660927,5104855.32214647,705.8,0.0,731.9,BID
13183,1712363821.8223305,5104855.32214647,705.8,0.0,731.9,BID
13184,1712363823.017779,5104855.32214647,705.8,0.0,731.9,BID
13185,1712363824.232666,5104855.32214647,705.8,0.0,731.9,BID
13186,1712363825.4545803,5104855.32214647,705.8,0.0,731.9,BID
13187,1712363826.6671665,5104855.32214647,705.8,0.0,731.9,BID
13188,1712363827.898504,5104855.32214647,705.8,0.0,731.9,BID
13189,1712363829.1092372,5104855.32214647,705.8,0.0,731.9,BID
13190,1712363830.337863,5105801.99052947,705.8,1.1380538432528612e-08,731.9,BID
13191,1712363831.5488524,5105801.99052947,705.8,0.0,731.9,BID
13192,1712363832.758052,5105801.99052947,705.8,0.0,731.9,BID
13193,1712363833.9769728,5105801.99052947,705.8,0.0,731.9,BID
13194,1712363835.191376,5105801.99052947,705.8,0.0,731.9,BID
13195,1712363836.4103937,5105801.99052947,705.8,0.0,731.9,BID
13196,1712363837.6274176,5105801.99052947,705.8,0.0,731.9,BID
13197,1712363838.8365526,5105801.99052947,705.8,0.0,731.9,BID
13198,1712363840.051805,5105801.99052947,705.8,0.0,731.9,BID
13199,1712363841.2799785,5105801.99052947,705.8,0.0,731.9,BID
13200,1712363842.5216124,5105801.99052947,705.8,0.0,731.9,BID
13201,1712363843.7729838,5105801.99052947,705.8,0.0,731.9,BID
13202,1712363845.0213718,5105801.99052947,705.8,0.0,731.9,BID
13203,1712363846.272096,5105801.99052947,705.8,0.0,731.9,BID
13204,1712363847.534654,5105801.99052947,705.8,0.0,731.9,BID
13205,1712363848.761676,5108788.13081147,705.8,3.5898404187226275e-08,731.9,BID
13206,1712363850.0052984,5111270.53586667,705.8,2.9842663643496985e-08,731.9,BID
13207,1712363851.2461946,5113684.00583581,705.8,-2.901394853020335e-08,731.9,ASK
13208,1712363852.486957,5114277.31344768,705.8,7.132016269707222e-09,731.9,BID
13209,1712363853.8144758,5114277.31344768,705.8,0.0,731.9,BID
13210,1712363855.121827,5115727.20487206,705.8,-1.7428816049368125e-08,731.9,ASK
13211,1712363856.3271763,5117723.6113404,706.8,2.399834947045461e-08,731.9,BID
13212,1712363857.5309868,5117723.6113404,706.8,0.0,731.9,BID
13213,1712363858.8263645,5117723.6113404,706.8,0.0,731.9,BID
13214,1712363860.1098363,5125630.46471511,705.7,-9.504649153721685e-08,731.9,ASK
13215,1712363861.4000585,5125630.46471511,705.7,-0.0,731.9,ASK
13216,1712363862.6179998,5125630.46471511,705.7,-0.0,731.9,ASK
13217,1712363863.8365967,5125630.46471511,705.7,-0.0,731.9,ASK
13218,1712363865.1095262,5125874.4668984,706.8,-2.933094917800215e-09,731.9,ASK
13219,1712363866.3268852,5126752.80196025,706.8,-1.0558266615893584e-08,731.9,ASK
13220,1712363867.6325088,5136440.4999941,705.5,-1.1645362137794093e-07,731.9,ASK
13221,1712363868.8975573,5136440.4999941,705.5,-0.0,731.9,ASK
13222,1712363870.0898612,5136440.4999941,705.5,-0.0,731.9,ASK
13223,1712363871.2806916,5136440.4999941,705.5,-0.0,731.9,ASK
13224,1712363872.4885404,5137280.76080203,705.5,-1.010058464285839e-08,731.9,ASK
13225,1712363873.7613013,5137422.50424639,704.9,1.7038658043140504e-09,731.9,BID
13226,1712363874.9860878,5137422.50424639,704.9,0.0,731.9,BID
13227,1712363876.181826,5138139.05191666,704.9,-8.613457067017739e-09,731.9,ASK
13228,1712363877.3790538,5138139.05191666,704.9,-0.0,731.9,ASK
13229,1712363878.6823354,5140579.39889676,705.1,-2.93348576987483e-08,731.9,ASK
13230,1712363879.899796,5140579.39889676,705.1,-0.0,731.9,ASK
13231,1712363881.1174605,5140579.39889676,705.1,-0.0,731.9,ASK
13232,1712363882.3514402,5140579.39889676,705.1,-0.0,731.9,ASK
13233,1712363883.8187578,5140579.39889676,705.1,-0.0,731.9,ASK
13234,1712363885.1432178,5140579.39889676,705.1,-0.0,731.9,ASK
13235,1712363886.3342943,5140579.39889676,705.1,-0.0,731.9,ASK
13236,1712363887.5838025,5140721.26299095,704.9,-1.7049269574735207e-09,731.9,ASK
13237,1712363888.85588,5140721.26299095,704.9,-0.0,731.9,ASK
13238,1712363890.09945,5140721.26299095,704.9,-0.0,731.9,ASK
13239,1712363891.3041544,5140721.26299095,704.9,-0.0,731.9,ASK
13240,1712363892.489316,5143808.55122115,704.3,-3.7103122951837655e-08,731.9,ASK
13241,1712363893.7276552,5144559.04772133,704.3,-9.019489547077248e-09,731.9,ASK
13242,1712363894.913494,5147245.77709507,703.3,-3.2289194548486564e-08,731.9,ASK
13243,1712363896.240604,5147245.77709507,703.3,-0.0,731.9,ASK
13244,1712363897.4859805,5150754.68846404,702.8,-4.217020253452068e-08,731.9,ASK
13245,1712363898.7252846,5150754.68846404,702.8,-0.0,731.9,ASK
13246,1712363900.1019416,5150754.68846404,702.8,-0.0,731.9,ASK
13247,1712363901.416953,5150754.68846404,702.8,-0.0,731.9,ASK
13248,1712363902.6696165,5150754.68846404,702.8,-0.0,731.9,ASK
13249,1712363903.8430357,5150754.68846404,702.8,-0.0,731.9,ASK
13250,1712363905.0103354,5151096.87529753,702.7,4.1124116728952505e-09,731.9,BID
13251,1712363906.1820176,5151096.87529753,702.7,0.0,731.9,BID
13252,1712363907.3494244,5151096.87529753,702.7,0.0,731.9,BID
13253,1712363908.5229287,5155005.34310057,701.4,-4.697208379539697e-08,731.9,ASK
13254,1712363909.698117,5155005.34310057,701.4,-0.0,731.9,ASK
13255,1712363910.8616886,5156043.03650134,702.7,1.2469426347455566e-08,731.9,BID
13256,1712363912.0365405,5177986.80669733,700.0,-2.6368696769343645e-07,731.9,ASK
13257,1712363913.202886,5201196.51203483,700.0,2.7889905731064897e-07,731.9,BID
13258,1712363914.35024,5201196.51203483,700.0,0.0,731.9,BID
13259,1712363915.5017016,5203417.08578093,703.6,2.6683489319249307e-08,731.9,BID
13260,1712363916.6513586,5203417.08578093,703.6,0.0,731.9,BID
13261,1712363917.8020234,5203623.62035148,701.1,-2.481819402314452e-09,731.9,ASK
13262,1712363918.959639,5203623.62035148,701.1,-0.0,731.9,ASK
13263,1712363920.1368687,5203623.62035148,701.1,-0.0,731.9,ASK
13264,1712363921.2986183,5203623.62035148,701.1,-0.0,731.9,ASK
13265,1712363922.453081,5204322.61823804,701.1,8.399497054739611e-09,731.9,BID
13266,1712363923.6093931,5204322.61823804,701.1,0.0,731.9,BID
13267,1712363924.7638495,5204322.61823804,701.1,0.0,731.9,BID
13268,1712363925.9292724,5204465.47538089,701.1,1.7166405989022287e-09,731.9,BID
13269,1712363927.1070888,5204465.47538089,701.1,0.0,731.9,BID
13270,1712363928.2522964,5204465.47538089,701.1,0.0,731.9,BID
13271,1712363929.3929791,5204465.47538089,701.1,0.0,731.9,BID
13272,1712363930.5587633,5204465.47538089,701.1,0.0,731.9,BID
13273,1712363931.7116346,5204465.47538089,701.1,0.0,731.9,BID
13274,1712363932.8552675,5204465.4753809,701.1,1.231034529602549e-19,731.9,BID
13275,1712363933.9990356,5204465.4753809,701.1,0.0,731.9,BID
13276,1712363935.210235,5204465.4753809,701.1,0.0,731.9,BID
13277,1712363936.360602,5206816.5150547,701.1,2.825123107716741e-08,731.9,BID
13278,1712363937.5280418,5206816.5150547,701.1,0.0,731.9,BID
13279,1712363938.6847,5210000.78708234,701.0,-3.8263754486124846e-08,731.9,ASK
13280,1712363939.859727,5210000.78708234,701.0,-0.0,731.9,ASK
13281,1712363941.0364084,5210000.78708234,701.0,-0.0,731.9,ASK
13282,1712363942.239541,5210000.78708234,701.0,-0.0,731.9,ASK
13283,1712363943.408297,5210000.78708234,701.0,-0.0,731.9,ASK
13284,1712363944.579075,5210000.78708234,701.0,-0.0,731.9,ASK
13285,1712363945.7448654,5210000.78708234,701.0,-0.0,731.9,ASK
13286,1712363946.929917,5210000.78708234,701.0,-0.0,731.9,ASK
13287,1712363948.095566,5210000.78708234,701.0,-0.0,731.9,ASK
13288,1712363949.2455263,5210000.78708234,701.0,-0.0,731.9,ASK
13289,1712363950.418532,5210000.78708234,701.0,-0.0,731.9,ASK
13290,1712363951.5898764,5210000.78708234,701.0,-0.0,731.9,ASK
13291,1712363952.746031,5210000.78708234,701.0,-0.0,731.9,ASK
13292,1712363953.890981,5210000.78708234,701.0,-0.0,731.9,ASK
13293,1712363955.0538158,5210000.78708234,701.0,-0.0,731.9,ASK
13294,1712363956.199217,5210000.78708234,701.0,-0.0,731.9,ASK
13295,1712363957.37281,5210000.78708234,701.0,-0.0,731.9,ASK
13296,1712363958.5397956,5210000.78708234,701.0,-0.0,731.9,ASK
13297,1712363959.6911385,5210427.78708234,701.6,-5.1286985697239015e-09,731.9,ASK
13298,1712363960.8604145,5210427.78708234,701.6,-0.0,731.9,ASK
13299,1712363962.0090635,5210427.78708234,701.6,-0.0,731.9,ASK
13300,1712363963.1669643,5210427.78708234,701.6,-0.0,731.9,ASK
13301,1712363964.3350167,5210427.78708234,701.6,-0.0,731.9,ASK
13302,1712363965.480616,5210427.78708234,701.6,-0.0,731.9,ASK
13303,1712363966.6285512,5210427.78708234,701.6,-0.0,731.9,ASK
13304,1712363967.7854867,5210427.78708234,701.6,-0.0,731.9,ASK
13305,1712363968.9514616,5210427.78708234,701.6,-0.0,731.9,ASK
13306,1712363970.1190138,5210427.78708234,701.6,-0.0,731.9,ASK
13307,1712363971.2761772,5210427.78708234,701.6,-0.0,731.9,ASK
13308,1712363972.4337246,5210427.78708234,701.6,-0.0,731.9,ASK
13309,1712363973.583418,5210427.78708234,701.6,-0.0,731.9,ASK
13310,1712363974.747335,5210427.78708234,701.6,-0.0,731.9,ASK
13311,1712363975.8906922,5210427.78708234,701.6,-0.0,731.9,ASK
13312,1712363977.0556643,5210427.78708234,701.6,-0.0,731.9,ASK
13313,1712363978.2072551,5210427.78708234,701.6,-0.0,731.9,ASK
13314,1712363979.3631704,5210427.78708234,701.6,-0.0,731.9,ASK
13315,1712363980.5364826,5210986.02363196,701.6,-6.704957123250449e-09,731.9,ASK
13316,1712363981.7180457,5211986.02363196,701.6,-1.2010960457190432e-08,731.9,ASK
13317,1712363982.8980632,5211986.02363196,701.6,-0.0,731.9,ASK
13318,1712363984.0963,5211986.02363196,701.6,-0.0,731.9,ASK
13319,1712363985.291118,5211986.02363196,701.6,-0.0,731.9,ASK
13320,1712363986.477389,5211986.02363196,701.6,-0.0,731.9,ASK
13321,1712363987.6362605,5211986.02363196,701.6,-0.0,731.9,ASK
13322,1712363988.788869,5211986.02363196,701.6,-0.0,731.9,ASK
13323,1712363989.941844,5211986.02363196,701.6,-0.0,731.9,ASK
13324,1712363991.0951347,5211986.02363196,701.6,-0.0,731.9,ASK
13325,1712363992.2802503,5211986.02363196,701.6,-0.0,731.9,ASK
13326,1712363993.4523275,5211986.02363196,701.6,-0.0,731.9,ASK
13327,1712363994.6071036,5211986.02363196,701.6,-0.0,731.9,ASK
13328,1712363995.7537084,5211986.02363196,701.6,-0.0,731.9,ASK
13329,1712363996.9181397,5211986.02363196,701.6,-0.0,731.9,ASK
13330,1712363998.0904164,5211986.02363196,701.6,-0.0,731.9,ASK
13331,1712363999.2621477,5211986.02363196,701.6,-0.0,731.9,ASK
13332,1712364000.4512424,5212000.6893503,703.0,1.7614936305062894e-10,731.9,BID
13333,1712364001.6982462,5212000.6893503,703.0,0.0,731.9,BID
13334,1712364002.8667464,5212000.6893503,703.0,0.0,731.9,BID
13335,1712364004.031065,5212000.6893503,703.0,0.0,731.9,BID
13336,1712364005.2234554,5212133.34137421,703.0,1.63331353892591e-09,731.9,BID
13337,1712364006.386422,5212133.34137421,703.0,0.0,731.9,BID
13338,1712364007.5383232,5212133.34137421,703.0,0.0,731.9,BID
13339,1712364008.6903987,5212749.5052935,701.6,-7.586683127066478e-09,731.9,ASK
13340,1712364009.877801,5212763.73004456,702.9,1.7514605363012463e-10,731.9,BID
13341,1712364011.0457652,5212763.73004456,702.9,0.0,731.9,BID
13342,1712364012.2150557,5212763.73004456,702.9,0.0,731.9,BID
13343,1712364013.4137604,5212763.73004456,702.9,0.0,731.9,BID
13344,1712364014.5734477,5212763.73004456,702.9,0.0,731.9,BID
13345,1712364015.741655,5212763.73004456,702.9,0.0,731.9,BID
13346,1712364016.9029672,5212763.73004456,702.9,0.0,731.9,BID
13347,1712364018.056278,5212763.73004456,702.9,0.0,731.9,BID
13348,1712364019.2214575,5212763.73004456,702.9,0.0,731.9,BID
13349,1712364020.3972878,5212763.73004456,702.9,0.0,731.9,BID
13350,1712364021.5634172,5212763.73004456,702.9,0.0,731.9,BID
13351,1712364022.7497094,5212763.73004456,702.9,0.0,731.9,BID
13352,1712364023.9319663,5212763.73004456,702.9,0.0,731.9,BID
13353,1712364025.0976598,5212763.73004456,702.9,0.0,731.9,BID
13354,1712364026.2744083,5213190.31999329,702.9,5.2525028890714075e-09,731.9,BID
13355,1712364027.4435248,5213190.31999329,702.9,0.0,731.9,BID
13356,1712364028.6552858,5213190.31999329,702.9,0.0,731.9,BID
13357,1712364029.8283737,5213204.54676808,702.9,1.7517097135250948e-10,731.9,BID
13358,1712364031.0047035,5213204.54676808,702.9,0.0,731.9,BID
13359,1712364032.2062817,5213204.54676808,702.9,0.0,731.9,BID
13360,1712364033.4044268,5213204.54676808,702.9,0.0,731.9,BID
13361,1712364034.5851257,5214934.7960923,702.3,2.1303936019851173e-08,731.9,BID
13362,1712364035.7746754,5214934.7960923,702.3,0.0,731.9,BID
13363,1712364036.9516037,5214934.7960923,702.3,0.0,731.9,BID
13364,1712364038.129389,5215389.83756688,701.7,-5.602761593449298e-09,731.9,ASK
13365,1712364039.3116112,5215389.83756688,701.7,-0.0,731.9,ASK
13366,1712364040.484363,5217962.92468013,701.7,3.168149379796246e-08,731.9,BID
13367,1712364041.661003,5217962.92468013,701.7,0.0,731.9,BID
13368,1712364042.838837,5217962.92468013,701.7,0.0,731.9,BID
13369,1712364044.030527,5217962.92468013,701.7,0.0,731.9,BID
13370,1712364045.2058744,5217962.92468013,701.7,0.0,731.9,BID
13371,1712364046.380681,5217962.92468013,701.7,0.0,731.9,BID
13372,1712364047.5474267,5219385.60215915,701.7,-1.7516914797009084e-08,731.9,ASK
13373,1712364048.7458148,5219385.60215915,701.7,-0.0,731.9,ASK
0,1712365207.2223313,5873522.72118521,701.9,0.0,731.9,ASK
1,1712365220.9497893,5873594.11003448,701.3,-9.165838117794395e-10,731.9,ASK
2,1712365220.9510348,5873810.34698914,701.4,-2.776334037847934e-09,731.9,ASK
3,1712365220.952253,5874368.85883647,701.1,-7.1709086669358654e-09,731.9,ASK
4,1712365220.9534714,5874376.6184085,701.0,-9.962757744163079e-11,731.9,ASK
5,1712365220.9546638,5874394.33403661,701.3,-2.274565020608722e-10,731.9,ASK
6,1712365220.955966,5874412.41727484,701.0,-2.3217636361743622e-10,731.9,ASK
7,1712365220.9572015,5874483.81630507,701.2,-9.167145283212392e-10,731.9,ASK
8,1712365220.9579446,5874555.23570592,701.0,-9.169760730882843e-10,731.9,ASK
9,1712365220.9584966,5876223.41225553,701.2,-2.1418241591048785e-08,731.9,ASK
10,1712365220.959047,5876862.14437998,701.1,-8.200881948987923e-09,731.9,ASK
11,1712365220.9596026,5877474.76278226,701.0,-7.865599685006793e-09,731.9,ASK
12,1712365220.9607046,5877546.17199635,701.1,-9.168452820988255e-10,731.9,ASK
13,1712365221.0486555,5877617.60158687,700.9,-9.171069014570212e-10,731.9,ASK
14,1712365225.0592632,5877631.84457219,701.0,1.8287015282564647e-10,731.9,BID
15,1712365229.1596498,5883742.10602991,701.0,7.845156204627147e-08,731.9,BID
16,1712365230.648889,5883742.10602991,701.0,0.0,731.9,BID
17,1712365230.9685602,5884169.0915124,702.6,5.481696206288346e-09,731.9,BID
18,1712365231.7086763,5885828.6021404,701.4,-2.1305017352719723e-08,731.9,ASK
19,1712365231.8492234,5886064.19755263,701.4,3.024605122193975e-09,731.9,BID
20,1712365242.728698,5886081.74342994,701.0,-2.2525629800774926e-10,731.9,ASK
21,1712365242.740322,5886547.79915287,701.0,-5.983285130457576e-09,731.9,ASK
22,1712365242.741588,5887209.14481221,700.9,-8.490443212998206e-09,731.9,ASK
23,1712365253.1592171,5887216.82346613,701.3,-9.857957655259704e-11,731.9,ASK
24,1712365260.4486732,5887216.82346613,701.3,-0.0,731.9,ASK
25,1712365273.738623,5887424.30528042,701.1,2.663595686423226e-09,731.9,BID
26,1712365279.538893,5888849.00965427,701.1,-1.8289971280579943e-08,731.9,ASK
27,1712365287.0306404,5890275.33970705,701.1,-1.8310841309123973e-08,731.9,ASK
28,1712365290.3986106,5890275.33970705,701.1,-0.0,731.9,ASK
29,1712365296.2287822,5893335.4360664,701.1,-3.9283612001100936e-08,731.9,ASK
30,1712365296.5486665,5893450.02880123,701.1,-1.4710701901371343e-09,731.9,ASK
31,1712365300.0290065,5894738.57283641,701.1,-1.6541526141713626e-08,731.9,ASK
32,1712365300.0302625,5899901.82402791,700.9,-6.628260441907461e-08,731.9,ASK
33,1712365300.031282,5900116.77146789,701.1,-2.759361419124232e-09,731.9,ASK
34,1712365317.57875,5900265.28202273,701.1,-1.906486047933338e-09,731.9,ASK
35,1712365317.580155,5900444.38129529,701.1,-2.299164963026059e-09,731.9,ASK
36,1712365317.6585238,5900444.3812953,701.1,-1.3151313360768098e-19,731.9,ASK
37,1712365320.638854,5900444.3812953,701.1,-0.0,731.9,ASK
38,1712365322.4589217,5900528.25692736,701.2,-1.0766446228368267e-09,731.9,ASK
39,1712365322.5821538,5901917.15847784,700.9,-1.78282219668852e-08,731.9,ASK
40,1712365322.5838692,5902224.76464134,700.9,-3.94849509625924e-09,731.9,ASK
41,1712365322.5845933,5903091.66735211,700.9,-1.1127739000624973e-08,731.9,ASK
42,1712365322.6598802,5903163.10713521,700.8,-9.170155436382852e-10,731.9,ASK
43,1712365322.6613736,5903170.63827105,700.8,-9.667118692563196e-11,731.9,ASK
44,1712365327.9386816,5903363.09659901,701.1,-2.4704341276487367e-09,731.9,ASK
45,1712365327.999477,5903372.03297691,700.7,-1.1470915899051216e-10,731.9,ASK
46,1712365328.0001447,5904028.75857435,700.7,-8.429862950655228e-09,731.9,ASK
47,1712365328.0007954,5904190.54301404,700.5,-2.076697877248135e-09,731.9,ASK
48,1712365328.001467,5904307.10094182,700.7,-1.4961611985680314e-09,731.9,ASK
49,1712365328.0085735,5904311.32761575,700.5,-5.425444372121386e-11,731.9,ASK
50,1712365328.1190774,5904399.906081,700.5,-1.1370111433908279e-09,731.9,ASK
51,1712365328.1205564,5904407.906081,700.4,-1.0268962237515948e-10,731.9,ASK
52,1712365328.1220305,5904602.81412041,700.3,-2.501879120607679e-09,731.9,ASK
53,1712365328.1235144,5904745.56929528,700.5,-1.8324343749333022e-09,731.9,ASK
54,1712365328.1249695,5905079.42939998,700.4,-4.285496009728841e-09,731.9,ASK
55,1712365328.12876,5905902.0931904,700.3,-1.0559879247489514e-08,731.9,ASK
56,1712365328.12994,5905994.91157989,700.4,-1.1914356707779891e-09,731.9,ASK
57,1712365328.131139,5906351.86574239,700.3,-4.581936019044087e-09,731.9,ASK
58,1712365331.6393046,5906404.03767038,700.8,-6.696894479896691e-10,731.9,ASK
59,1712365335.0087028,5906966.06944397,700.8,-7.214353824094021e-09,731.9,ASK
60,1712365349.8886988,5911137.50128862,700.9,-5.3545345111350834e-08,731.9,ASK
61,1712365350.069922,5911273.36480027,700.9,-1.743971588236307e-09,731.9,ASK
62,1712365350.3686287,5911625.22749559,701.3,4.5165809137961124e-09,731.9,BID
63,1712365350.37874,5914164.38505242,701.3,3.259314133273782e-08,731.9,BID
64,1712365350.4299228,5917352.87877425,701.3,4.092815203003269e-08,731.9,BID
65,1712365350.448736,5917431.8496932,701.3,1.013686730695418e-09,731.9,BID
66,1712365350.618749,5917431.8496932,701.3,0.0,731.9,BID
67,1712365350.8303003,5917546.74133996,700.9,-1.474547095049788e-09,731.9,ASK
68,1712365360.268682,5917561.00260636,701.2,1.830325313888243e-10,731.9,BID
69,1712365366.6589518,5917578.20160764,700.9,-2.2073612912470837e-10,731.9,ASK
70,1712365366.660772,5919787.26228613,700.9,-2.835161735514639e-08,731.9,ASK
71,1712365367.0466552,5921658.3177713,700.9,2.4013577210572923e-08,731.9,BID
72,1712365374.2686172,5923039.34249164,700.9,-1.7724404227698646e-08,731.9,ASK
73,1712365374.368601,5923656.79309342,701.2,7.924509891385095e-09,731.9,BID
74,1712365375.529329,5924004.49863642,701.2,4.46253677112346e-09,731.9,BID
75,1712365375.6288505,5925009.03244898,701.3,1.2892429144804383e-08,731.9,BID
76,1712365375.6305954,5926733.10586892,701.2,2.2127173947848323e-08,731.9,BID
77,1712365380.4486551,5926733.10586892,701.2,0.0,731.9,BID
78,1712365385.4489024,5927598.13827,701.2,-1.110110539769359e-08,731.9,ASK
79,1712365385.4506369,5928100.29306824,701.2,-6.444236463585534e-09,731.9,ASK
80,1712365393.6212144,5928142.70316479,701.2,5.442558580853664e-10,731.9,BID
81,1712365393.62262,5928203.96748352,701.2,7.86215242905992e-10,731.9,BID
82,1712365395.748795,5933363.43372773,701.1,-6.621229274336724e-08,731.9,ASK
83,1712365404.539055,5933620.41020241,701.2,3.297822054512687e-09,731.9,BID
84,1712365408.098847,5934647.35774508,701.2,1.317898947466895e-08,731.9,BID
85,1712365408.100018,5934781.58318837,701.2,1.722537550211301e-09,731.9,BID
86,1712365408.558698,5935881.58318837,701.2,-1.4116483870677808e-08,731.9,ASK
87,1712365410.4450543,5935881.58318837,701.2,-0.0,731.9,ASK
88,1712365440.6398244,5935881.58318837,701.2,-0.0,731.9,ASK
89,1712365445.5485742,5936153.42933062,701.3,3.488359832593505e-09,731.9,BID
90,1712365449.569396,5936256.99990699,701.2,-1.329029117192436e-09,731.9,ASK
91,1712365449.5740666,5936274.02440057,701.0,-2.1846018886103768e-10,731.9,ASK
92,1712365449.575892,5936813.60343123,701.3,-6.923937935938224e-09,731.9,ASK
93,1712365449.5794022,5942095.20925551,701.2,-6.777415142443941e-08,731.9,ASK
94,1712365449.5802245,5950204.07250134,701.1,-1.0405383207064873e-07,731.9,ASK
95,1712365449.5810454,5966660.0479135,701.0,-2.1116490070000969e-07,731.9,ASK
96,1712365449.5818913,5969512.70801904,701.1,-3.660565070314788e-08,731.9,ASK
97,1712365462.4986615,5975245.80090925,701.1,-7.356768350362427e-08,731.9,ASK
98,1712365462.5001464,5975950.47068247,701.1,-9.042400645443385e-09,731.9,ASK
99,1712365470.5989487,5975950.47068247,701.1,-0.0,731.9,ASK
100,1712365472.1387382,5977959.12030443,701.0,-2.5765926738165963e-08,731.9,ASK
101,1712365472.1409202,5983277.99439092,701.0,-6.822778773548223e-08,731.9,ASK
102,1712365472.1431067,5987544.90150071,701.1,-5.4733695109132695e-08,731.9,ASK
103,1712365495.038988,5988369.60827986,700.9,-1.057891541646718e-08,731.9,ASK
104,1712365495.0409214,5988970.5460154,700.9,-7.708520938079998e-09,731.9,ASK
105,1712365499.1488843,5989561.90465537,701.0,7.585645215002299e-09,731.9,BID
106,1712365500.4002793,5989561.90465537,701.0,0.0,731.9,BID
107,1712365503.0488012,5999669.54744193,701.0,-1.318565250215137e-07,731.9,ASK
108,1712365509.11919,6005107.14437572,700.9,-7.093470270938326e-08,731.9,ASK
109,1712365519.898858,6006320.02004239,700.9,-1.5822242046667673e-08,731.9,ASK
110,1712365521.608863,6008593.47150301,700.9,-2.9657697223045814e-08,731.9,ASK
111,1712365524.51895,6008620.13250301,700.9,-3.4779887733214876e-10,731.9,ASK
112,1712365524.719222,6008737.00278906,700.9,-1.5245997629857827e-09,731.9,ASK
113,1712365524.721232,6009172.49669341,700.9,-5.681118150716764e-09,731.9,ASK
114,1712365528.1901517,6009200.13941177,701.0,3.6060561913822105e-10,731.9,BID
115,1712365530.6389475,6009200.13941177,701.0,0.0,731.9,BID
116,1712365543.619168,6009728.08876982,701.0,6.885984269779424e-09,731.9,BID
117,1712365560.4612951,6009728.08876982,701.0,0.0,731.9,BID
118,1712365561.8102517,6010225.27375463,700.9,-6.4846966975972785e-09,731.9,ASK
119,1712365562.4890587,6010321.90446922,701.0,1.260337489928685e-09,731.9,BID
120,1712365563.261793,6012242.69968478,700.9,-2.5052595656819936e-08,731.9,ASK
121,1712365563.2634811,6014082.81933243,700.9,-2.4000358351217293e-08,731.9,ASK
122,1712365563.2650962,6016084.46792694,700.9,-2.6107152120676733e-08,731.9,ASK
123,1712365568.4390788,6020321.90446922,700.8,-5.526814282709336e-08,731.9,ASK
124,1712365568.518862,6022707.9747207,700.8,-3.1121096478604593e-08,731.9,ASK
125,1712365570.829404,6022747.0110973,701.0,5.0914462455375e-10,731.9,BID
126,1712365572.8191054,6022782.66168939,700.9,-4.649844300609753e-10,731.9,ASK
127,1712365583.3071835,6022875.41743202,700.9,1.2097969091825123e-09,731.9,BID
128,1712365590.4389634,6022875.41743202,700.9,0.0,731.9,BID
129,1712365591.571514,6026520.48510982,700.9,-4.753626651313269e-08,731.9,ASK
130,1712365592.7992194,6028013.73002173,700.9,-1.947379153870324e-08,731.9,ASK
131,1712365592.9191403,6032862.57679854,700.9,-6.32350598227862e-08,731.9,ASK
132,1712365600.329028,6032874.2004253,700.9,1.5158671069063278e-10,731.9,BID
133,1712365614.059139,6034668.97567741,700.9,2.3406126375956323e-08,731.9,BID
134,1712365616.2105055,6039778.59500464,700.8,-6.663586182478167e-08,731.9,ASK
135,1712365620.6191554,6039778.59500464,700.8,-0.0,731.9,ASK
136,1712365628.9989898,6044523.44377381,700.8,-6.18692362927217e-08,731.9,ASK
137,1712365638.1209676,6058585.22105947,700.8,-1.8335493161235265e-07,731.9,ASK
138,1712365638.9790251,6060090.27563174,700.8,-1.9624772357382383e-08,731.9,ASK
139,1712365639.0614402,6064304.94933348,700.8,-5.4956154734361513e-08,731.9,ASK
140,1712365644.8289256,6064346.33061201,700.8,-5.395805480978899e-10,731.9,ASK
141,1712365644.8302157,6085850.32206691,700.8,-2.803957709262243e-07,731.9,ASK
142,1712365650.662521,6085850.32206691,700.8,-0.0,731.9,ASK
143,1712365654.1690643,6085955.56315107,701.0,1.371686595681277e-09,731.9,BID
144,1712365654.911374,6085964.62227708,700.8,-1.180744365746467e-10,731.9,ASK
145,1712365655.330216,6090437.95672761,700.8,-5.830434903583767e-08,731.9,ASK
146,1712365658.6289744,6090445.45672761,701.0,9.775316882845283e-11,731.9,BID
147,1712365670.919093,6091537.47669407,700.8,-1.4233121619385264e-08,731.9,ASK
148,1712365675.318471,6092072.19140942,700.8,-6.969341045961019e-09,731.9,ASK
149,1712365678.6807091,6095146.35059214,700.8,-4.006784021252742e-08,731.9,ASK
150,1712365680.3993492,6095146.35059214,700.8,-0.0,731.9,ASK
151,1712365688.209113,6108962.80004308,700.8,-1.8006493932443996e-07,731.9,ASK
152,1712365688.6890242,6110105.71834308,700.9,-1.4895253304624916e-08,731.9,ASK
153,1712365709.9394135,6110134.25308412,700.9,-3.7188327090171155e-10,731.9,ASK
154,1712365709.9483604,6110148.52253017,700.9,-1.8596868510084982e-10,731.9,ASK
155,1712365710.4561903,6110148.52253017,700.9,-0.0,731.9,ASK
156,1712365711.6392918,6110162.78990069,700.9,1.8591616110859244e-10,731.9,BID
157,1712365711.7389872,6111077.25638802,700.9,1.1916288186847295e-08,731.9,BID
158,1712365716.601091,6111917.89117883,701.0,1.0954197410157333e-08,731.9,BID
159,1712365716.602318,6114002.45927975,701.0,2.716372286994689e-08,731.9,BID
160,1712365716.6822047,6114766.29220883,701.1,9.953402815346681e-09,731.9,BID
161,1712365721.6791687,6115957.45727282,700.8,-1.5521909635053508e-08,731.9,ASK
162,1712365724.2391462,6116622.22592457,700.8,-8.662509716422563e-09,731.9,ASK
163,1712365731.2397933,6132076.71194123,700.8,-2.0138530138149854e-07,731.9,ASK
164,1712365731.2991102,6133543.14094873,700.8,-1.910883657415077e-08,731.9,ASK
165,1712365731.301476,6134312.87002978,700.8,-1.0030234768231938e-08,731.9,ASK
166,1712365731.3089428,6134564.75252121,700.8,-3.282246423124325e-09,731.9,ASK
167,1712365731.5789511,6135234.40990879,700.5,8.726214166859029e-09,731.9,BID
168,1712365740.60904,6135234.40990879,700.5,0.0,731.9,BID
169,1712365745.579092,6139061.01988532,700.8,4.985261222479065e-08,731.9,BID
170,1712365745.581257,6142743.34332105,701.0,4.7972864612174896e-08,731.9,BID
171,1712365747.4289792,6142874.37483497,700.3,-1.7070627246435711e-09,731.9,ASK
172,1712365758.9241884,6143273.08962244,700.3,-5.194408055681898e-09,731.9,ASK
173,1712365765.984992,6144012.27727711,700.3,-9.630047414199202e-09,731.9,ASK
174,1712365767.609208,6144625.67703169,700.3,-7.991297856698004e-09,731.9,ASK
175,1712365767.6117976,6150446.50842556,700.3,-7.583308779422657e-08,731.9,ASK
176,1712365767.6141157,6154012.27727711,700.3,-4.645440557826781e-08,731.9,ASK
177,1712365770.6153972,6154012.27727711,700.3,-0.0,731.9,ASK
178,1712365776.9890275,6154022.36422027,700.3,-1.3138895916689798e-10,731.9,ASK
179,1712365781.629068,6154852.21595511,700.3,-1.0809355617064258e-08,731.9,ASK
180,1712365798.0991566,6154866.48129034,701.0,1.8581521858127158e-10,731.9,BID
181,1712365800.5390828,6154866.48129034,701.0,0.0,731.9,BID
182,1712365816.9033332,6154896.48129034,700.3,-3.9767829432921455e-10,731.9,ASK
183,1712365819.773276,6156332.81988823,700.3,-1.9040022789603555e-08,731.9,ASK
184,1712365819.781518,6157810.96291144,700.3,-1.9594179874821363e-08,731.9,ASK
185,1712365819.783422,6164837.71682974,700.3,-9.31462504300274e-08,731.9,ASK
186,1712365819.7853253,6166341.53135486,700.2,-1.9934479844573454e-08,731.9,ASK
187,1712365819.7867167,6167415.47753958,700.1,-1.423616956469275e-08,731.9,ASK
188,1712365819.7878315,6168037.75740498,700.2,-8.248906515588637e-09,731.9,ASK
189,1712365830.4315505,6168037.75740498,700.2,-0.0,731.9,ASK
190,1712365835.729248,6168275.9804841,700.2,-3.157485542204656e-09,731.9,ASK
191,1712365835.7435822,6168285.9804841,700.1,-1.3254322603296842e-10,731.9,ASK
192,1712365835.7455237,6168699.74190269,700.3,-5.484127322793874e-09,731.9,ASK
193,1712365835.7474823,6168741.16455659,700.1,-5.490292178690573e-10,731.9,ASK
194,1712365835.7494142,6182932.51741026,700.1,-1.880967688997566e-07,731.9,ASK
195,1712365835.8593292,6182939.87455311,700.0,-9.751394478246758e-11,731.9,ASK
196,1712365835.861292,6185764.03884774,700.0,-3.743238464572978e-08,731.9,ASK
197,1712365835.869261,6185771.18313345,700.0,-9.469266757746844e-11,731.9,ASK
198,1712365835.8840134,6197099.07504234,700.0,-1.501435337756994e-07,731.9,ASK
199,1712365835.886027,6198064.01875557,700.0,-1.2789675269174653e-08,731.9,ASK
200,1712365835.942135,6198164.4682511,700.0,-1.3313900190898095e-09,731.9,ASK
201,1712365835.9441586,6198386.14762252,700.0,-2.93820990330064e-09,731.9,ASK
202,1712365841.7022913,6198458.01141923,700.1,9.525059450925682e-10,731.9,BID
203,1712365853.9533043,6198498.6648478,700.0,-5.388336571893903e-10,731.9,ASK
204,1712365854.509121,6198535.24562197,700.0,4.848533819321218e-10,731.9,BID
205,1712365854.6956975,6198546.8438794,700.0,1.5372704561194978e-10,731.9,BID
206,1712365857.9909422,6198832.55816511,700.0,3.7869493151694765e-09,731.9,BID
207,1712365860.6290903,6198832.55816511,700.0,0.0,731.9,BID
208,1712365861.6191578,6198925.44286292,699.9,-1.2307720735500576e-09,731.9,ASK
209,1712365861.6292715,6199243.23039265,699.9,-4.21085524453347e-09,731.9,ASK
210,1712365861.631689,6200178.81556952,699.9,-1.239700548378206e-08,731.9,ASK
211,1712365862.9292738,6202528.1060776,699.9,-3.1129359497866484e-08,731.9,ASK
212,1712365867.1182957,6203186.55873692,699.7,-8.724850959811904e-09,731.9,ASK
213,1712365869.73913,6203259.45812912,699.7,-9.659560531808712e-10,731.9,ASK
214,1712365870.541604,6207197.89929574,699.7,-5.218645821588375e-08,731.9,ASK
215,1712365870.5837574,6209745.98206171,699.7,-3.376346355607869e-08,731.9,ASK
216,1712365870.586404,6210507.84236472,699.7,-1.0095057711243714e-08,731.9,ASK
217,1712365870.6790764,6210562.84236472,699.7,-7.287795044903634e-10,731.9,ASK
218,1712365870.6815934,6212162.21743876,699.7,-2.1192577708240283e-08,731.9,ASK
219,1712365873.1605592,6214158.6239071,699.7,2.6453456668333177e-08,731.9,BID
220,1712365876.159342,6214728.20220631,699.7,-7.547218012115377e-09,731.9,ASK
221,1712365876.2672482,6214850.8973949,699.7,-1.6257770680765287e-09,731.9,ASK
222,1712365876.269904,6214859.43691183,699.7,-1.1315318029991071e-10,731.9,ASK
223,1712365877.529398,6214924.28057667,699.7,8.59213344206093e-10,731.9,BID
224,1712365877.649027,6214941.7875621,699.7,-2.3197694849521536e-10,731.9,ASK
225,1712365883.2395487,6215034.7120904,699.6,-1.2312998488973e-09,731.9,ASK
226,1712365886.1497848,6215127.64990312,699.5,-1.2314758745842023e-09,731.9,ASK
227,1712365886.1514966,6216066.76366288,699.5,-1.2443761099973056e-08,731.9,ASK
228,1712365886.7090905,6216159.71476382,699.4,-1.231651950632782e-09,731.9,ASK
229,1712365886.7116792,6219705.39066291,699.4,-4.69821077240439e-08,731.9,ASK
230,1712365886.7492464,6219713.93017984,699.4,-1.1315318029991071e-10,731.9,ASK
231,1712365886.7520137,6223425.82112375,699.4,-4.9184546233181726e-08,731.9,ASK
232,1712365887.3242123,6223518.78551671,699.3,-1.2318280770306983e-09,731.9,ASK
233,1712365887.3264809,6224476.15781757,699.3,-1.2685696564240282e-08,731.9,ASK
234,1712365887.8492572,6224485.15781757,699.2,-1.1925482800751403e-10,731.9,ASK
235,1712365887.8520887,6224578.13550635,699.2,-1.232004253777951e-09,731.9,ASK
236,1712365887.8546948,6224721.17655913,699.1,-1.8953706830340277e-09,731.9,ASK
237,1712365890.6191518,6224721.17655913,699.1,-0.0,731.9,ASK
238,1712365893.3191462,6225764.77913239,699.5,1.3824976019422372e-08,731.9,BID
239,1712365901.8722324,6225779.07505805,699.5,1.8938323312891359e-10,731.9,BID
240,1712365904.6291747,6225803.78313524,699.5,3.273167232270976e-10,731.9,BID
241,1712365906.0896912,6226658.15058407,699.5,1.1318110739173333e-08,731.9,BID
242,1712365906.0938025,6227803.78313524,699.5,1.5176603577651665e-08,731.9,BID
243,1712365907.7191732,6227824.27793524,699.0,-2.715019354962137e-10,731.9,ASK
244,1712365907.7214203,6231370.73174123,699.0,-4.698114021375538e-08,731.9,ASK
245,1712365911.40925,6231387.82407422,699.0,2.2642823978783782e-10,731.9,BID
246,1712365913.2592423,6231410.07600555,699.0,2.94779281795484e-10,731.9,BID
247,1712365915.6892014,6232410.07600555,699.0,1.3247357158412496e-08,731.9,BID
248,1712365920.427217,6232410.07600555,699.0,0.0,731.9,BID
249,1712365921.2607038,6232515.51255766,699.0,1.3966561950664591e-09,731.9,BID
250,1712365922.0791135,6232529.8187093,699.0,1.8950520398500528e-10,731.9,BID
251,1712365922.679033,6232579.88272932,699.0,6.63168723857445e-10,731.9,BID
252,1712365922.7324145,6232587.42153185,699.0,9.986209759088008e-11,731.9,BID
253,1712365924.349203,6233587.42153185,699.0,1.3246413763678998e-08,731.9,BID
254,1712365924.4292345,6237700.61140559,699.0,5.4485014956135634e-08,731.9,BID
255,1712365924.4315398,6240463.92909899,699.0,3.660404952727407e-08,731.9,BID
256,1712365924.534497,6243641.65618335,699.0,4.2093487787482976e-08,731.9,BID
257,1712365926.4392247,6244156.15528246,699.0,6.815267947854502e-09,731.9,BID
258,1712365929.2290273,6244888.07905899,699.0,9.695365187387318e-09,731.9,BID
259,1712365929.2489953,6244888.079059,699.0,1.3570352587892578e-19,731.9,BID
260,1712365933.6494358,6246916.3795164,699.0,-2.686770709578334e-08,731.9,ASK
261,1712365933.652553,6248357.19937617,698.9,-1.908569602142871e-08,731.9,ASK
262,1712365933.65554,6249438.0578671,698.9,-1.4317498790855992e-08,731.9,ASK
263,1712365933.6584847,6250438.0578671,699.0,-1.3246413763678998e-08,731.9,ASK
264,1712365933.661518,6253290.38444956,698.9,-3.7783098100402084e-08,731.9,ASK
265,1712365933.663172,6258277.75723145,698.8,-6.606480346261926e-08,731.9,ASK
266,1712365933.7205162,6260274.16369979,698.8,2.6445226120119352e-08,731.9,BID
267,1712365933.7725282,6262394.6740385,698.8,2.8089157336707648e-08,731.9,BID
268,1712365933.7929463,6264888.079059,698.8,3.3028674581984585e-08,731.9,BID
269,1712365934.529177,6265030.85093638,699.8,1.8912153615938873e-09,731.9,BID
270,1712365940.4030554,6265223.55009195,698.7,-2.552572746591872e-09,731.9,ASK
271,1712365940.4044983,6265403.48452088,698.7,-2.3834858959294793e-09,731.9,ASK
272,1712365940.405913,6266976.15874408,698.7,-2.08322934759852e-08,731.9,ASK
273,1712365940.543812,6269708.48770261,698.7,3.619355992317023e-08,731.9,BID
274,1712365941.4792354,6270708.48770261,699.8,1.3246413763678998e-08,731.9,BID
275,1712365945.5995023,6270957.85727064,698.7,-3.303252478199913e-09,731.9,ASK
276,1712365946.906233,6271811.4918616,699.8,1.1307596994846465e-08,731.9,BID
277,1712365947.059701,6272541.48100607,699.8,-9.669738250638516e-09,731.9,ASK
278,1712365950.419091,6272541.48100607,699.8,-0.0,731.9,ASK
279,1712365954.369283,6272933.21480888,698.8,-5.1871407140930415e-09,731.9,ASK
280,1712365954.4318595,6275043.32850888,699.9,2.794105743775636e-08,731.9,BID
281,1712365954.4891222,6279148.6973397,699.9,5.4361215845916384e-08,731.9,BID
282,1712365954.58915,6279148.69733972,699.9,2.7130624577676692e-19,731.9,BID
283,1712365955.4191651,6279162.06523972,700.9,1.7701096472714083e-10,731.9,BID
284,1712365963.1341405,6279360.51602759,699.9,2.627784873606852e-09,731.9,BID
285,1712365963.4891171,6280360.51602759,700.9,1.3241493781951728e-08,731.9,BID
286,1712365970.5307684,6280368.44155191,700.9,1.0494578099565884e-10,731.9,BID
287,1712365976.2591305,6281366.62975191,700.9,-1.3217502843526508e-08,731.9,ASK
288,1712365976.8201325,6283929.32486112,701.0,3.3933911353642025e-08,731.9,BID
289,1712365976.8229115,6285012.98357746,701.0,1.4349260154168842e-08,731.9,BID
290,1712365977.8291123,6285027.45440636,701.1,-1.9161539090054287e-10,731.9,ASK
291,1712365978.9717586,6285732.12417958,701.4,9.330880420423084e-09,731.9,BID
292,1712365980.6402502,6285732.12417958,701.4,0.0,731.9,BID
293,1712366003.6168978,6286211.88342006,701.2,-6.3519519299271745e-09,731.9,ASK
294,1712366008.309197,6288518.34975058,701.2,-3.0537323772639795e-08,731.9,ASK
295,1712366010.649379,6288518.34975058,701.2,-0.0,731.9,ASK
296,1712366011.979186,6288617.19265462,701.2,-1.308633752505426e-09,731.9,ASK
297,1712366018.3492887,6288729.92580536,701.2,-1.4925341127741031e-09,731.9,ASK
298,1712366018.3520083,6288811.04326146,701.2,-1.0739571241976034e-09,731.9,ASK
299,1712366021.8791125,6289106.9814427,701.1,-3.918082905278586e-09,731.9,ASK
300,1712366021.8813756,6289513.0200437,701.1,-5.375760893015725e-09,731.9,ASK
301,1712366021.939141,6289514.8318437,700.9,-2.3987383375293964e-11,731.9,ASK
302,1712366028.0501356,6291864.32898655,700.0,-3.110624169150549e-08,731.9,ASK
303,1712366028.0516927,6291985.78348004,699.9,-1.6080006057972147e-09,731.9,ASK
304,1712366028.1092854,6292107.2726897,699.7,-1.608460231631047e-09,731.9,ASK
305,1712366028.111854,6292548.08577914,699.8,-5.836158831952764e-09,731.9,ASK
306,1712366028.1144063,6292669.64448069,699.3,-1.609380271708805e-09,731.9,ASK
307,1712366028.1169858,6292791.15105587,699.6,-1.608690142968216e-09,731.9,ASK
308,1712366028.1195638,6292912.692377,699.4,-1.609150163087242e-09,731.9,ASK
309,1712366028.1221223,6293034.21632267,699.5,-1.608920120124391e-09,731.9,ASK
310,1712366040.3790994,6293034.21632267,699.5,-0.0,731.9,ASK
311,1712366052.3694208,6293155.82719534,699.0,-1.610003596348468e-09,731.9,ASK
312,1712366052.3733244,6293277.42067266,699.1,-1.609773299700746e-09,731.9,ASK
313,1712366052.3771677,6293290.24005749,699.0,-1.69715546202722e-10,731.9,ASK
314,1712366052.3795683,6293433.28111028,699.1,-1.8937172668987402e-09,731.9,ASK
315,1712366052.3812852,6293676.50285562,699.0,-3.220007192696936e-09,731.9,ASK
316,1712366054.1594346,6300832.649986,698.7,-9.474007021696688e-08,731.9,ASK
317,1712366054.1621995,6301954.31307459,698.7,-1.4849672293860861e-08,731.9,ASK
318,1712366054.1649165,6301964.31307459,698.6,-1.3238977412129208e-10,731.9,ASK
319,1712366054.1676624,6302229.06121426,698.8,-3.50499464099593e-09,731.9,ASK
320,1712366054.170057,6302447.57724632,698.6,-2.8929288126384954e-09,731.9,ASK
321,1712366054.171567,6302522.6931759,698.7,-9.94458094992265e-10,731.9,ASK
322,1712366054.1732342,6303779.66525893,698.5,-1.6641025014914733e-08,731.9,ASK
323,1712366054.174749,6305516.75558242,698.6,-2.299729955551353e-08,731.9,ASK
324,1712366054.176286,6308200.32578227,698.5,-3.5527725259677426e-08,731.9,ASK
325,1712366054.524572,6308343.5102038,698.4,-1.8956153224043704e-09,731.9,ASK
326,1712366054.5273798,6309730.46119176,698.4,-1.8361812801335545e-08,731.9,ASK
327,1712366061.6491013,6309756.46109176,698.4,3.4421208880753736e-10,731.9,BID
328,1712366061.7118366,6310756.46109176,698.4,1.323897741212921e-08,731.9,BID
329,1712366061.7146091,6312909.66709079,698.4,2.8506245584828968e-08,731.9,BID
330,1712366061.8490956,6320273.04912439,698.5,9.748364841970237e-08,731.9,BID
331,1712366061.893401,6331016.49562202,698.4,-1.4223224551054658e-07,731.9,ASK
332,1712366061.9534876,6334602.31549157,698.5,4.747258825693584e-08,731.9,BID
333,1712366061.9552543,6336684.35394993,698.5,2.75640601214048e-08,731.9,BID
334,1712366062.9747307,6337727.49911122,698.4,-1.381017522789884e-08,731.9,ASK
335,1712366064.7193484,6341728.89569281,698.5,5.2974398960643375e-08,731.9,BID
336,1712366067.2491343,6341754.89559281,698.5,3.4421208880753736e-10,731.9,BID
337,1712366070.4491334,6341754.89559281,698.5,0.0,731.9,BID
338,1712366071.0791664,6343117.39306167,698.4,-1.8029949831307053e-08,731.9,ASK
339,1712366071.259168,6343512.37111242,698.5,5.226750582855242e-09,731.9,BID
340,1712366081.8592005,6344117.39306167,698.5,-8.006264702225735e-09,731.9,ASK
341,1712366081.8691745,6345376.62886968,698.5,-1.6663486694920442e-08,731.9,ASK
342,1712366081.9511373,6346376.62886968,698.5,1.3233015285080975e-08,731.9,BID
343,1712366082.455556,6347912.6506254,698.5,2.0326199371666146e-08,731.9,BID
344,1712366082.4583678,6351856.35405408,699.7,5.218708775154972e-08,731.9,BID
345,1712366082.460001,6352227.7869599,698.5,4.915177320088404e-09,731.9,BID
346,1712366082.4615982,6353717.10660967,699.7,1.9708189689789183e-08,731.9,BID
347,1712366088.9701192,6353817.10660967,698.5,-1.323301528508097e-09,731.9,ASK
348,1712366096.6465974,6353893.45330692,698.5,-1.010297011667419e-09,731.9,ASK
349,1712366100.4592392,6353893.45330692,698.5,-0.0,731.9,ASK
350,1712366101.1786015,6366228.04248709,698.4,-1.7233087017773246e-07,731.9,ASK
351,1712366101.1802733,6367349.74041121,698.5,-1.5671634986499234e-08,731.9,ASK
352,1712366101.1819077,6367801.06958901,698.4,-6.305678187645693e-09,731.9,ASK
353,1712366101.1835427,6369647.1292601,698.5,-2.5791946928430785e-08,731.9,ASK
354,1712366103.9892302,6369690.08458656,698.4,-6.0014392691833e-10,731.9,ASK
355,1712366103.9930325,6370360.47075813,698.4,-9.366200253147589e-09,731.9,ASK
356,1712366104.4690611,6370416.14360904,698.3,-7.77824920032055e-10,731.9,ASK
357,1712366104.549168,6370557.16950904,698.4,1.970322295259699e-09,731.9,BID
358,1712366105.5790515,6370608.90894511,698.3,-7.228698021573989e-10,731.9,ASK
359,1712366105.581133,6377713.48240667,698.3,-9.926048683004633e-08,731.9,ASK
360,1712366105.6605954,6383172.59556065,698.1,-7.627118394315992e-08,731.9,ASK
361,1712366105.662286,6383228.26841156,698.3,-7.778249200190433e-10,731.9,ASK
362,1712366105.6639578,6383464.60470487,698.2,-3.301937217832524e-09,731.9,ASK
363,1712366105.6656272,6386385.46576661,698.1,-4.0808374003008665e-08,731.9,ASK
364,1712366105.6672957,6386414.11906173,698.0,-4.0032523251490725e-10,731.9,ASK
365,1712366105.668966,6386652.21616857,698.0,-3.326538161042336e-09,731.9,ASK
366,1712366105.6706717,6386916.82109623,698.1,-3.6968882198577907e-09,731.9,ASK
367,1712366105.6725483,6387494.3045608,698.0,-8.068223960190836e-09,731.9,ASK
368,1712366105.6742537,6389877.6029603,698.1,-3.329789756915819e-08,731.9,ASK
369,1712366105.675959,6391417.7572726,698.0,-2.1518035904545752e-08,731.9,ASK
370,1712366105.8394215,6392349.26608475,697.9,-1.3014436219254237e-08,731.9,ASK
371,1712366105.8431518,6392492.55308861,697.9,-2.0019129700752118e-09,731.9,ASK
372,1712366105.8467972,6394168.42955405,697.8,-2.3414257692823244e-08,731.9,ASK
373,1712366105.8501172,6394190.74742193,697.9,-3.118107572170312e-10,731.9,ASK
374,1712366105.851784,6394261.44437497,697.8,-9.877319186258786e-10,731.9,ASK
375,1712366106.259076,6394716.37997497,698.0,6.356064776667251e-09,731.9,BID
376,1712366109.8293145,6394878.64447497,698.0,2.267054222527142e-09,731.9,BID
377,1712366110.9392257,6395878.64447497,698.0,1.397135061901993e-08,731.9,BID
378,1712366113.015463,6395892.17495901,698.0,1.8903913657163435e-10,731.9,BID
379,1712366114.7392824,6401532.43119536,697.8,-7.880199745914888e-08,731.9,ASK
380,1712366114.7431412,6402743.4852223,697.8,-1.6920060428953437e-08,731.9,ASK
381,1712366114.8392806,6402886.81330027,697.7,-2.002486830870111e-09,731.9,ASK
382,1712366114.843253,6404864.39471371,697.7,-2.762948330483293e-08,731.9,ASK
383,1712366115.0412338,6404864.39471372,697.7,-1.431301765229732e-19,731.9,ASK
384,1712366115.5867462,6404871.63174438,697.8,1.011110927886945e-10,731.9,BID
385,1712366121.999412,6405871.63174438,697.8,1.397135061901993e-08,731.9,BID
386,1712366124.3871944,6413634.96990906,697.8,1.0846431947275888e-07,731.9,BID
387,1712366126.1392643,6413923.72986374,697.6,-4.034366571563195e-09,731.9,ASK
388,1712366126.143271,6414079.76297726,697.6,-2.1799933371735363e-09,731.9,ASK
389,1712366130.412884,6414079.76297726,697.6,-0.0,731.9,ASK
390,1712366135.159276,6424079.76297726,697.8,1.396315397156012e-07,731.9,BID
391,1712366135.2393084,6430163.37543791,697.8,8.49464174913517e-08,731.9,BID
392,1712366135.2433105,6432549.19742327,697.8,3.331359973031821e-08,731.9,BID
393,1712366135.2592063,6434683.37543791,697.8,2.9799856221133524e-08,731.9,BID
394,1712366135.2630126,6434941.88911709,698.0,3.6096663061489435e-09,731.9,BID
395,1712366137.389249,6435208.68128511,697.8,-3.7252601204733774e-09,731.9,ASK
396,1712366137.9493575,6435638.78474698,697.9,-6.0056008617917395e-09,731.9,ASK
397,1712366138.029159,6435638.78479778,698.4,7.09327120830043e-16,731.9,BID
398,1712366160.613417,6435638.78479778,698.4,0.0,731.9,BID
399,1712366163.4494023,6436038.7136993,698.4,-5.583096036564075e-09,731.9,ASK
400,1712366163.4642725,6436053.03214145,698.4,1.99888623487294e-10,731.9,BID
401,1712366168.449411,6436304.3286305,697.9,-3.508154641199109e-09,731.9,ASK
402,1712366190.6291735,6436304.3286305,697.9,-0.0,731.9,ASK
403,1712366202.0397284,6438580.18397027,699.4,3.1771238466064524e-08,731.9,BID
404,1712366202.04443,6440576.59043861,699.2,2.787009563939792e-08,731.9,BID
405,1712366202.0490167,6441083.33724703,698.4,7.074251781685081e-09,731.9,BID
406,1712366202.0517955,6442670.68392738,699.3,2.2159567450713903e-08,731.9,BID
407,1712366202.0538597,6445330.68392738,700.4,3.713394820967172e-08,731.9,BID
408,1712366202.0559273,6445612.94298483,699.7,3.940373391377095e-09,731.9,BID
409,1712366202.058039,6453438.21811222,700.9,1.0924186515298785e-07,731.9,BID
410,1712366202.0601368,6455434.62458056,699.4,2.787009563939792e-08,731.9,BID
411,1712366202.0622396,6456663.47418732,699.6,1.7154901374020896e-08,731.9,BID
412,1712366202.0643444,6459163.47418732,700.2,3.490032726472906e-08,731.9,BID
413,1712366215.8295584,6459445.03342645,698.0,-3.9306038360115644e-09,731.9,ASK
414,1712366215.8336942,6460881.80759893,698.1,-2.0057555530027962e-08,731.9,ASK
415,1712366220.4107747,6460881.80759893,698.1,-0.0,731.9,ASK
416,1712366240.0292077,6462308.95188321,700.7,1.9918337549718773e-08,731.9,BID
417,1712366243.919403,6464474.68846132,700.8,3.0226707055288434e-08,731.9,BID
418,1712366243.9226449,6465423.00260871,700.9,1.323541109259707e-08,731.9,BID
419,1712366243.9258242,6465923.00260871,700.7,6.978389560578807e-09,731.9,BID
420,1712366243.929113,6466189.79477673,700.8,3.7235593603136875e-09,731.9,BID
421,1712366243.9316697,6467669.92955887,700.9,2.0657914223872725e-08,731.9,BID
422,1712366250.425666,6467669.92955887,700.9,0.0,731.9,BID
423,1712366274.0291948,6468168.48895373,700.7,6.957821390266004e-09,731.9,BID
424,1712366280.6492474,6468168.48895373,700.7,0.0,731.9,BID
425,1712366281.3291605,6470164.89542207,699.2,-2.7861418420677866e-08,731.9,ASK
426,1712366287.0792253,6507928.55891199,699.2,5.27021549106226e-07,731.9,BID
427,1712366300.4735467,6512830.24769127,699.3,-6.840691222614223e-08,731.9,ASK
428,1712366310.6391864,6512830.24769127,699.3,-0.0,731.9,ASK
429,1712366311.549366,6514118.42458905,699.4,-1.7969687776756203e-08,731.9,ASK
430,1712366340.4325535,6514118.42458905,699.4,-0.0,731.9,ASK
431,1712366347.5019865,6514620.57938729,699.4,-7.004823288474515e-09,731.9,ASK
432,1712366347.619182,6515788.48759432,699.4,-1.629177025903465e-08,731.9,ASK
433,1712366347.6232276,6521754.36506244,699.4,-8.322118512320087e-08,731.9,ASK
434,1712366347.6990733,6524147.05680706,699.4,-3.3376924632772136e-08,731.9,ASK
435,1712366347.7391448,6527268.60972008,699.4,-4.354419517238677e-08,731.9,ASK
436,1712366347.7424233,6528712.7046889,699.4,-2.0144445704402903e-08,731.9,ASK
437,1712366347.979087,6528712.70468891,699.4,-1.4290663139870894e-19,731.9,ASK
438,1712366352.3620243,6528729.33915767,699.2,-2.3204301654712886e-10,731.9,ASK
439,1712366361.2290783,6528732.70468891,699.2,-4.694757810695366e-11,731.9,ASK
440,1712366361.231526,6528761.3088079,699.2,-3.9901400832575054e-10,731.9,ASK
441,1712366370.4659114,6528761.3088079,699.2,-0.0,731.9,ASK
442,1712366372.9801748,6530665.91676325,698.9,-2.6564590278239724e-08,731.9,ASK
443,1712366372.982164,6530690.33533199,699.2,-3.4057889549031686e-10,731.9,ASK
444,1712366372.9840677,6530811.96360499,698.9,-1.6964148602970907e-09,731.9,ASK
445,1712366373.0791864,6535990.49737101,698.9,7.222779226031173e-08,731.9,BID
446,1712366381.7792623,6538679.17732715,698.8,-3.7500463664221145e-08,731.9,ASK
447,1712366381.8861563,6539681.01995715,698.8,-1.3973237334483249e-08,731.9,ASK
448,1712366384.7959569,6541348.39519585,698.8,-2.3255778141498378e-08,731.9,ASK
449,1712366384.799617,6541470.04087415,698.8,-1.6966576213586451e-09,731.9,ASK
450,1712366388.469578,6544233.09536179,698.6,-3.8537805207862856e-08,731.9,ASK
451,1712366388.473067,6545335.75754136,698.3,-1.5379421750986118e-08,731.9,ASK
452,1712366388.4764638,6545600.58147493,698.6,-3.693641660684918e-09,731.9,ASK
453,1712366388.479052,6545722.27939905,698.5,-1.697386321887974e-09,731.9,ASK
454,1712366388.4810522,6545844.01217865,698.3,-1.697872469982618e-09,731.9,ASK
455,1712366388.4830203,6545965.72752802,698.4,-1.6976293612009555e-09,731.9,ASK
456,1712366388.4849849,6546037.35050467,698.5,-9.989641300636003e-10,731.9,ASK
457,1712366388.4869742,6546265.86826716,698.1,-3.1872599895354704e-09,731.9,ASK
458,1712366388.488928,6546273.06826716,698.3,-1.0042226772762034e-10,731.9,ASK
459,1712366388.490913,6546394.81848199,698.2,-1.698115648505745e-09,731.9,ASK
460,1712366388.4930253,6546516.58613705,698.1,-1.6983588967573463e-09,731.9,ASK
461,1712366388.495017,6552807.14099239,698.2,-8.773774775304295e-08,731.9,ASK
462,1712366388.497005,6553013.42341278,698.1,-2.8771317288053994e-09,731.9,ASK
463,1712366390.259442,6553299.91531938,698.1,-3.995856520228423e-09,731.9,ASK
464,1712366390.2639687,6553841.86929504,698.1,-7.558923227548364e-09,731.9,ASK
465,1712366390.2679763,6564024.12954014,698.0,-1.4201745338600704e-07,731.9,ASK
466,1712366390.271459,6566319.08193208,698.0,-3.2008933822166145e-08,731.9,ASK
467,1712366394.4575677,6566851.70510118,698.0,-7.428781456097395e-09,731.9,ASK
468,1712366399.549276,6567607.40143541,698.0,-1.0540102721505725e-08,731.9,ASK
469,1712366400.4791622,6567607.40143541,698.0,-0.0,731.9,ASK
470,1712366403.714009,6567637.40143541,698.8,4.305020887652276e-10,731.9,BID
471,1712366404.0093777,6568977.47166385,698.0,-1.9230101081193723e-08,731.9,ASK
472,1712366404.0116813,6570122.31151643,698.0,-1.6428531594576965e-08,731.9,ASK
473,1712366408.529204,6570404.57057387,698.0,-4.050437126692189e-09,731.9,ASK
474,1712366411.451496,6570476.20381169,698.0,-1.0279419502192462e-09,731.9,ASK
475,1712366411.457318,6571338.53355159,698.0,-1.2374491807701872e-08,731.9,ASK
476,1712366411.4593546,6571345.69830803,698.0,-1.028147537718046e-10,731.9,ASK
477,1712366412.24922,6571551.86219934,698.8,2.958466194562245e-09,731.9,BID
478,1712366412.252795,6571610.73446518,698.0,8.44821113814663e-10,731.9,BID
479,1712366414.559175,6571928.82897745,697.9,-4.564678398563969e-09,731.9,ASK
480,1712366424.3792894,6571949.16289332,697.9,-2.917931085028504e-10,731.9,ASK
481,1712366424.383924,6572173.30929137,697.9,-3.21651641832107e-09,731.9,ASK
482,1712366428.30992,6572316.29041861,698.0,-2.0517891310241688e-09,731.9,ASK
483,1712366429.069083,6572373.30929137,698.0,-8.18224794077348e-10,731.9,ASK
484,1712366430.4336858,6572373.30929137,698.0,-0.0,731.9,ASK
485,1712366434.459569,6572896.86469795,697.9,-7.512697889309442e-09,731.9,ASK
486,1712366434.4641848,6574919.48434258,697.9,-2.9023347183735617e-08,731.9,ASK
487,1712366434.468711,6577406.89732471,697.9,-3.56928455438378e-08,731.9,ASK
488,1712366439.1396396,6577590.58095391,698.0,2.6357470404239063e-09,731.9,BID
489,1712366439.1418295,6578839.56208115,698.0,1.7922110555021557e-08,731.9,BID
490,1712366439.2866356,6583278.09363927,697.9,-6.369019639423206e-08,731.9,ASK
491,1712366439.339183,6584312.69513705,697.8,-1.4845894801128872e-08,731.9,ASK
492,1712366439.342777,6588212.53595569,697.8,-5.5960315792051057e-08,731.9,ASK
493,1712366439.4192617,6588334.35596141,697.8,-1.748042114263834e-09,731.9,ASK
494,1712366439.4238343,6588628.93403069,697.8,-4.2270140113219775e-09,731.9,ASK
495,1712366440.7596908,6588754.22705261,697.9,1.797877759440612e-09,731.9,BID
496,1712366441.347556,6588754.22705262,697.8,-1.3363905811398012e-19,731.9,ASK
497,1712366448.168822,6588795.35119825,697.8,5.90106182071692e-10,731.9,BID
498,1712366450.958857,6589456.9377147,697.8,-9.493359371825393e-09,731.9,ASK
499,1712366454.1688285,6589528.59148368,697.8,1.028187489254202e-09,731.9,BID
500,1712366454.5254626,6589944.36529695,697.8,5.966098353924891e-09,731.9,BID
501,1712366456.0591788,6592212.69421405,697.8,3.254912403461491e-08,731.9,BID
502,1712366456.0640483,6592495.35791842,697.8,4.056050206946992e-09,731.9,BID
503,1712366456.1387756,6593825.73945266,697.9,1.9090156301805424e-08,731.9,BID
504,1712366456.1587708,6594058.57491962,698.0,3.341045664317242e-09,731.9,BID
505,1712366456.1686468,6598877.42887953,697.9,6.91475888101563e-08,731.9,BID
506,1712366460.6353958,6598877.42887953,697.9,0.0,731.9,BID
507,1712366461.75876,6606326.43625805,698.0,1.0686030964492141e-07,731.9,BID
508,1712366461.848744,6617202.66715085,698.0,1.5602580879780788e-07,731.9,BID
509,1712366467.8288095,6620052.311771,698.0,-4.087979659749927e-08,731.9,ASK
510,1712366467.89073,6620113.66015124,698.6,8.80077918519808e-10,731.9,BID
511,1712366467.8955495,6620142.28883718,698.6,4.1069502132648046e-10,731.9,BID
512,1712366467.899496,6620170.9134257,698.7,4.106362414883313e-10,731.9,BID
513,1712366467.9487605,6620862.24117199,698.7,-9.917495483718332e-09,731.9,ASK
514,1712366468.1288018,6620989.84174916,698.7,-1.8305039174185994e-09,731.9,ASK
515,1712366468.1310568,6621597.55493621,698.7,-8.717996377710647e-09,731.9,ASK
516,1712366468.6508803,6621604.71005927,698.8,1.0264436950415568e-10,731.9,BID
517,1712366471.0498905,6627353.41887119,698.6,-8.24685454697949e-08,731.9,ASK
518,1712366471.052153,6628771.55380887,698.1,-2.0343964082476245e-08,731.9,ASK
519,1712366471.0543396,6629480.5716938,698.7,-1.0171270731447331e-08,731.9,ASK
520,1712366471.0565605,6630558.44199123,698.1,-1.5462671452372086e-08,731.9,ASK
521,1712366471.119081,6632289.12730247,698.8,2.4827679563098533e-08,731.9,BID
522,1712366489.0642116,6632296.28242553,698.8,1.0264436950415568e-10,731.9,BID
523,1712366489.378841,6633480.6101243,698.8,1.6989864310856742e-08,731.9,BID
524,1712366490.6087406,6633480.6101243,698.8,0.0,731.9,BID
525,1712366496.7888536,6633970.14182149,698.8,7.020181521152351e-09,731.9,BID
526,1712366499.4988177,6634113.24428285,698.8,2.052176111662302e-09,731.9,BID
527,1712366508.068715,6635044.10811599,698.8,1.3349152092979218e-08,731.9,BID
528,1712366508.078822,6635580.86050336,698.8,7.697354865646241e-09,731.9,BID
529,1712366508.1487763,6635611.85399722,698.8,4.4446550473696406e-10,731.9,BID
530,1712366508.167611,6635809.95622236,698.8,2.840906090881745e-09,731.9,BID
531,1712366508.7586973,6635838.57261956,698.9,4.1037649651668015e-10,731.9,BID
532,1712366509.3186038,6635867.18492285,699.0,4.1031778735549615e-10,731.9,BID
533,1712366509.8788283,6635895.79313341,699.1,4.1025909512937884e-10,731.9,BID
534,1712366510.4587898,6635924.3972524,699.2,4.10200419544502e-10,731.9,BID
535,1712366511.028779,6635952.997281,699.3,4.1014176085462437e-10,731.9,BID
536,1712366520.4586985,6635952.997281,699.3,0.0,731.9,BID
537,1712366520.8287888,6635963.68688191,699.1,-1.5329156399828755e-10,731.9,ASK
538,1712366520.8333597,6636882.22305282,699.1,-1.3172039574957137e-08,731.9,ASK
539,1712366520.9089563,6637081.64643241,698.9,-2.8597813905639316e-09,731.9,ASK
540,1712366520.913846,6637092.55740679,698.9,-1.5646611519654519e-10,731.9,ASK
541,1712366550.4089012,6637092.55740679,698.9,-0.0,731.9,ASK
542,1712366556.3528638,6639968.86760554,698.6,-4.124654005009392e-08,731.9,ASK
543,1712366556.4088292,6639980.00776302,698.5,-1.5975083349989908e-10,731.9,ASK
544,1712366556.4146695,6640583.80450456,698.5,-8.658498131699552e-09,731.9,ASK
545,1712366556.4484491,6640583.80450458,698.5,-2.804601922604141e-19,731.9,ASK
546,1712366558.0589695,6640726.88649055,698.5,2.051808204596213e-09,731.9,BID
547,1712366558.7827082,6641013.37839715,698.1,-4.1083190209253685e-09,731.9,ASK
548,1712366558.7873735,6641658.10003291,698.0,-9.245364697480297e-09,731.9,ASK
549,1712366558.791356,6641781.00506084,698.1,-1.7624688599654171e-09,731.9,ASK
550,1712366561.0888438,6641900.53557654,697.9,-1.714078059159227e-09,731.9,ASK
551,1712366569.9287455,6641943.63494189,698.0,-6.18048672152584e-10,731.9,ASK
552,1712366580.608649,6641943.63494189,698.0,-0.0,731.9,ASK
553,1712366588.8489578,6642099.60849917,698.0,-2.236565797990313e-09,731.9,ASK
554,1712366588.8548744,6642723.03642444,698.0,-8.939576678786705e-09,731.9,ASK
555,1712366589.1087446,6642731.69313326,698.0,-1.241319311240909e-10,731.9,ASK
556,1712366589.4548762,6643222.46219294,698.0,-7.037329357167058e-09,731.9,ASK
557,1712366599.5087996,6643252.09150944,698.0,-4.2486634951510055e-10,731.9,ASK
558,1712366599.5142517,6645753.40961828,698.0,-3.5867377968874505e-08,731.9,ASK
559,1712366601.5790334,6645847.71132328,697.9,-1.3522290045358018e-09,731.9,ASK
560,1712366601.5837712,6647171.54455596,697.9,-1.8982962125646812e-08,731.9,ASK
561,1712366601.6590075,6647200.18310027,697.9,-4.1065927984560943e-10,731.9,ASK
562,1712366601.6630144,6647706.32063187,697.9,-7.257703882593537e-09,731.9,ASK
563,1712366601.66706,6648706.32063187,697.8,-1.4339390836421612e-08,731.9,ASK
564,1712366601.6708405,6648721.8236985,697.9,-2.2230453157212827e-10,731.9,ASK
565,1712366601.673055,6648844.78156607,697.8,-1.7631409195023751e-09,731.9,ASK
566,1712366605.2488148,6650411.0583553,698.0,2.24594550387754e-08,731.9,BID
567,1712366610.628795,6650411.0583553,698.0,0.0,731.9,BID
568,1712366610.7629914,6650411.05835531,697.8,-1.4688813449846102e-19,731.9,ASK
569,1712366610.858591,6650617.64275422,697.8,2.9620434227356432e-09,731.9,BID
570,1712366612.159012,6650892.89736473,697.8,3.946648986747849e-09,731.9,BID
571,1712366624.5488515,6651322.08191408,699.0,6.153723505975616e-09,731.9,BID
572,1712366624.9288723,6651792.5028895,698.0,6.744978631049068e-09,731.9,BID
573,1712366624.9486718,6651792.50288951,698.0,1.4688813449846102e-19,731.9,BID
574,1712366636.2789164,6651935.81042748,698.0,-2.0547686684558006e-09,731.9,ASK
575,1712366636.358942,6653968.4852099,698.0,2.91448483117924e-08,731.9,BID
576,1712366636.3633063,6654403.88961554,698.0,6.242904898722415e-09,731.9,BID
577,1712366640.4189315,6654403.88961554,698.0,0.0,731.9,BID
578,1712366653.27908,6654546.95113199,699.0,2.0511591936386832e-09,731.9,BID
579,1712366657.158954,6654629.88519206,699.0,1.1890756088659367e-09,731.9,BID
580,1712366658.3388703,6654916.41814334,698.0,-4.1081956341882935e-09,731.9,ASK
581,1712366658.3438604,6655009.12984537,698.0,-1.329263555247389e-09,731.9,ASK
582,1712366664.0688314,6655009.12984538,699.0,1.4688226431738616e-19,731.9,BID
583,1712366670.421535,6655009.12984538,699.0,0.0,731.9,BID
584,1712366671.922388,6655438.06893602,699.4,6.149921021264599e-09,731.9,BID
585,1712366672.2588863,6655509.59969423,699.0,-1.0255733813467648e-09,731.9,ASK
586,1712366674.7712994,6655517.39969423,699.0,1.1183262383207199e-10,731.9,BID
587,1712366675.0488834,6655859.97976199,698.0,-4.9117471598001175e-09,731.9,ASK
588,1712366680.4328394,6656011.46760176,699.0,2.1719593075089303e-09,731.9,BID
589,1712366691.0797284,6656025.7737534,699.0,2.0511467623730606e-10,731.9,BID
590,1712366693.3462656,6656406.76681851,698.0,-5.462494119109034e-09,731.9,ASK
591,1712366700.6437602,6656406.76681851,698.0,-0.0,731.9,ASK
592,1712366700.7492025,6661598.49529253,699.0,7.579458982452465e-08,731.9,BID
593,1712366700.753431,6682568.19814898,698.9,3.061388966507448e-07,731.9,BID
594,1712366712.0791368,6683806.24556513,699.0,1.807438439048133e-08,731.9,BID
595,1712366716.3587744,6683806.24556514,699.0,1.3596476181398263e-19,731.9,BID
596,1712366716.438822,6683877.77632335,699.4,1.044285059499818e-09,731.9,BID
597,1712366716.4586792,6684149.47772917,699.4,3.966597388882763e-09,731.9,BID
598,1712366723.5689723,6684377.3064745,699.4,3.3260958058548603e-09,731.9,BID
599,1712366723.5751495,6684423.894372,699.4,6.801416136208433e-10,731.9,BID
600,1712366727.8991582,6684709.85376576,699.4,4.17475125382859e-09,731.9,BID
601,1712366730.6389563,6684709.85376576,699.4,0.0,731.9,BID
602,1712366736.141461,6685094.2301055,699.0,-5.609930440161641e-09,731.9,ASK
603,1712366745.628647,6685160.76623199,699.0,-9.71087454609955e-10,731.9,ASK
604,1712366760.4228609,6685160.76623199,699.0,-0.0,731.9,ASK
605,1712366760.7592454,6685238.69267026,699.0,-1.137322571525575e-09,731.9,ASK
606,1712366762.1992009,6686151.13490646,699.0,-1.3316932911247805e-08,731.9,ASK
607,1712366762.205523,6687588.28425246,699.0,-2.0974940291933232e-08,731.9,ASK
608,1712366765.489192,6687597.77585806,698.9,-1.3852830347506864e-10,731.9,ASK
609,1712366765.4990432,6691683.28834746,698.9,-5.962733154044739e-08,731.9,ASK
610,1712366765.5792935,6692217.12246161,698.9,-7.791214393436322e-09,731.9,ASK
611,1712366768.5697796,6695000.95157382,699.0,4.062949308229784e-08,731.9,BID
612,1712366778.1591775,6695716.25915609,699.0,-1.0439787535124007e-08,731.9,ASK
613,1712366780.576258,6698699.12037538,699.0,-4.3534331451243946e-08,731.9,ASK
614,1712366780.5932662,6698709.13468153,699.0,-1.4615702547118423e-10,731.9,ASK
615,1712366780.6691215,6699709.13468152,698.9,-1.4594822973750174e-08,731.9,ASK
616,1712366780.67899,6704145.78933758,698.9,-6.475218930152411e-08,731.9,ASK
617,1712366780.7494242,6704268.58882233,698.7,-1.79223674121608e-09,731.9,ASK
618,1712366780.7593577,6704391.441056,698.4,-1.793006602357731e-09,731.9,ASK
619,1712366780.7637217,6704514.22296784,698.8,-1.7919802676978331e-09,731.9,ASK
620,1712366780.7680748,6704514.22296785,698.9,-1.4951736918920336e-19,731.9,ASK
621,1712366780.7724738,6704637.04003054,698.6,-1.7924932881337631e-09,731.9,ASK
622,1712366780.7757318,6704759.8746762,698.5,-1.7927499084644743e-09,731.9,ASK
623,1712366784.5291092,6705526.08497662,699.0,1.1182703695414398e-08,731.9,BID
624,1712366790.4046595,6705526.08497662,699.0,0.0,731.9,BID
625,1712366804.8892884,6705826.21048292,699.3,4.379368845691265e-09,731.9,BID
626,1712366804.8948874,6711878.7012004,699.3,8.8316683289531e-08,731.9,BID
627,1712366804.9004006,6713124.51754623,699.0,1.817869250651896e-08,731.9,BID
628,1712366804.90383,6717934.09391564,699.3,7.018033612960026e-08,731.9,BID
629,1712366804.9838514,6717962.67759436,699.7,4.1708708341127426e-10,731.9,BID
630,1712366804.9864116,6717991.2653588,699.6,4.1714670139364375e-10,731.9,BID
631,1712366804.9889486,6718019.85721012,699.5,4.1720633629514616e-10,731.9,BID
632,1712366804.9915075,6718305.66305581,699.4,4.170419342106215e-09,731.9,BID
633,1712366810.454201,6718495.02975442,698.9,-2.76319940456798e-09,731.9,ASK
634,1712366813.639173,6718523.60934859,699.8,4.1702748251111354e-10,731.9,BID
635,1712366813.6494565,6724392.95108781,700.0,8.564421156462224e-08,731.9,BID
636,1712366813.654797,6724421.5265986,699.9,4.1696789867957196e-10,731.9,BID
637,1712366813.6598983,6724450.09802717,700.0,4.169083317807529e-10,731.9,BID
638,1712366813.6640284,6725282.74267519,700.2,1.214977719165128e-08,731.9,BID
639,1712366813.666984,6725311.31002271,700.1,4.16848781950553e-10,731.9,BID
640,1712366813.6699378,6725339.87329035,700.2,4.1678924918897214e-10,731.9,BID
641,1712366818.769402,6725541.83014011,700.2,2.9469122665362553e-09,731.9,BID
642,1712366818.8494267,6726482.4550934,700.5,1.3725403304457885e-08,731.9,BID
643,1712366818.855123,6726511.01020476,700.4,4.1667023446397826e-10,731.9,BID
644,1712366818.859599,6726539.56939368,700.3,4.16729733360114e-10,731.9,BID
645,1712366818.8620946,6729165.55016046,700.6,3.831776412878972e-08,731.9,BID
646,1712366818.8646429,6729194.10119544,700.5,4.166107527587687e-10,731.9,BID
647,1712366820.6390653,6729194.10119544,700.5,0.0,731.9,BID
648,1712366821.6631894,6729208.40939404,700.4,-2.0873181306662288e-10,731.9,ASK
649,1712366824.809126,6730593.13459032,700.5,-2.0200740071998264e-08,731.9,ASK
650,1712366825.5353153,6733313.9227379,700.4,3.969158234996154e-08,731.9,BID
651,1712366825.5457852,6733456.67791277,700.4,2.0825505228191873e-09,731.9,BID
652,1712366828.6491206,6733470.95343026,700.4,-2.0825505232267783e-10,731.9,ASK
653,1712366830.0890868,6733613.688229,700.6,2.0822532704197646e-09,731.9,BID
654,1712366840.130739,6737612.47898584,700.5,5.8335424890235944e-08,731.9,BID
655,1712366840.2352464,6737641.02594559,700.6,4.164506541029739e-10,731.9,BID
656,1712366840.2394729,6738651.73607966,700.6,1.474450870203846e-08,731.9,BID
657,1712366840.2424936,6738680.27896535,700.7,4.1639122063867396e-10,731.9,BID
658,1712366840.2455509,6738708.81777814,700.8,4.1633180408941934e-10,731.9,BID
659,1712366840.2486186,6738737.3443792,701.1,4.1615365610855106e-10,731.9,BID
660,1712366840.2517245,6738765.87912025,700.9,4.1627240446879657e-10,731.9,BID
661,1712366840.2549312,6738794.40979072,701.0,4.1621302174963285e-10,731.9,BID
662,1712366848.059455,6738822.93232351,701.2,4.1609430711078703e-10,731.9,BID
663,1712366848.0651932,6738893.96460225,701.2,1.03623780617241e-09,731.9,BID
664,1712366848.0697973,6739641.93370259,701.1,1.0911572504382518e-08,731.9,BID
665,1712366849.4491146,6739641.9337026,701.2,1.4945020018324497e-19,731.9,BID
666,1712366850.6290443,6739641.9337026,701.2,0.0,731.9,BID
667,1712366852.267397,6740355.20046437,701.0,1.0404214653452713e-08,731.9,BID
668,1712366852.9842346,6741781.32710441,701.2,2.0802494215736395e-08,731.9,BID
669,1712366857.719224,6741791.32710441,701.1,1.4586708944127635e-10,731.9,BID
670,1712366862.1593385,6741798.46180761,700.8,-1.0407183897207984e-10,731.9,ASK
671,1712366865.5490716,6741941.07447161,701.1,2.0802494215165827e-09,731.9,BID
672,1712366868.2391877,6742083.68713561,701.1,2.0802494215165827e-09,731.9,BID
673,1712366880.4190476,6742083.68713561,701.1,0.0,731.9,BID
674,1712366885.269122,6742536.43090795,701.1,6.6038767201251094e-09,731.9,BID
675,1712366885.2761216,6743474.3413103,701.1,1.3680684418098749e-08,731.9,BID
676,1712366885.3492806,6744005.62050687,701.2,7.74942148840543e-09,731.9,BID
677,1712366885.8289835,6744034.13490664,701.4,4.1592086371604976e-10,731.9,BID
678,1712366885.83892,6746262.62814828,701.2,3.2505570564467403e-08,731.9,BID
679,1712366885.8428843,6746291.14661399,701.3,4.1598017090708257e-10,731.9,BID
680,1712366886.399047,6746319.65694899,701.5,4.1586157357368005e-10,731.9,BID
681,1712366886.4044757,6746348.16322037,701.6,4.1580230020828135e-10,731.9,BID
682,1712366886.9390454,6746376.66542929,701.7,4.1574304376928447e-10,731.9,BID
683,1712366887.4789517,6746405.16357691,701.8,4.1568380424310487e-10,731.9,BID
684,1712366889.9491727,6746477.26140223,701.0,-1.0516437315929935e-09,731.9,ASK
685,1712366893.249123,6746505.75548971,701.9,4.15624581643327e-10,731.9,BID
686,1712366893.869131,6746534.2455182,702.0,4.155653758205203e-10,731.9,BID
687,1712366894.4495566,6746631.2626063,702.1,1.415124687963325e-09,731.9,BID
688,1712366894.4554968,6746659.74857696,702.1,4.1550618689694606e-10,731.9,BID
689,1712366895.0091355,6746688.23049094,702.2,4.1544701477751244e-10,731.9,BID
690,1712366895.0151591,6746716.70834941,702.3,4.1538785972032634e-10,731.9,BID
691,1712366895.509102,6746723.94538007,701.9,-1.0556182374433195e-10,731.9,ASK
692,1712366896.9603617,6746831.74207597,702.4,1.5723597629671875e-09,731.9,BID
693,1712366896.9663582,6746860.21588007,702.4,4.153287212635119e-10,731.9,BID
694,1712366897.0391238,6746860.21594873,702.4,1.0014968827981626e-15,731.9,BID
695,1712366897.5991404,6746979.99013158,702.5,1.7470675161587347e-09,731.9,BID
696,1712366897.6051922,6747008.45988247,702.5,4.152695997466838e-10,731.9,BID
697,1712366898.1390448,6747036.9255813,702.6,4.1521049500682676e-10,731.9,BID
698,1712366898.4710326,6747065.38722923,702.7,4.1515140719337167e-10,731.9,BID
699,1712366898.4758766,6747093.84482741,702.8,4.150923361297185e-10,731.9,BID
700,1712366898.480593,6748102.34863172,703.0,1.4710384112009977e-08,731.9,BID
701,1712366898.4841974,6748130.8021813,702.9,4.150332818566212e-10,731.9,BID
702,1712366898.9290702,6748408.01170627,703.0,4.043473682891051e-09,731.9,BID
703,1712366898.935212,6748436.4612084,703.0,4.1497424436049514e-10,731.9,BID
704,1712366899.4890268,6748464.90666424,703.1,4.1491522377718606e-10,731.9,BID
705,1712366910.4304528,6748464.90666424,703.1,0.0,731.9,BID
706,1712366911.639013,6748683.19511248,703.1,3.18382260733218e-09,731.9,BID
707,1712366918.650302,6748850.08005061,703.1,-2.434082257337904e-09,731.9,ASK
708,1712366921.1591103,6749344.1957044,702.9,-7.20687055067952e-09,731.9,ASK
709,1712366923.1390748,6749576.73864974,703.1,3.3917300366580232e-09,731.9,BID
710,1712366923.2390862,6756455.559664,703.1,-1.0033030164264877e-07,731.9,ASK
711,1712366931.233114,6763151.99680727,703.0,-9.767016137249948e-08,731.9,ASK
712,1712366931.3191926,6766705.19373861,703.0,-5.182477043348533e-08,731.9,ASK
713,1712366931.3248065,6768038.58607398,703.0,-1.9448050027520457e-08,731.9,ASK
714,1712366931.5591671,6769082.42629711,701.9,-1.522481893862938e-08,731.9,ASK
715,1712366931.5646908,6769205.46120236,701.9,-1.794512334415455e-09,731.9,ASK
716,1712366933.7311652,6769219.76940096,701.0,-2.0869068675179176e-10,731.9,ASK
717,1712366934.5318382,6769342.81962441,703.1,1.794735756368526e-09,731.9,BID
718,1712366934.5381453,6771339.22609275,702.7,2.9118371121254747e-08,731.9,BID
719,1712366938.1404896,6772762.30848922,702.7,-2.0756214735664327e-08,731.9,ASK
720,1712366938.221701,6773650.68339008,702.0,-1.295729625618252e-08,731.9,ASK
721,1712366940.43903,6773650.68339008,702.0,-0.0,731.9,ASK
722,1712366942.90201,6774219.99736673,702.6,8.30152406726112e-09,731.9,BID
723,1712366948.0790167,6774646.98284922,702.6,6.2261430504763956e-09,731.9,BID
724,1712366955.829305,6775233.56043397,702.5,8.553255561668288e-09,731.9,BID
725,1712366955.8358142,6775885.17815521,702.5,9.501646573578474e-09,731.9,BID
726,1712366958.6189425,6778138.14500175,702.5,3.28519222544785e-08,731.9,BID
727,1712366959.378922,6781850.56414548,702.5,-5.4133111311921946e-08,731.9,ASK
728,1712366970.639003,6781850.56414548,702.5,-0.0,731.9,ASK
729,1712366987.0792377,6781992.83189338,702.5,2.074320999284853e-09,731.9,BID
730,1712366987.759055,6787103.32192187,702.0,-7.451300058689732e-08,731.9,ASK
731,1712366987.8262515,6789099.72839021,701.9,-2.910840947107047e-08,731.9,ASK
732,1712366987.939129,6789461.19403035,701.4,-5.270314452376327e-09,731.9,ASK
733,1712366987.9453793,6789746.37868741,701.3,-4.15810703090918e-09,731.9,ASK
734,1712366987.9516249,6790368.1627754,701.2,-9.065862149238848e-09,731.9,ASK
735,1712366988.227168,6799657.64370101,701.0,-1.3544436909241944e-07,731.9,ASK
736,1712366988.2319813,6799824.01916463,701.0,-2.425821193121828e-09,731.9,ASK
737,1712366988.2348404,6799885.70713723,700.9,-8.9943545783209e-10,731.9,ASK
738,1712366988.2992413,6801020.58584727,700.8,-1.6546988158832292e-08,731.9,ASK
739,1712366988.3055356,6801969.82232507,700.7,-1.3840249728137765e-08,731.9,ASK
740,1712366990.252356,6802214.64423727,700.5,-3.569601972744222e-09,731.9,ASK
741,1712366990.2575238,6802230.84550779,700.5,-2.3622104203049593e-10,731.9,ASK
742,1712366990.3294644,6802515.84586475,700.0,-4.1554198613137765e-09,731.9,ASK
743,1712366991.009179,6804001.89120826,699.8,2.1667138950629748e-08,731.9,BID
744,1712366991.0155947,6805074.91666121,700.4,1.5645142786638262e-08,731.9,BID
745,1712366999.0190196,6805217.7126058,700.3,2.082022319516019e-09,731.9,BID
746,1712367000.5119643,6805217.7126058,700.3,0.0,731.9,BID
747,1712367004.9689476,6805503.46771367,699.9,-4.203484764568325e-09,731.9,ASK
748,1712367004.975296,6805574.89628509,699.9,-1.050721066565225e-09,731.9,ASK
749,1712367005.4290736,6805627.65275029,699.9,7.76052611464501e-10,731.9,BID
750,1712367006.5325277,6806198.61867477,699.9,8.39896295302086e-09,731.9,BID
751,1712367006.5376804,6806320.33367443,700.0,1.7904391998552815e-09,731.9,BID
752,1712367006.6289792,6806563.76367375,700.3,3.5808783997105634e-09,731.9,BID
753,1712367009.5677328,6808560.17014209,700.6,-2.936732867558001e-08,731.9,ASK
754,1712367009.638949,6813484.03729692,700.3,7.243055328858464e-08,731.9,BID
755,1712367016.3115036,6813810.91966706,700.7,-4.808470696911537e-09,731.9,ASK
756,1712367016.3167138,6813883.83811081,700.7,-1.072637229990414e-09,731.9,ASK
757,1712367016.4491026,6814841.17083161,700.7,1.4082455206130389e-08,731.9,BID
758,1712367019.439101,6815108.02579018,700.7,3.9254617740935994e-09,731.9,BID
759,1712367019.4589877,6815108.02579019,700.7,1.506982783516281e-19,731.9,BID
760,1712367029.9789872,6815145.06772108,702.8,5.448903199159978e-10,731.9,BID
761,1712367029.9890797,6815250.31378108,702.8,1.548179533997228e-09,731.9,BID
762,1712367030.473688,6815250.31378108,702.8,0.0,731.9,BID
763,1712367031.3690526,6815525.56839159,701.2,-4.0486029558686566e-09,731.9,ASK
764,1712367050.722855,6815667.85638248,702.8,2.092853519987909e-09,731.9,BID
765,1712367052.438936,6815846.72602366,701.3,-2.6309174500435278e-09,731.9,ASK
766,1712367052.4452643,6817750.99517447,701.2,-2.8009084746810613e-08,731.9,ASK
767,1712367052.543854,6818127.79878282,701.2,-5.5422439599333375e-09,731.9,ASK
768,1712367054.9090724,6818156.25638099,702.8,4.1857070388525446e-10,731.9,BID
769,1712367060.6289222,6818156.25638099,702.8,0.0,731.9,BID
770,1712367066.1905138,6819944.87532938,702.8,2.6307246560054728e-08,731.9,BID
771,1712367066.3289845,6820966.77343321,702.8,-1.5030213898226267e-08,731.9,ASK
772,1712367066.358978,6820966.77343322,702.8,-1.3698016908191225e-19,731.9,ASK
773,1712367070.1143348,6821411.56650142,701.2,-6.5420758982141205e-09,731.9,ASK
774,1712367070.1195157,6821411.56650143,701.2,-1.5067818599010348e-19,731.9,ASK
775,1712367072.1592224,6821538.50687427,702.7,1.8670559705979982e-09,731.9,BID
776,1712367082.299083,6821680.81511391,702.6,2.0930886095667547e-09,731.9,BID
777,1712367086.3190403,6823105.31653841,702.0,-2.09517573506792e-08,731.9,ASK
778,1712367090.629352,6823105.31653841,702.0,-0.0,731.9,ASK
779,1712367093.4667366,6823232.25690129,701.9,1.8669603664488203e-09,731.9,BID
780,1712367093.5489218,6831704.23517483,702.0,-1.246006179851998e-07,731.9,ASK
781,1712367093.559034,6836673.56765124,702.0,-7.30858693852516e-08,731.9,ASK
782,1712367093.6491218,6840480.59328749,702.0,-5.599137906713125e-08,731.9,ASK
783,1712367097.7388616,6841480.59328749,702.0,-1.4707381671924247e-08,731.9,ASK
784,1712367099.288897,6841622.94204193,702.5,2.0935774620647913e-09,731.9,BID
785,1712367103.4731205,6841715.03976531,702.5,1.354516368861007e-09,731.9,BID
786,1712367108.329093,6841813.23693007,702.5,1.4442231812394231e-09,731.9,BID
787,1712367114.4890232,6842382.63194786,702.5,8.374309848724873e-09,731.9,BID
788,1712367120.383979,6842482.63194786,701.2,-1.4707381671924247e-09,731.9,ASK
789,1712367120.427097,6842482.63194786,701.2,-0.0,731.9,ASK
790,1712367123.3489697,6842604.69455621,701.2,-1.794862274458154e-09,731.9,ASK
791,1712367123.3555238,6843373.00902584,701.2,-1.1297633854456781e-08,731.9,ASK
792,1712367131.2791672,6843515.35778028,702.5,2.0931586880957277e-09,731.9,BID
793,1712367139.4488494,6843657.70653472,702.5,2.093158688109422e-09,731.9,BID
794,1712367141.179019,6843722.55048986,701.3,-9.53494033758397e-10,731.9,ASK
795,1712367141.5262682,6845345.66763045,701.3,-2.3867028257471576e-08,731.9,ASK
796,1712367141.5990698,6848197.92091053,701.2,-4.194078660790897e-08,731.9,ASK
797,1712367141.604992,6849898.73411323,701.2,-2.500950532428884e-08,731.9,ASK
798,1712367141.7195668,6849898.73411324,701.2,-1.369457671865019e-19,731.9,ASK
799,1712367141.8191354,6850041.42817715,700.8,-2.098236270415933e-09,731.9,ASK
800,1712367148.2889092,6850041.42817717,700.8,-3.012806878103042e-19,731.9,ASK
801,1712367148.292157,6850340.416219,700.0,-4.396451657451893e-09,731.9,ASK
802,1712367150.4292006,6850340.416219,700.0,-0.0,731.9,ASK
803,1712367180.619033,6850340.416219,700.0,-0.0,731.9,ASK
804,1712367181.03988,6857093.91670378,700.1,-9.929839591168029e-08,731.9,ASK
805,1712367181.052065,6859090.32317212,700.2,-2.9353660422566765e-08,731.9,ASK
806,1712367181.632236,6859233.18031498,700.1,-2.100464072298342e-09,731.9,ASK
807,1712367183.3288574,6859247.90336914,700.1,-2.1647672407030123e-10,731.9,ASK
808,1712367185.9790568,6863373.49504047,700.1,-6.065959957696957e-08,731.9,ASK
809,1712367191.2242732,6863659.16851569,700.2,-4.200328097669546e-09,731.9,ASK
810,1712367199.769153,6863727.36273282,700.2,-1.0026765211279624e-09,731.9,ASK
811,1712367210.65892,6863727.36273282,700.2,-0.0,731.9,ASK
812,1712367240.459073,6863727.36273282,700.2,-0.0,731.9,ASK
813,1712367270.424091,6863727.36273282,700.2,-0.0,731.9,ASK
814,1712367282.9790468,6863912.58564231,700.4,-2.723003223024729e-09,731.9,ASK
1015,1712367291.1105924,6865200.73818396,700.3,-1.893741725754376e-08,731.9,ASK
815,1712367291.1105924,6865200.73818396,700.3,-1.8937417257543762e-08,731.9,ASK
816,1712367291.118734,6866102.26448709,700.4,-1.3253538862047696e-08,731.9,ASK
817,1712367300.6289122,6866102.26448709,700.4,-0.0,731.9,ASK
818,1712367303.3591225,6866145.09715413,700.4,-6.36405030517413e-10,731.9,ASK
819,1712367303.36625,6868620.11583562,700.3,-3.677366945257677e-08,731.9,ASK
820,1712367303.4390624,6875263.50139769,700.4,9.870699826738792e-08,731.9,BID
821,1712367315.8089926,6876728.3181534,700.5,-2.1764153776268097e-08,731.9,ASK
822,1712367317.9192123,6876742.59570908,700.4,-2.1213501016785868e-10,731.9,ASK
823,1712367317.926406,6877808.3181534,700.4,-1.583443599384401e-08,731.9,ASK
824,1712367323.4990275,6877945.11151528,700.5,-2.032467031743581e-09,731.9,ASK
825,1712367323.6389594,6878143.68215051,700.5,2.950349812531885e-09,731.9,BID
826,1712367329.3189292,6878229.10356281,702.4,1.2691858867963271e-09,731.9,BID
827,1712367330.649063,6878229.10356281,702.4,0.0,731.9,BID
828,1712367343.379083,6878387.21717328,702.4,2.348945487573357e-09,731.9,BID
829,1712367358.199064,6880140.08861885,702.4,2.60407656250204e-08,731.9,BID
830,1712367358.239431,6882060.77333369,702.4,-2.8533809838196042e-08,731.9,ASK
1030,1712367358.239431,6882060.77333369,702.4,-2.853380983819604e-08,731.9,ASK
831,1712367360.408887,6882060.77333369,702.4,-0.0,731.9,ASK
832,1712367378.785247,6884057.17980203,700.6,-2.9657551048748244e-08,731.9,ASK
833,1712367378.788651,6885341.33590052,700.3,-1.9076738955460207e-08,731.9,ASK
834,1712367378.791952,6885484.33590052,700.2,-2.1243318268233083e-09,731.9,ASK
835,1712367378.795195,6885560.4699114,700.5,-1.131006310605846e-09,731.9,ASK
836,1712367378.798828,6887298.45838645,700.2,-2.5818630994409056e-08,731.9,ASK
837,1712367378.8021042,6889440.09173882,700.4,-3.181496427850273e-08,731.9,ASK
838,1712367378.8053613,6890060.09173882,700.3,-9.210389738674483e-09,731.9,ASK
839,1712367378.808656,6891060.09173882,700.2,-1.4855467320442716e-08,731.9,ASK
840,1712367378.8119352,6894292.82577838,700.1,-4.8023774880365766e-08,731.9,ASK
841,1712367378.81524,6895742.48797955,700.2,-2.153540945516018e-08,731.9,ASK
842,1712367378.8185074,6896582.81461306,700.0,-1.2483444842608118e-08,731.9,ASK
843,1712367378.821782,6896705.42107204,699.8,-1.821376244647521e-09,731.9,ASK
844,1712367378.8250806,6897721.15214346,700.0,-1.5089159737838282e-08,731.9,ASK
845,1712367378.8283973,6897843.74108473,699.9,-1.8211160108913686e-09,731.9,ASK
846,1712367378.83171,6897985.07022019,700.1,-2.0995103532501904e-09,731.9,ASK
847,1712367378.835032,6898107.64164876,700.0,-1.8208558515410943e-09,731.9,ASK
848,1712367378.8383796,6899571.42961759,699.8,-2.1745254335014337e-08,731.9,ASK
849,1712367378.8417025,6909162.11470831,699.9,-1.42474108945844e-07,731.9,ASK
850,1712367378.844998,6909169.47185116,700.0,-1.0929379517740887e-10,731.9,ASK
851,1712367378.8483722,6910070.597483,699.6,-1.3386642375411942e-08,731.9,ASK
852,1712367378.8517334,6910193.2214647,699.7,-1.8216365528510567e-09,731.9,ASK
853,1712367390.459053,6910193.2214647,699.7,-0.0,731.9,ASK
854,1712367420.6189792,6910193.2214647,699.7,-0.0,731.9,ASK
855,1712367423.3590903,6910246.67352032,699.7,-7.93823011220326e-10,731.9,ASK
856,1712367423.366251,6910338.21400907,699.7,-1.3594789870096447e-09,731.9,ASK
857,1712367425.9045007,6910403.52562,699.7,-9.699507166783494e-10,731.9,ASK
858,1712367435.0491931,6912403.52562,699.7,-2.970224445111385e-08,731.9,ASK
859,1712367439.74904,6915190.74187662,700.0,4.1393289296114415e-08,731.9,BID
860,1712367440.22911,6915361.92587662,700.0,2.542274507065048e-09,731.9,BID
861,1712367445.3288314,6916447.56214604,700.0,1.612291692964596e-08,731.9,BID
862,1712367445.3903942,6921151.98598021,700.0,6.9865973362085e-08,731.9,BID
863,1712367450.6289337,6921151.98598021,700.0,0.0,731.9,BID
864,1712367470.408893,6922576.89336123,701.8,2.1159063338431552e-08,731.9,BID
865,1712367480.4587996,6922576.89336123,701.8,0.0,731.9,BID
866,1712367486.7289844,6923443.24933792,701.8,-1.2864701961352908e-08,731.9,ASK
867,1712367486.7488248,6924057.02961114,701.8,-9.114152262097804e-09,731.9,ASK
868,1712367497.8390963,6924342.01108734,701.7,4.231749828560912e-09,731.9,BID
869,1712367510.4291072,6924342.01108734,701.7,0.0,731.9,BID
870,1712367531.1689277,6924883.65020976,701.7,8.042765213452585e-09,731.9,BID
871,1712367531.2890708,6926521.54694289,701.7,-2.432102542664217e-08,731.9,ASK
1071,1712367531.2890708,6926521.54694289,701.7,-2.4321025426642172e-08,731.9,ASK
872,1712367540.6588826,6926521.54694289,701.7,-0.0,731.9,ASK
873,1712367547.9754386,6927359.35520136,701.7,1.2440279545660364e-08,731.9,BID
874,1712367555.7492146,6927481.54709869,701.7,1.8143785832023158e-09,731.9,BID
875,1712367555.7568882,6931445.98510858,701.7,5.8866353471543615e-08,731.9,BID
876,1712367563.8788283,6931825.11464979,701.7,5.6295428327257975e-09,731.9,BID
877,1712367570.6100545,6931825.11464979,701.7,0.0,731.9,BID
878,1712367571.9088566,6933040.91516243,701.7,-1.8051937721465986e-08,731.9,ASK
879,1712367581.2689688,6935825.11464979,701.7,4.1339179600143726e-08,731.9,BID
880,1712367581.3690002,6936222.25980612,701.7,-5.896723643318556e-09,731.9,ASK
881,1712367584.378843,6936379.02195519,701.7,-2.327569796756794e-09,731.9,ASK
882,1712367586.7288983,6936858.03901393,701.7,-7.112339583661602e-09,731.9,ASK
883,1712367586.8087888,6937056.60964916,701.7,-2.948332973397038e-09,731.9,ASK
884,1712367586.828802,6937402.36592486,701.7,-5.1337128837014e-09,731.9,ASK
1085,1712367595.3190873,6940788.89285534,701.2,-5.028240456022221e-08,731.9,ASK
885,1712367595.3190873,6940788.89285534,701.2,-5.0282404560222214e-08,731.9,ASK
886,1712367595.325328,6941495.60092987,700.0,-1.0493045541643741e-08,731.9,ASK
887,1712367595.33199,6941566.90726187,701.2,-1.0587406823904731e-09,731.9,ASK
888,1712367595.337338,6941582.32513329,700.0,-2.2892115259271235e-10,731.9,ASK
889,1712367595.342298,6944715.79627109,699.7,-4.652508799224319e-08,731.9,ASK
890,1712367595.3472245,6945836.64339254,699.8,-1.6642090722394302e-08,731.9,ASK
891,1712367595.3521144,6959863.32644797,700.1,-2.0826509474452922e-07,731.9,ASK
892,1712367595.3570294,6959884.83566619,699.7,-3.1936412569509687e-10,731.9,ASK
893,1712367595.3620036,6960007.49470836,699.5,-1.821214391022713e-09,731.9,ASK
894,1712367595.3669477,6960130.13621779,699.6,-1.8209540687574514e-09,731.9,ASK
895,1712367595.3718846,6960464.58140858,699.7,-4.965768390965881e-09,731.9,ASK
896,1712367595.3767955,6960478.87733424,699.5,-2.1226274952439154e-10,731.9,ASK
897,1712367595.3803613,6960527.53124373,699.6,-7.22402511675481e-10,731.9,ASK
898,1712367595.3837576,6961484.61452226,699.7,-1.4210561320421812e-08,731.9,ASK
899,1712367595.387129,6961492.04068754,699.4,-1.1026206334753123e-10,731.9,ASK
1100,1712367595.390821,6961990.08475062,699.3,-7.3948483454303845e-09,731.9,ASK
900,1712367595.390821,6961990.08475062,699.3,-7.394848345430384e-09,731.9,ASK
1101,1712367595.3958676,6962161.71997074,699.6,-2.54840187367662e-09,731.9,ASK
901,1712367595.3958676,6962161.71997074,699.6,-2.5484018736766204e-09,731.9,ASK
902,1712367595.399856,6962284.39655066,699.4,-1.821474787655347e-09,731.9,ASK
903,1712367595.4033604,6962407.09067335,699.3,-1.821735258835117e-09,731.9,ASK
904,1712367600.4888222,6962407.09067335,699.3,-0.0,731.9,ASK
905,1712367618.3490095,6964116.97953057,700.1,-2.5835374078153e-08,731.9,ASK
906,1712367618.778896,6964343.11393057,699.8,3.4167523761940436e-09,731.9,BID
907,1712367619.238886,6968715.15928212,699.3,-6.60589293081702e-08,731.9,ASK
908,1712367619.2463844,6968858.15942512,699.3,-2.160644636072061e-09,731.9,ASK
909,1712367619.3389497,6968980.8710956,699.2,-1.854098234052997e-09,731.9,ASK
910,1712367619.3475811,6970311.03417473,699.2,-2.0097949986146832e-08,731.9,ASK
911,1712367619.359123,6970597.11628029,699.1,-4.322525515622971e-09,731.9,ASK
912,1712367619.36334,6970610.52579388,699.0,-2.0260954291790048e-10,731.9,ASK
913,1712367619.3672917,6970733.25501716,699.1,-1.854363446124832e-09,731.9,ASK
914,1712367619.3712733,6971300.69199327,699.1,-8.573625403583481e-09,731.9,ASK
915,1712367619.3752868,6971423.43877438,699.0,-1.8546287341839231e-09,731.9,ASK
916,1712367619.3793106,6971625.3026422,699.1,-3.050039489980033e-09,731.9,ASK
917,1712367619.383557,6971790.56524591,699.0,-2.497016791433321e-09,731.9,ASK
918,1712367619.387563,6972597.47820114,698.9,-1.2191960874443969e-08,731.9,ASK
919,1712367619.391571,6972604.84586923,699.0,-1.1132095539138644e-10,731.9,ASK
920,1712367619.395641,6974301.24521105,698.9,-2.5631555756843345e-08,731.9,ASK
921,1712367619.3996608,6976894.27344657,699.0,-3.917906955004337e-08,731.9,ASK
922,1712367619.4037025,6977231.66076948,698.9,-5.097715947912503e-09,731.9,ASK
923,1712367619.4077468,6977374.72228593,699.0,-2.1615719513352463e-09,731.9,ASK
924,1712367619.4123278,6977713.80004363,698.9,-5.123257382945282e-09,731.9,ASK
925,1712367619.6035304,6977721.53808913,698.9,-1.1691713135231543e-10,731.9,ASK
926,1712367619.6113863,6978674.42273483,698.9,-1.4397503774015004e-08,731.9,ASK
927,1712367619.615553,6978821.66791226,698.8,-2.224784508096565e-09,731.9,ASK
928,1712367619.6201997,6979927.45798805,699.3,1.67078112353981e-08,731.9,BID
929,1712367619.678995,6980050.2574728,698.7,-1.855425053932939e-09,731.9,ASK
930,1712367619.6877654,6983086.32588463,698.7,-4.5873135446945024e-08,731.9,ASK
931,1712367619.939078,6983173.28591134,698.7,-1.3139127788451176e-09,731.9,ASK
932,1712367620.3187852,6984174.28591134,699.3,1.512449732801506e-08,731.9,BID
933,1712367620.728718,6984285.28691234,699.3,1.6771571858376891e-09,731.9,BID
934,1712367621.5890217,6984973.28691234,699.3,1.0395258902771589e-08,731.9,BID
935,1712367621.7626402,6984984.28791334,699.3,1.6621839184426244e-10,731.9,BID
936,1712367621.767932,6989010.13891182,699.3,6.082814452497064e-08,731.9,BID
937,1712367625.6188705,6989168.47871182,699.3,2.392417464556767e-09,731.9,BID
938,1712367630.443184,6989168.47871182,699.3,0.0,731.9,BID
939,1712367634.2788663,6989182.77872612,699.3,2.1600339771961515e-10,731.9,BID
940,1712367636.779023,6991118.98208161,699.3,2.9246579388476294e-08,731.9,BID
941,1712367639.487519,6991548.65141682,699.3,6.490205838851321e-09,731.9,BID
942,1712367640.68886,6991625.16010555,698.6,-1.155672740939502e-09,731.9,ASK
943,1712367640.696303,6991747.97716824,698.6,-1.8551661756163198e-09,731.9,ASK
944,1712367642.0816803,6991771.46847951,698.6,-3.5483901939900207e-10,731.9,ASK
1145,1712367642.087292,6991975.64240683,698.6,-3.08407118367333e-09,731.9,ASK
945,1712367642.087292,6991975.64240683,698.6,-3.0840711836733304e-09,731.9,ASK
946,1712367648.8989873,6994672.42842694,698.6,-4.073526998455236e-08,731.9,ASK
947,1712367660.6343846,6994672.42842694,698.6,-0.0,731.9,ASK
948,1712367661.251892,6995295.36647964,698.6,-9.409005833031306e-09,731.9,ASK
949,1712367661.2687,7004192.27938112,699.3,1.343811074362511e-07,731.9,BID
950,1712367668.897015,7008033.50046549,698.6,-5.8018725027565695e-08,731.9,ASK
951,1712367681.884843,7013998.88645576,698.6,-9.010262149738549e-08,731.9,ASK
952,1712367684.249862,7014540.52557818,698.6,-8.181047280960972e-09,731.9,ASK
953,1712367689.868869,7014621.86787976,698.6,-1.2286136425964652e-09,731.9,ASK
954,1712367690.6413631,7014621.86787976,698.6,-0.0,731.9,ASK
955,1712367695.1590054,7014689.09318528,698.6,-1.0151733540157716e-09,731.9,ASK
956,1712367697.0188482,7015420.34720874,698.6,-1.1042710685968084e-08,731.9,ASK
957,1712367711.661864,7016994.92493563,698.6,-2.3777792303068573e-08,731.9,ASK
