,time,acc_trade_volume,trade_price,dev,high,ask_bid
0,1712365207.2233243,418496.70565075,2354.0,0.0,2366.0,ASK
1,1712365215.268617,419674.46153084,2354.0,-5.7571470584303686e-08,2366.0,ASK
2,1712365223.362784,419753.42667662,2354.0,-3.8600015880270015e-09,2366.0,ASK
3,1712365223.363323,420786.48595893,2354.0,-5.04983614081452e-08,2366.0,ASK
4,1712365223.6192307,421067.67673434,2354.0,-1.3745264811464616e-08,2366.0,ASK
5,1712365230.969765,421067.67673434,2354.0,-0.0,2366.0,ASK
6,1712365241.978702,421162.6089858,2353.0,-4.639138735526253e-09,2366.0,ASK
7,1712365241.9799209,421360.17673434,2353.0,-9.654718823656473e-09,2366.0,ASK
8,1712365243.0386262,421390.4154769,2354.0,1.477703517678835e-09,2366.0,BID
9,1712365243.8485577,421438.21562564,2354.0,2.3358923671704462e-09,2366.0,BID
10,1712365256.5986886,421488.87234047,2353.0,-2.475486722039309e-09,2366.0,ASK
11,1712365256.5996957,421650.32030545,2353.0,-7.889621246645118e-09,2366.0,ASK
12,1712365256.6006384,422409.04294158,2353.0,-3.707717363340108e-08,2366.0,ASK
13,1712365260.6599357,422409.04294158,2353.0,-0.0,2366.0,ASK
14,1712365268.1587002,425700.79022069,2353.0,1.608359332411584e-07,2366.0,BID
15,1712365268.24377,425877.63663101,2354.0,8.640777991878734e-09,2366.0,BID
16,1712365269.1986392,425920.13556854,2353.0,2.0765130794758446e-09,2366.0,BID
17,1712365284.5785754,425976.46797006,2353.0,-2.7524210098634726e-09,2366.0,ASK
18,1712365284.5884614,428037.88233673,2352.0,-1.0072143313193328e-07,2366.0,ASK
19,1712365290.6287808,428037.88233673,2352.0,-0.0,2366.0,ASK
20,1712365301.579127,428250.33033673,2353.0,-1.0373572037441725e-08,2366.0,ASK
21,1712365316.2721443,428258.81930107,2356.0,4.14505587740861e-10,2366.0,BID
22,1712365320.9588175,428258.81930107,2356.0,0.0,2366.0,BID
23,1712365329.402287,428538.71111269,2357.0,1.3666422681795112e-08,2366.0,BID
24,1712365343.878721,428541.25672151,2357.0,1.2429576240861254e-10,2366.0,BID
25,1712365350.94898,428541.25672151,2357.0,0.0,2366.0,BID
26,1712365380.6687765,428541.25672151,2357.0,0.0,2366.0,BID
27,1712365385.5595994,429519.50733979,2356.0,4.776399785753925e-08,2366.0,BID
28,1712365385.5611796,430663.49780809,2356.0,5.58564004518612e-08,2366.0,BID
29,1712365387.5087402,431228.17884769,2356.0,2.757107786251153e-08,2366.0,BID
30,1712365388.7089443,431270.62366942,2357.0,2.072407966111046e-09,2366.0,BID
31,1712365398.6690795,431366.83096141,2357.0,4.6974106661639e-09,2366.0,BID
32,1712365400.0487,431370.00956472,2357.0,1.5519826806141253e-10,2366.0,BID
33,1712365400.0586278,431578.96503014,2357.0,1.0202445279505246e-08,2366.0,BID
34,1712365403.9310362,431638.72002428,2356.0,-2.917593261631558e-09,2366.0,ASK
35,1712365410.6487105,431638.72002428,2356.0,-0.0,2366.0,ASK
36,1712365440.9579897,431638.72002428,2356.0,-0.0,2366.0,ASK
37,1712365446.9488585,431721.96960371,2354.0,-4.063290404054682e-09,2366.0,ASK
38,1712365446.9503877,431956.33750888,2353.0,-1.1439155207946056e-08,2366.0,ASK
39,1712365460.489746,431976.33750888,2353.0,-9.761707943455654e-10,2366.0,ASK
40,1712365467.6187046,432071.49200133,2353.0,-4.64435182402352e-09,2366.0,ASK
41,1712365470.918678,432071.49200133,2353.0,-0.0,2366.0,ASK
42,1712365485.853155,432199.04302173,2352.0,-6.2252696093825106e-09,2366.0,ASK
43,1712365485.8542972,432203.29472173,2352.0,-2.075089537924274e-10,2366.0,ASK
44,1712365485.8554344,432911.7192156,2352.0,-3.457544642451589e-08,2366.0,ASK
45,1712365500.6090217,432911.7192156,2352.0,-0.0,2366.0,ASK
46,1712365507.2397947,433016.85770985,2351.0,-5.153831075314644e-09,2366.0,ASK
47,1712365507.2413287,433405.70601694,2351.0,-1.9061129826515688e-08,2366.0,ASK
48,1712365507.2429652,433474.67207393,2351.0,-3.3806781254790904e-09,2366.0,ASK
49,1712365508.5991404,433533.04422296,2351.0,-2.861370592663418e-09,2366.0,ASK
50,1712365508.600943,433699.89733943,2351.0,-8.179047862633426e-09,2366.0,ASK
51,1712365514.1188157,434301.75793133,2352.0,2.9502874695593133e-08,2366.0,BID
52,1712365514.128765,434875.93466835,2352.0,2.8145827378309035e-08,2366.0,BID
53,1712365514.488952,434993.96850277,2353.0,5.785953547383959e-09,2366.0,BID
54,1712365514.4905505,435003.56505537,2353.0,4.704177224380575e-10,2366.0,BID
55,1712365530.9689662,435003.56505537,2353.0,0.0,2366.0,BID
56,1712365548.6489427,435093.75408598,2352.0,4.4199507560114615e-09,2366.0,BID
57,1712365551.9791152,435137.78594042,2351.0,-2.157896886176294e-09,2366.0,ASK
58,1712365560.6295598,435137.78594042,2351.0,-0.0,2366.0,ASK
59,1712365565.4390626,435194.11834194,2351.0,-2.760674857080401e-09,2366.0,ASK
60,1712365565.439859,437419.01631473,2351.0,-1.0903529278564197e-07,2366.0,ASK
61,1712365568.9289887,437423.26982387,2351.0,-2.0845118298336336e-10,2366.0,ASK
62,1712365568.9390786,437574.41629933,2351.0,-7.407216154112539e-09,2366.0,ASK
63,1712365569.339066,439053.0940284,2351.0,7.246537193909099e-08,2366.0,BID
64,1712365573.2743645,439215.48529933,2351.0,-7.958288419614901e-09,2366.0,ASK
65,1712365573.2751205,439262.29380995,2350.0,-2.2939387435886662e-09,2366.0,ASK
66,1712365573.2768276,444244.97827089,2350.0,-2.441857854613371e-07,2366.0,ASK
67,1712365590.668912,444244.97827089,2350.0,-0.0,2366.0,ASK
68,1712365595.5990672,444347.72431151,2350.0,-5.029985525488667e-09,2366.0,ASK
69,1712365609.5792933,444369.00996497,2349.0,-1.0420501671733643e-09,2366.0,ASK
70,1712365609.5808537,444411.56315645,2350.0,-2.0832134836164176e-09,2366.0,ASK
71,1712365609.5824385,444837.27622584,2349.0,-2.0841003352754093e-08,2366.0,ASK
72,1712365609.58404,446660.06210011,2350.0,-8.923542462872825e-08,2366.0,ASK
73,1712365609.5856442,451939.30777393,2349.0,-2.584482006759949e-07,2366.0,ASK
74,1712365609.679006,453439.30777393,2349.0,7.343327531364444e-08,2366.0,BID
75,1712365609.719189,454939.30777393,2349.0,7.343327531364444e-08,2366.0,BID
76,1712365609.9590466,455149.67143381,2349.0,1.029846170130297e-08,2366.0,BID
77,1712365609.960359,455555.76280433,2349.0,1.988041294259108e-08,2366.0,BID
78,1712365610.0990026,455896.37741524,2349.0,1.6674964332536338e-08,2366.0,BID
79,1712365610.1604314,456190.95583265,2349.0,1.4421238684752084e-08,2366.0,BID
80,1712365610.2388856,456495.25124647,2349.0,1.4896939266483004e-08,2366.0,BID
81,1712365610.259019,456816.9010081,2349.0,1.5746530333562075e-08,2366.0,BID
82,1712365610.3389294,463953.84708189,2349.0,3.493928839568348e-07,2366.0,BID
83,1712365610.399069,464275.49684352,2349.0,1.5746530333564924e-08,2366.0,BID
84,1712365610.5232894,464409.69938725,2349.0,-6.569954894343078e-09,2366.0,ASK
85,1712365620.9308603,464409.69938725,2349.0,-0.0,2366.0,ASK
86,1712365622.1206613,464453.44391918,2348.0,-2.1365815050921203e-09,2366.0,ASK
87,1712365622.1297555,464537.4677007,2348.0,-4.1039108126854256e-09,2366.0,ASK
88,1712365622.1307263,464589.93997329,2347.0,-2.562864024362624e-09,2366.0,ASK
89,1712365622.1316648,467279.0701784,2347.0,-1.313431783934603e-07,2366.0,ASK
90,1712365622.132583,468679.26161496,2348.0,-6.838850468736078e-08,2366.0,ASK
91,1712365623.4865918,468687.76140246,2353.0,4.15148773309352e-10,2366.0,BID
92,1712365639.229248,469114.01886196,2346.0,-2.0819374769679496e-08,2366.0,ASK
93,1712365639.2311163,470071.90954196,2347.0,-4.6785539140351065e-08,2366.0,ASK
94,1712365639.2329128,471271.78677981,2346.0,-5.8604707872349416e-08,2366.0,ASK
95,1712365639.234707,475075.6817465,2346.0,-1.8579080114847693e-07,2366.0,ASK
96,1712365645.183007,475183.35866091,2351.0,5.259183118515872e-09,2366.0,BID
97,1712365650.9776683,475183.35866091,2351.0,0.0,2366.0,BID
98,1712365654.2695725,475311.29066091,2345.0,-6.240780726292402e-09,2366.0,ASK
99,1712365654.2714386,485430.23675291,2345.0,-4.936225787240933e-07,2366.0,ASK
100,1712365654.2732222,490427.73675291,2345.0,-2.437881193105635e-07,2366.0,ASK
101,1712365654.2750354,490474.64161591,2344.0,-2.288113724318833e-09,2366.0,ASK
102,1712365654.276816,490582.31853032,2345.0,-5.2526968398568476e-09,2366.0,ASK
103,1712365654.2789834,495111.13119292,2344.0,-2.209246066483461e-07,2366.0,ASK
104,1712365673.0709438,495976.77430292,2344.0,-4.222781506374156e-08,2366.0,ASK
105,1712365673.0726328,496376.40291005,2344.0,-1.9494688655313545e-08,2366.0,ASK
106,1712365680.5990057,496376.40291005,2344.0,-0.0,2366.0,ASK
107,1712365691.339212,497219.91738813,2351.0,4.1048830636830185e-08,2366.0,BID
108,1712365691.341096,498978.02043173,2351.0,8.555641421010858e-08,2366.0,BID
109,1712365691.4193275,500178.54352373,2351.0,-5.842231563266532e-08,2366.0,ASK
110,1712365691.4213145,500178.54352413,2351.0,-1.9465768173329202e-17,2366.0,ASK
111,1712365696.1190965,500240.96355449,2345.0,-3.0376114710271126e-09,2366.0,ASK
112,1712365710.6891496,500240.96355449,2345.0,-0.0,2366.0,ASK
113,1712365740.939,500240.96355449,2345.0,-0.0,2366.0,ASK
114,1712365742.3551557,500262.28551611,2347.0,-1.037154454009824e-09,2366.0,ASK
115,1712365748.4525971,500304.89310026,2347.0,2.072541282237738e-09,2366.0,BID
116,1712365749.5391595,500347.50068441,2347.0,2.072541282237738e-09,2366.0,BID
117,1712365758.2490878,500370.86437538,2347.0,1.136469363536721e-09,2366.0,BID
118,1712365770.9298534,500370.86437538,2347.0,0.0,2366.0,BID
119,1712365773.315921,500456.11586728,2346.0,-4.1467879399036395e-09,2366.0,ASK
120,1712365773.3246553,500541.36735918,2346.0,-4.1467879399036395e-09,2366.0,ASK
121,1712365775.7391474,500754.49608818,2346.0,-1.0366969813276038e-08,2366.0,ASK
122,1712365778.068925,500754.49608894,2346.0,-3.6968632883426625e-17,2366.0,ASK
123,1712365780.3193305,500799.25807969,2345.0,-2.177304810404808e-09,2366.0,ASK
124,1712365800.749355,500799.25807969,2345.0,-0.0,2366.0,ASK
125,1712365802.3193104,500841.90200293,2345.0,-2.078708594934956e-09,2366.0,ASK
126,1712365802.321455,500944.04832769,2345.0,-4.979195793607555e-09,2366.0,ASK
127,1712365807.999067,501157.17705744,2346.0,1.0389112649540662e-08,2366.0,BID
128,1712365809.35911,501242.2570489,2344.0,-4.147285147980564e-09,2366.0,ASK
129,1712365809.3692403,501377.92343114,2344.0,-6.613155014345002e-09,2366.0,ASK
130,1712365809.3711205,501463.24766322,2344.0,-4.1591908320107455e-09,2366.0,ASK
131,1712365809.373145,501463.24766327,2345.0,-2.4373043863107586e-18,2366.0,ASK
132,1712365809.375207,501591.23401044,2344.0,-6.238786201711591e-09,2366.0,ASK
133,1712365822.4551704,501591.23401139,2344.0,-4.630878333990441e-17,2366.0,ASK
134,1712365822.4605737,502698.93209429,2343.0,-5.3995536774545344e-08,2366.0,ASK
135,1712365822.4624803,502703.20194911,2342.0,-2.0813713277717107e-10,2366.0,ASK
136,1712365822.464404,502985.20194911,2343.0,-1.3746292067742864e-08,2366.0,ASK
137,1712365822.4662852,503020.64688136,2343.0,-1.727788620671148e-09,2366.0,ASK
138,1712365822.4681678,503410.72243258,2342.0,-1.9014512253746376e-08,2366.0,ASK
139,1712365830.649143,503410.72243258,2342.0,-0.0,2366.0,ASK
140,1712365842.869167,505278.775244,2342.0,-9.103241735821184e-08,2366.0,ASK
141,1712365860.470459,505412.61667622,2346.0,6.522250893113679e-09,2366.0,BID
142,1712365860.9801688,505412.61667622,2346.0,0.0,2366.0,BID
143,1712365864.5891712,505540.71232096,2342.0,-6.240825867324185e-09,2366.0,ASK
144,1712365864.590444,505639.58151725,2342.0,-4.81691191718691e-09,2366.0,ASK
145,1712365890.949144,505639.58151725,2342.0,-0.0,2366.0,ASK
146,1712365894.1291676,505674.6217209,2346.0,1.707116168752071e-09,2366.0,BID
147,1712365894.2692928,507023.29486756,2347.0,6.570571786685099e-08,2366.0,BID
148,1712365894.2719784,507679.03257247,2347.0,3.194674465060633e-08,2366.0,BID
149,1712365903.2791252,507756.47262806,2347.0,3.772785464578725e-09,2366.0,BID
150,1712365903.4239025,509088.19828635,2347.0,6.488005681461976e-08,2366.0,BID
151,1712365910.6792548,509158.14802188,2348.0,3.40786616755747e-09,2366.0,BID
152,1712365910.6814928,509330.88815601,2348.0,8.415689557945412e-09,2366.0,BID
153,1712365914.209237,509400.31236804,2349.0,3.3822633008345074e-09,2366.0,BID
154,1712365914.2110417,509573.86101951,2349.0,8.455079540883189e-09,2366.0,BID
155,1712365914.212791,509748.62686969,2349.0,8.514379983857393e-09,2366.0,BID
156,1712365920.6295414,509748.62686969,2349.0,0.0,2366.0,BID
157,1712365927.8291376,510187.8762638,2347.0,-2.1389646243634804e-08,2366.0,ASK
158,1712365927.8309703,510618.86126651,2347.0,-2.098720423498072e-08,2366.0,ASK
159,1712365933.9390788,510641.03833865,2347.0,1.079932571691182e-09,2366.0,BID
160,1712365937.8341942,510774.87977087,2347.0,6.517529509008999e-09,2366.0,BID
161,1712365950.661304,510774.87977087,2347.0,0.0,2366.0,BID
162,1712365965.709124,510778.91145626,2347.0,-1.9630353955521435e-10,2366.0,ASK
163,1712365965.7113836,511204.98729775,2347.0,-2.0745714933511088e-08,2366.0,ASK
164,1712365980.9690802,511204.98729775,2347.0,-0.0,2366.0,ASK
165,1712366010.9992096,511204.98729775,2347.0,-0.0,2366.0,ASK
166,1712366029.7393365,511588.90159614,2348.0,1.869194253877532e-08,2366.0,BID
167,1712366029.784051,511696.82945244,2348.0,5.254769871175867e-09,2366.0,BID
168,1712366031.5592108,511739.34645924,2352.0,2.070059519426333e-09,2366.0,BID
169,1712366040.5789783,511739.34645924,2352.0,0.0,2366.0,BID
170,1712366041.8192031,511957.16671032,2351.0,1.0604540907324663e-08,2366.0,BID
171,1712366041.8290846,512558.2486578,2350.0,2.926356970530755e-08,2366.0,BID
172,1712366049.8591423,512687.51109931,2351.0,6.293119404540634e-09,2366.0,BID
173,1712366070.669,512687.51109931,2351.0,0.0,2366.0,BID
174,1712366100.6891327,512687.51109931,2351.0,0.0,2366.0,BID
175,1712366101.7592866,512691.77185772,2347.0,-2.0806646806792447e-10,2366.0,ASK
176,1712366101.7617378,513140.57855731,2347.0,-2.1916667373182348e-08,2366.0,ASK
177,1712366101.959096,513140.57855789,2347.0,-2.8325177212660647e-17,2366.0,ASK
178,1712366111.5461433,513183.20430384,2346.0,-2.081551581945693e-09,2366.0,ASK
179,1712366111.54751,513446.77541683,2346.0,-1.2871020904674068e-08,2366.0,ASK
180,1712366130.6191125,513446.77541683,2346.0,-0.0,2366.0,ASK
181,1712366132.4891052,513873.03287633,2346.0,2.081370491297128e-08,2366.0,BID
182,1712366133.231798,513875.16677824,2345.0,-1.0419619335157276e-10,2366.0,ASK
183,1712366135.0792372,513925.35989731,2342.0,-2.4508773880679616e-09,2366.0,ASK
184,1712366142.1569345,513989.79032319,2342.0,-3.1460701550103183e-09,2366.0,ASK
185,1712366142.1588774,515545.77923978,2342.0,-7.59773076950795e-08,2366.0,ASK
186,1712366143.8393726,515741.06872478,2342.0,-9.535780835750982e-09,2366.0,ASK
187,1712366149.9791946,515826.91469068,2342.0,-4.191768524842069e-09,2366.0,ASK
188,1712366150.3791611,515863.57283219,2345.0,1.7899786221753443e-09,2366.0,BID
189,1712366157.5944948,516285.09668493,2345.0,2.0582567856990363e-08,2366.0,BID
190,1712366157.5970056,516697.31781728,2345.0,2.0128325772146643e-08,2366.0,BID
191,1712366158.2402208,517171.75235573,2342.0,-2.3166141175339148e-08,2366.0,ASK
192,1712366160.9396756,517171.75235573,2342.0,-0.0,2366.0,ASK
193,1712366172.329237,517171.75235631,2344.0,2.831064727312539e-17,2366.0,BID
194,1712366172.3312302,518286.45374331,2344.0,5.4406512716303856e-08,2366.0,BID
195,1712366182.3092322,518322.77389998,2346.0,1.772719661758694e-09,2366.0,BID
196,1712366182.3117754,518426.60975082,2346.0,5.0680358031465315e-09,2366.0,BID
197,1712366182.3143556,518848.13360357,2346.0,2.05737995146764e-08,2366.0,BID
198,1712366190.9598083,518848.13360357,2346.0,0.0,2366.0,BID
199,1712366205.5791664,518869.45556519,2346.0,-1.0404858947805835e-09,2366.0,ASK
200,1712366206.1194394,518925.34070781,2346.0,-2.727127253121072e-09,2366.0,ASK
201,1712366206.127164,519318.96557797,2346.0,-1.920841677399965e-08,2366.0,ASK
202,1712366210.7021494,519334.54349881,2348.0,-7.601836638128107e-10,2366.0,ASK
203,1712366220.6128569,519334.54349881,2348.0,-0.0,2366.0,ASK
204,1712366250.6490695,519334.54349881,2348.0,-0.0,2366.0,ASK
205,1712366276.2291658,519379.10610815,2348.0,2.174480257107103e-09,2366.0,BID
206,1712366280.9791088,519379.10610815,2348.0,0.0,2366.0,BID
207,1712366295.403856,520807.19470778,2351.0,6.968475716397864e-08,2366.0,BID
208,1712366295.9989722,520937.13984478,2352.0,6.340779779928795e-09,2366.0,BID
209,1712366296.0701616,522136.69317078,2352.0,5.8533190622214144e-08,2366.0,BID
210,1712366298.12922,523515.00736359,2352.0,6.725597406667207e-08,2366.0,BID
211,1712366298.189154,523821.20422253,2352.0,1.49411274378458e-08,2366.0,BID
212,1712366300.9592671,524157.20422253,2352.0,1.6395396205223053e-08,2366.0,BID
213,1712366303.549368,524876.31822253,2351.0,-3.508975877000547e-08,2366.0,ASK
214,1712366303.729082,525228.27067225,2351.0,1.7173809102852098e-08,2366.0,BID
215,1712366310.9699547,525228.27067225,2351.0,0.0,2366.0,BID
216,1712366311.0391364,525231.27067225,2352.0,1.4628928060834912e-10,2366.0,BID
217,1712366312.8494308,526075.14980225,2352.0,4.1150156949367284e-08,2366.0,BID
218,1712366324.2646165,526680.4409626,2352.0,2.9515869468735532e-08,2366.0,BID
219,1712366340.630324,526680.4409626,2352.0,0.0,2366.0,BID
220,1712366348.529286,526853.14670156,2352.0,-8.420263703438077e-09,2366.0,ASK
221,1712366353.7592144,526856.14670156,2352.0,1.4626492010304348e-10,2366.0,BID
222,1712366355.9673257,526858.44670156,2351.0,-1.12136438747937e-10,2366.0,ASK
223,1712366370.6603951,526858.44670156,2351.0,-0.0,2366.0,ASK
224,1712366379.9641747,526911.44232045,2351.0,2.583747247853886e-09,2366.0,BID
225,1712366379.9713268,527539.03641878,2352.0,3.0597708986050364e-08,2366.0,BID
226,1712366398.269266,527969.24571878,2352.0,-2.097441483200548e-08,2366.0,ASK
227,1712366400.7191465,527969.24571878,2352.0,-0.0,2366.0,ASK
228,1712366413.472371,527981.06127339,2353.0,5.80425709755858e-10,2366.0,BID
229,1712366417.4092329,528023.55703231,2352.0,-2.0875559249634044e-09,2366.0,ASK
230,1712366417.4130447,528069.07534416,2352.0,-2.2360354070929723e-09,2366.0,ASK
231,1712366418.6491575,528303.21698531,2353.0,1.1501942374588816e-08,2366.0,BID
232,1712366418.6591203,528414.35774107,2353.0,5.459663483784363e-09,2366.0,BID
233,1712366428.3151991,529367.32609521,2353.0,-4.681348879375061e-08,2366.0,ASK
234,1712366430.659073,529367.32609521,2353.0,-0.0,2366.0,ASK
235,1712366435.2991204,529384.08056156,2354.0,8.229111629079e-10,2366.0,BID
236,1712366435.3006449,529452.32397026,2354.0,3.3518383481218262e-09,2366.0,BID
237,1712366435.8592403,529502.70373236,2354.0,2.4744487679182606e-09,2366.0,BID
238,1712366441.103509,529860.37833994,2354.0,1.7567520273003892e-08,2366.0,BID
239,1712366441.1048846,530319.16536153,2354.0,2.253375031933952e-08,2366.0,BID
240,1712366442.1692376,530537.54265168,2355.0,1.0725803259642506e-08,2366.0,BID
241,1712366452.908996,530546.02801442,2357.0,4.16766465384143e-10,2366.0,BID
242,1712366458.3787818,530562.55043939,2357.0,8.115142351997967e-10,2366.0,BID
243,1712366458.518864,530588.02143826,2357.0,-1.251031746562966e-09,2366.0,ASK
244,1712366460.968784,530588.02143826,2357.0,-0.0,2366.0,ASK
245,1712366490.9526458,530588.02143826,2357.0,-0.0,2366.0,ASK
246,1712366494.7288518,530704.53004247,2355.0,-5.721620588253491e-09,2366.0,ASK
247,1712366500.528844,530870.47204247,2355.0,8.149245028675762e-09,2366.0,BID
248,1712366502.798929,530891.69889718,2354.0,-1.0424295248945495e-09,2366.0,ASK
249,1712366502.801845,531456.40092192,2354.0,-2.773194952329104e-08,2366.0,ASK
250,1712366520.7040646,531456.40092192,2354.0,-0.0,2366.0,ASK
251,1712366523.921259,531594.71062192,2355.0,6.791568637330476e-09,2366.0,BID
252,1712366524.428671,531756.91062192,2355.0,7.964679505310254e-09,2366.0,BID
253,1712366525.4364314,532015.70392192,2355.0,1.270780328372919e-08,2366.0,BID
254,1712366526.908715,532310.64532192,2355.0,1.4482821971927168e-08,2366.0,BID
255,1712366528.3986585,532378.90002192,2355.0,3.351583293651823e-09,2366.0,BID
256,1712366530.3687727,532391.73542217,2354.0,-6.302703410229252e-10,2366.0,ASK
257,1712366538.498956,532398.15312229,2354.0,-3.151351702656546e-10,2366.0,ASK
258,1712366550.6236718,532398.15312229,2354.0,-0.0,2366.0,ASK
259,1712366555.648918,532406.63843334,2357.0,4.166179027484327e-10,2366.0,BID
260,1712366555.6524951,532406.63848508,2355.0,2.5403664868966344e-15,2366.0,BID
261,1712366576.4418588,532605.23441037,2356.0,9.750805527515104e-09,2366.0,BID
262,1712366577.838994,532607.40383712,2355.0,-1.0651607436034444e-10,2366.0,ASK
263,1712366577.842039,533527.54122065,2355.0,-4.51775668221508e-08,2366.0,ASK
264,1712366580.9387336,533527.54122065,2355.0,-0.0,2366.0,ASK
265,1712366598.069319,533545.83348584,2353.0,-8.980095091346701e-10,2366.0,ASK
266,1712366598.0717156,533890.67828298,2352.0,-1.6929226850257193e-08,2366.0,ASK
267,1712366606.518993,534731.21710584,2352.0,-4.1263990428913174e-08,2366.0,ASK
268,1712366606.5221057,535187.85779904,2352.0,-2.241754536637023e-08,2366.0,ASK
269,1712366606.622232,536096.95539945,2352.0,4.4629699024044324e-08,2366.0,BID
270,1712366606.638851,536122.4263989,2352.0,1.2504301394927427e-09,2366.0,BID
271,1712366606.6404638,538467.29142397,2352.0,1.151148350558699e-07,2366.0,BID
272,1712366610.9387767,538467.29142397,2352.0,0.0,2366.0,BID
273,1712366612.4847505,538576.24009954,2352.0,-5.345492984895623e-09,2366.0,ASK
274,1712366612.4863253,538675.17208242,2353.0,-4.854030741541392e-09,2366.0,ASK
275,1712366622.588866,540509.54740571,2352.0,-9.000238296624027e-08,2366.0,ASK
276,1712366622.8288617,540518.03997471,2355.0,4.166821466687868e-10,2366.0,BID
277,1712366640.6518774,540518.03997471,2355.0,0.0,2366.0,BID
278,1712366651.6287415,540667.79836112,2354.0,7.346055285243608e-09,2366.0,BID
279,1712366667.0688791,541268.8803086,2354.0,2.9484700810403387e-08,2366.0,BID
280,1712366667.0721557,541447.34868791,2354.0,8.754358353521681e-09,2366.0,BID
281,1712366670.6400485,541447.34868791,2354.0,0.0,2366.0,BID
282,1712366683.2988272,541716.87065505,2355.0,1.3219365413268816e-08,2366.0,BID
283,1712366685.8489635,541725.36322405,2355.0,4.16538859891893e-10,2366.0,BID
284,1712366700.9687488,541725.36322405,2355.0,0.0,2366.0,BID
285,1712366728.2989542,541767.86216157,2353.0,2.094372650799821e-09,2366.0,BID
286,1712366730.963419,541767.86216157,2353.0,0.0,2366.0,BID
287,1712366731.3687663,541810.36109909,2353.0,2.094362329659013e-09,2366.0,BID
288,1712366738.1864552,541818.3283324,2353.0,3.926280111874356e-10,2366.0,BID
289,1712366740.6392946,542518.22029012,2353.0,3.4490917576269334e-08,2366.0,BID
290,1712366740.6486225,542818.3283324,2353.0,1.4789428048255909e-08,2366.0,BID
291,1712366760.6320949,542818.3283324,2353.0,0.0,2366.0,BID
292,1712366790.6392925,542818.3283324,2353.0,0.0,2366.0,BID
293,1712366795.831431,542839.99004085,2353.0,1.0673664648843563e-09,2366.0,BID
294,1712366796.780007,542882.48897837,2353.0,2.09410724950915e-09,2366.0,BID
295,1712366803.6491492,542899.48855338,2353.0,8.37642899904618e-10,2366.0,BID
296,1712366816.8594165,542907.98834088,2353.0,4.18821449705649e-10,2366.0,BID
297,1712366820.9690824,542907.98834088,2353.0,0.0,2366.0,BID
298,1712366843.8791747,543332.97771614,2353.0,2.0940854809327747e-08,2366.0,BID
299,1712366850.9651558,543332.97771614,2353.0,0.0,2366.0,BID
300,1712366858.0833783,543412.97113195,2353.0,3.941387873813677e-09,2366.0,BID
301,1712366858.084919,543417.97559119,2353.0,2.4657673089495044e-10,2366.0,BID
302,1712366865.189141,543468.39954878,2353.0,2.48445916432541e-09,2366.0,BID
303,1712366866.6091046,543489.64901754,2353.0,1.0469911510524e-09,2366.0,BID
304,1712366878.519041,543604.80350999,2352.0,5.673823471110716e-09,2366.0,BID
305,1712366879.0590856,543626.05297875,2353.0,1.0469911510524e-09,2366.0,BID
306,1712366880.6216428,543626.05297875,2353.0,0.0,2366.0,BID
307,1712366892.7591982,543784.97536308,2353.0,7.830062931258103e-09,2366.0,BID
308,1712366892.7625113,543821.22037939,2353.0,1.785782159311529e-09,2366.0,BID
309,1712366909.5391886,543983.27475215,2353.0,-7.984375154861485e-09,2366.0,ASK
310,1712366909.5589924,544051.04235401,2353.0,-3.338891431191227e-09,2366.0,ASK
311,1712366909.5606625,544069.56432974,2353.0,-9.125727391280327e-10,2366.0,ASK
312,1712366909.6792126,544080.51176437,2353.0,5.39377145958219e-10,2366.0,BID
313,1712366910.6443267,544080.51176437,2353.0,0.0,2366.0,BID
314,1712366924.7791216,544089.01155187,2353.0,4.187601704081181e-10,2366.0,BID
315,1712366926.9291778,544159.10514183,2351.0,-3.453310294655281e-09,2366.0,ASK
316,1712366926.9379137,544439.01155187,2351.0,-1.3790186633078382e-08,2366.0,ASK
317,1712366928.0390935,544485.76038314,2353.0,2.3031809382225435e-09,2366.0,BID
318,1712366933.5191226,544543.20829677,2351.0,-2.830294063384247e-09,2366.0,ASK
319,1712366933.522564,544615.02282465,2350.0,-3.538095973903731e-09,2366.0,ASK
320,1712366940.658851,544615.02282465,2350.0,-0.0,2366.0,ASK
321,1712366956.9807844,544894.91463627,2350.0,-1.3788613719967228e-08,2366.0,ASK
322,1712366970.9717574,544894.91463627,2350.0,-0.0,2366.0,ASK
323,1712366980.2790284,544903.42165456,2351.0,4.1907688422083324e-10,2366.0,BID
324,1712366985.219063,544906.41527429,2351.0,1.4747315524934894e-10,2366.0,BID
325,1712366986.4690409,544948.95036574,2351.0,2.0953844211041667e-09,2366.0,BID
326,1712366987.9946053,545117.89669098,2351.0,8.322716275971171e-09,2366.0,BID
327,1712366992.6689763,545406.42303306,2351.0,-1.4213525389591916e-08,2366.0,ASK
328,1712366992.928989,545468.42886036,2351.0,3.054561307219602e-09,2366.0,BID
329,1712366994.2189982,545470.67258643,2351.0,1.1053152801306782e-10,2366.0,BID
330,1712366999.5591683,545513.20767788,2351.0,2.0953844211041667e-09,2366.0,BID
331,1712367000.7289004,545513.20767788,2351.0,0.0,2366.0,BID
332,1712367016.3990366,545515.53996201,2351.0,1.1516581184643923e-10,2366.0,BID
333,1712367018.0690994,545558.07505346,2351.0,2.100339437937763e-09,2366.0,BID
334,1712367020.0190933,545771.40692431,2351.0,1.0534110223847121e-08,2366.0,BID
335,1712367030.1017911,545813.96011579,2350.0,-2.101233198961581e-09,2366.0,ASK
336,1712367030.1034567,556362.49943673,2350.0,-5.208761141248714e-07,2366.0,ASK
337,1712367030.105057,556366.49326651,2350.0,-1.9721124157025004e-10,2366.0,ASK
338,1712367030.298979,556371.82149128,2349.0,-2.6310230534817317e-10,2366.0,ASK
339,1712367030.30066,557010.07197012,2349.0,-3.151615774864215e-08,2366.0,ASK
340,1712367030.6990345,557010.07197012,2349.0,-0.0,2366.0,ASK
341,1712367051.8890378,557139.17447969,2351.0,6.366456873574572e-09,2366.0,BID
342,1712367060.9671898,557139.17447969,2351.0,0.0,2366.0,BID
343,1712367068.739046,557181.74578662,2349.0,-2.099295621409905e-09,2366.0,ASK
344,1712367078.049039,557186.24110178,2348.0,-2.2167502275235002e-10,2366.0,ASK
345,1712367079.6207974,557215.37060418,2349.0,-1.436447251735796e-09,2366.0,ASK
346,1712367083.8389554,557223.88486556,2349.0,4.1985912398461136e-10,2366.0,BID
347,1712367085.8189886,557291.99895666,2349.0,3.358872994856328e-09,2366.0,BID
348,1712367090.973466,557291.99895666,2349.0,0.0,2366.0,BID
349,1712367091.8089275,557341.99895666,2347.0,-2.465579061718119e-09,2366.0,ASK
350,1712367091.8119233,557373.37360832,2347.0,-1.5471336840308551e-09,2366.0,ASK
351,1712367092.4688995,557401.03112215,2347.0,1.3638357399683427e-09,2366.0,BID
352,1712367097.2290149,557407.4168182,2346.0,-3.1488876950813756e-10,2366.0,ASK
353,1712367100.1189642,557520.5512182,2347.0,5.578836155999901e-09,2366.0,BID
354,1712367107.396181,557529.6089482,2347.0,4.4665098869394325e-10,2366.0,BID
355,1712367111.9189622,557579.91367764,2347.0,2.480605752254003e-09,2366.0,BID
356,1712367117.4390614,558223.49238125,2347.0,3.1735883523769844e-08,2366.0,BID
357,1712367117.5389814,558266.06368818,2347.0,2.099258459927901e-09,2366.0,BID
358,1712367117.619182,558299.70030847,2347.0,1.6586749338852475e-09,2366.0,BID
359,1712367120.6517258,558299.70030847,2347.0,0.0,2366.0,BID
360,1712367128.3189504,558714.64714025,2348.0,-2.0459298331927304e-08,2366.0,ASK
361,1712367135.9090092,558724.62367779,2348.0,-4.919014732003681e-10,2366.0,ASK
362,1712367150.6596434,558724.62367779,2348.0,-0.0,2366.0,ASK
363,1712367151.1591237,558828.56400702,2348.0,-5.1246122024451285e-09,2366.0,ASK
364,1712367155.4890358,559002.69992521,2348.0,-8.585493791023736e-09,2366.0,ASK
365,1712367173.9337454,559130.0343904,2351.0,6.2780227745996705e-09,2366.0,BID
366,1712367180.964803,559130.0343904,2351.0,0.0,2366.0,BID
367,1712367193.9589689,559135.61925754,2350.0,-2.753400419248377e-10,2366.0,ASK
368,1712367193.9689512,559259.13689997,2349.0,-6.089554503811175e-09,2366.0,ASK
369,1712367210.9888382,559259.13689997,2349.0,-0.0,2366.0,ASK
370,1712367230.168941,559301.7082069,2349.0,-2.0987804883432168e-09,2366.0,ASK
371,1712367240.6589532,559301.7082069,2349.0,-0.0,2366.0,ASK
372,1712367249.1289926,559561.36442727,2351.0,1.2801080390114244e-08,2366.0,BID
373,1712367259.988731,559569.87144556,2351.0,4.1939694283166365e-10,2366.0,BID
374,1712367270.2997549,559669.87144556,2350.0,-4.9300110630411884e-09,2366.0,ASK
375,1712367270.6189957,559669.87144556,2350.0,-0.0,2366.0,ASK
376,1712367282.2831185,562553.91357321,2350.0,-1.4217752968599216e-07,2366.0,ASK
377,1712367282.3589563,562653.91357321,2350.0,-4.929800723883411e-09,2366.0,ASK
378,1712367297.9189692,562753.91357321,2350.0,-4.929800723883411e-09,2366.0,ASK
379,1712367300.9588234,562753.91357321,2350.0,-0.0,2366.0,ASK
380,1712367305.929253,562928.29827183,2348.0,-8.68192909708242e-09,2366.0,ASK
381,1712367309.60934,563216.29827183,2347.0,-1.4338388630123146e-08,2366.0,ASK
382,1712367310.8538828,563353.83018673,2347.0,6.847173766951533e-09,2366.0,BID
383,1712367315.3500805,563362.34444811,2349.0,4.2389162695914877e-10,2366.0,BID
384,1712367324.6192515,563382.60766516,2349.0,1.008825975553607e-09,2366.0,BID
385,1712367324.6228182,563382.60766517,2349.0,4.984440934360021e-19,2366.0,BID
386,1712367330.998758,563382.60766517,2349.0,0.0,2366.0,BID
387,1712367360.6391802,563382.60766517,2349.0,0.0,2366.0,BID
388,1712367361.379386,563621.88366517,2349.0,1.191173688322176e-08,2366.0,BID
389,1712367361.4389987,563776.00514674,2349.0,7.672539395982078e-09,2366.0,BID
390,1712367361.5188117,563808.32073455,2349.0,1.608747969789482e-09,2366.0,BID
391,1712367361.6588523,563808.32073456,2349.0,4.9840747387483655e-19,2366.0,BID
392,1712367361.818797,572497.11232835,2350.0,4.325490199532932e-07,2366.0,BID
393,1712367362.9388657,572557.67708753,2351.0,3.015059913022721e-09,2366.0,BID
394,1712367368.688965,572560.04640329,2353.0,1.1795025797034454e-10,2366.0,BID
395,1712367390.6801524,572560.04640329,2353.0,0.0,2366.0,BID
396,1712367413.3889234,572568.54619079,2353.0,4.2268612779337877e-10,2366.0,BID
397,1712367420.9391425,572568.54619079,2353.0,0.0,2366.0,BID
398,1712367428.828893,572814.12459889,2351.0,-1.2212362150155254e-08,2366.0,ASK
399,1712367431.319167,572949.32432575,2351.0,-6.723343635100493e-09,2366.0,ASK
400,1712367449.8891523,572975.40919093,2347.0,-1.297173569453261e-09,2366.0,ASK
401,1712367449.9088445,572990.98807062,2347.0,-7.747216953655119e-10,2366.0,ASK
402,1712367450.9588065,572990.98807062,2347.0,-0.0,2366.0,ASK
403,1712367451.7048366,573469.67418899,2350.0,2.3803393872868532e-08,2366.0,BID
404,1712367480.700515,573469.67418899,2350.0,0.0,2366.0,BID
405,1712367510.6394918,573469.67418899,2350.0,0.0,2366.0,BID
406,1712367541.000625,573469.67418899,2350.0,0.0,2366.0,BID
407,1712367565.4045348,573604.77061036,2349.0,6.717498863270317e-09,2366.0,BID
408,1712367565.4076962,573613.970019,2349.0,4.5742897151206776e-10,2366.0,BID
409,1712367570.9288974,573613.970019,2349.0,0.0,2366.0,BID
410,1712367571.2886622,573630.09164374,2349.0,8.01613910790556e-10,2366.0,BID
411,1712367571.2984414,573721.84719751,2349.0,4.562352088001472e-09,2366.0,BID
412,1712367571.4790814,573829.5006841,2349.0,5.352843388159189e-09,2366.0,BID
413,1712367571.5188775,573910.24757208,2349.0,4.014969316176407e-09,2366.0,BID
414,1712367578.269286,574041.39460421,2349.0,6.521010568728779e-09,2366.0,BID
415,1712367580.3655555,574083.38802805,2349.0,2.088034751755983e-09,2366.0,BID
416,1712367580.3748293,574083.38802806,2349.0,4.9781162198826895e-19,2366.0,BID
417,1712367584.3088837,574537.42782806,2348.0,2.2576174895729145e-08,2366.0,BID
418,1712367584.3187697,574583.38802806,2348.0,2.285274360181642e-09,2366.0,BID
419,1712367585.1590788,574676.65435476,2352.0,4.637472097073898e-09,2366.0,BID
420,1712367585.1632333,574733.38802806,2352.0,2.820962679699339e-09,2366.0,BID
421,1712367586.701083,574818.45821096,2352.0,4.229936070721827e-09,2366.0,BID
422,1712367591.8387468,574822.70991164,2352.0,-2.1140688141450318e-10,2366.0,ASK
423,1712367600.7536705,574822.70991164,2352.0,-0.0,2366.0,ASK
424,1712367609.1887605,575057.9973266,2352.0,1.1723963749177644e-08,2366.0,BID
425,1712367621.4988728,575270.36988181,2352.0,1.0582156036802966e-08,2366.0,BID
426,1712367623.3688333,575315.54539201,2352.0,2.251017310148848e-09,2366.0,BID
427,1712367630.663292,575315.54539201,2352.0,0.0,2366.0,BID
428,1712367639.7588077,575319.79709269,2352.0,2.1184263403817679e-10,2366.0,BID
429,1712367660.9687307,575319.79709269,2352.0,0.0,2366.0,BID
430,1712367680.936482,575417.05229269,2351.0,4.845775614776464e-09,2366.0,BID
431,1712367682.439106,575611.16869269,2351.0,9.67192003664349e-09,2366.0,BID
432,1712367682.6719356,575619.79669269,2351.0,4.298932294048196e-10,2366.0,BID
433,1712367689.488843,575619.79709269,2351.0,1.993014602792549e-14,2366.0,BID
434,1712367690.9588232,575619.79709269,2351.0,0.0,2366.0,BID
435,1712367698.0987942,575640.45291661,2351.0,-1.0291477526164651e-09,2366.0,ASK
436,1712367703.2589395,578258.47424128,2352.0,1.304392781917666e-07,2366.0,BID
437,1712367704.4489808,578859.55618875,2352.0,2.994807361699718e-08,2366.0,BID
438,1712367704.4721513,579340.22665328,2352.0,2.394873863347904e-08,2366.0,BID
439,1712367704.475567,579349.37768875,2352.0,4.559376389243414e-10,2366.0,BID
440,1712367704.4789236,579453.62938942,2352.0,5.194196264758211e-09,2366.0,BID
441,1712367704.5093827,579740.39505002,2352.0,1.4287700954290237e-08,2366.0,BID
442,1712367704.5136666,579764.93167161,2352.0,1.222503109240843e-09,2366.0,BID
443,1712367704.5310962,579865.67049173,2353.0,5.019171867898675e-09,2366.0,BID
444,1712367704.5548556,579966.1108653,2353.0,5.004302182849422e-09,2366.0,BID
445,1712367704.5581892,580068.72701471,2353.0,5.112707193679648e-09,2366.0,BID
446,1712367705.6488702,580205.20646354,2353.0,6.799899078607029e-09,2366.0,BID
447,1712367707.7675188,580209.93301471,2354.0,2.35493850695946e-10,2366.0,BID
448,1712367720.654003,580209.93301471,2354.0,0.0,2366.0,BID
449,1712367750.6888194,580209.93301471,2354.0,0.0,2366.0,BID
450,1712367768.238955,580252.41389832,2353.0,2.115413137504275e-09,2366.0,BID
451,1712367768.2423725,581164.71316801,2354.0,4.5429607306461074e-08,2366.0,BID
452,1712367780.7012124,581164.71316801,2354.0,0.0,2366.0,BID
453,1712367783.304109,581166.87969307,2354.0,1.0787399667090556e-10,2366.0,BID
454,1712367784.1088302,581201.05420453,2354.0,1.701591734891626e-09,2366.0,BID
455,1712367805.730451,581730.47006732,2351.0,-2.6360278990334185e-08,2366.0,ASK
456,1712367805.734817,581750.48683361,2351.0,-9.966598679279787e-10,2366.0,ASK
457,1712367806.7991133,581753.48683361,2352.0,1.4937375800233566e-10,2366.0,BID
458,1712367809.3288603,582166.42364751,2352.0,2.056064123658542e-08,2366.0,BID
459,1712367810.681113,582166.42364751,2352.0,0.0,2366.0,BID
460,1712367821.408949,582479.10634421,2352.0,-1.556703736679573e-08,2366.0,ASK
461,1712367823.279071,582822.40294308,2352.0,-1.7091163146869673e-08,2366.0,ASK
462,1712367824.7488189,582826.32631986,2352.0,-1.9532693552573607e-10,2366.0,ASK
463,1712367825.7890215,583005.38763331,2352.0,-8.91464154186907e-09,2366.0,ASK
464,1712367825.793537,583217.78047121,2352.0,-1.0574065271034342e-08,2366.0,ASK
465,1712367825.9088593,584290.46782762,2352.0,-5.34041836544144e-08,2366.0,ASK
466,1712367839.358935,584390.46782762,2352.0,4.978541355530256e-09,2366.0,BID
467,1712367840.708717,584390.46782762,2352.0,0.0,2366.0,BID
468,1712367850.0250547,584398.97122898,2352.0,4.2323513228133476e-10,2366.0,BID
469,1712367870.66876,584398.97122898,2352.0,0.0,2366.0,BID
470,1712367879.4888904,584561.92383079,2351.0,-8.110542406437161e-09,2366.0,ASK
471,1712367883.1990438,584727.53246322,2351.0,-8.242739430215178e-09,2366.0,ASK
472,1712367885.5288622,584940.20792047,2351.0,-1.0585368356662817e-08,2366.0,ASK
473,1712367885.5324292,586810.47663183,2351.0,-9.308776617513201e-08,2366.0,ASK
474,1712367892.6188278,586814.73014097,2351.0,-2.1170736688387087e-10,2366.0,ASK
475,1712367900.6887429,586814.73014097,2351.0,-0.0,2366.0,ASK
476,1712367917.660693,586935.37428698,2350.0,-6.012054215927084e-09,2366.0,ASK
477,1712367921.8387303,588066.52960853,2350.0,5.63688114566831e-08,2366.0,BID
478,1712367925.928922,588109.10091546,2349.0,-2.121453993175592e-09,2366.0,ASK
479,1712367930.659104,588109.10091546,2349.0,-0.0,2366.0,ASK
480,1712367942.8789709,588236.86922817,2348.0,-6.366107525638598e-09,2366.0,ASK
481,1712367942.8834374,588364.59497346,2348.0,-6.363986586828383e-09,2366.0,ASK
482,1712367942.962935,588364.5949742,2348.0,-3.6873398304278033e-17,2366.0,ASK
483,1712367944.5887852,589098.87534359,2349.0,3.658581448213153e-08,2366.0,BID
484,1712367960.9488866,589098.87534359,2349.0,0.0,2366.0,BID
485,1712367964.4088857,589101.00433465,2349.0,1.06065549508371e-10,2366.0,BID
486,1712367967.7187684,589103.13332571,2349.0,1.06065549508371e-10,2366.0,BID
487,1712367990.977595,589103.13332571,2349.0,0.0,2366.0,BID
488,1712367999.3591578,589528.12270097,2347.0,-2.1172803403649376e-08,2366.0,ASK
489,1712367999.3634458,589635.53557337,2347.0,-5.351267026275955e-09,2366.0,ASK
490,1712368020.6642911,589635.53557337,2347.0,-0.0,2366.0,ASK
491,1712368050.642486,589635.53557337,2347.0,-0.0,2366.0,ASK
492,1712368061.428884,590535.53557337,2347.0,-4.483485470941804e-08,2366.0,ASK
493,1712368068.878857,591000.29078788,2347.0,-2.315248057555104e-08,2366.0,ASK
494,1712368068.8825147,591036.95682963,2347.0,-1.826574060700545e-09,2366.0,ASK
495,1712368080.968781,591036.95682963,2347.0,-0.0,2366.0,ASK
496,1712368082.2788234,591079.56441378,2347.0,2.1222132072416404e-09,2366.0,BID
497,1712368083.8391895,591100.86820585,2347.0,1.0611066033714867e-09,2366.0,BID
498,1712368092.959034,591143.29501959,2346.0,-2.113209332474661e-09,2366.0,ASK
499,1712368096.6089406,591340.30118455,2346.0,-9.812550829308833e-09,2366.0,ASK
500,1712368104.0789793,591390.30118455,2346.0,-2.4904171986943422e-09,2366.0,ASK
501,1712368104.09179,592585.18485355,2346.0,-5.951517679433208e-08,2366.0,ASK
502,1712368110.9389744,592585.18485355,2346.0,-0.0,2366.0,ASK
503,1712368131.7089655,592589.38485355,2347.0,2.0915720517779047e-10,2366.0,BID
504,1712368132.1487298,592589.38485435,2346.0,-3.9839771010716506e-17,2366.0,ASK
505,1712368140.6704435,592589.38485435,2346.0,-0.0,2366.0,ASK
506,1712368146.558926,592618.51435675,2345.0,-1.450629123673629e-09,2366.0,ASK
507,1712368146.5611734,593653.81492235,2345.0,-5.155725393435663e-08,2366.0,ASK
508,1712368146.570023,593653.81492331,2345.0,-4.780538278335312e-17,2366.0,ASK
509,1712368162.5988426,594160.33597594,2344.0,-2.5224398982539524e-08,2366.0,ASK
510,1712368170.6492767,594160.33597594,2344.0,-0.0,2366.0,ASK
511,1712368178.5489929,594163.96988594,2345.0,1.809330225894072e-10,2366.0,BID
512,1712368178.6291375,594194.5104874,2345.0,1.5206219564875727e-09,2366.0,BID
513,1712368186.6189232,594206.54119287,2345.0,5.990109564041881e-10,2366.0,BID
514,1712368186.6221964,594354.25429081,2345.0,7.354661311509385e-09,2366.0,BID
515,1712368195.1288354,594862.55573981,2347.0,2.5308419183408986e-08,2366.0,BID
516,1712368200.7386832,594862.55573981,2347.0,0.0,2366.0,BID
517,1712368216.7188158,595208.85060004,2344.0,-1.7301570239575123e-08,2366.0,ASK
518,1712368216.7218096,596257.2074703,2344.0,-5.237796487910327e-08,2366.0,ASK
519,1712368221.918928,596257.20747048,2347.0,8.992058158662346e-18,2366.0,BID
520,1712368221.9237895,599385.77004339,2347.0,1.5630912069600873e-07,2366.0,BID
521,1712368222.038798,601445.46610239,2347.0,1.0290645380439529e-07,2366.0,BID
522,1712368230.6847477,601445.46610239,2347.0,0.0,2366.0,BID
523,1712368260.948846,601445.46610239,2347.0,0.0,2366.0,BID
524,1712368290.998758,601445.46610239,2347.0,0.0,2366.0,BID
525,1712368294.1488397,601488.07368654,2345.0,2.1271169373149424e-09,2366.0,BID
526,1712368308.1990738,601852.9776037,2345.0,1.821725681395705e-08,2366.0,BID
527,1712368308.462442,602126.5163763,2345.0,1.3655995002223829e-08,2366.0,BID
528,1712368320.66907,602126.5163763,2345.0,0.0,2366.0,BID
529,1712368337.8188474,602169.16029954,2345.0,-2.128761381507929e-09,2366.0,ASK
530,1712368350.6412518,602169.16029954,2345.0,-0.0,2366.0,ASK
531,1712368380.958713,602169.16029954,2345.0,-0.0,2366.0,ASK
532,1712368410.978659,602169.16029954,2345.0,-0.0,2366.0,ASK
533,1712368414.9087296,602272.73006336,2344.0,5.170120293003835e-09,2366.0,BID
534,1712368429.649007,602278.41390885,2343.0,-2.837330493652869e-10,2366.0,ASK
535,1712368429.6548414,602703.76482335,2343.0,-2.1233179584416463e-08,2366.0,ASK
536,1712368431.4588518,602707.40493335,2343.0,1.8171139805511487e-10,2366.0,BID
537,1712368438.098991,602871.11953335,2343.0,8.172502712205118e-09,2366.0,BID
538,1712368440.5909824,602871.11953335,2343.0,0.0,2366.0,BID
539,1712368446.4788587,603169.88180394,2343.0,1.491275065423314e-08,2366.0,BID
540,1712368446.859377,603307.38180394,2343.0,6.863327189565464e-09,2366.0,BID
541,1712368447.2663562,603369.45436455,2343.0,3.098358494253669e-09,2366.0,BID
542,1712368448.3589425,603986.99436455,2343.0,3.082457507377827e-08,2366.0,BID
543,1712368449.4887788,604050.92526599,2343.0,3.191117775319441e-09,2366.0,BID
544,1712368449.6088066,604648.60521216,2343.0,2.9833258365142393e-08,2366.0,BID
545,1712368449.8686829,606894.41951216,2343.0,1.1210006071203433e-07,2366.0,BID
546,1712368450.788979,606908.15882073,2343.0,6.857990550881914e-10,2366.0,BID
547,1712368451.2789383,607296.1752118,2343.0,1.9367879613291952e-08,2366.0,BID
548,1712368454.188887,608146.09039026,2343.0,-4.2423606931989654e-08,2366.0,ASK
549,1712368464.049148,608705.81394412,2343.0,-2.7938660987981063e-08,2366.0,ASK
550,1712368470.651733,608705.81394412,2343.0,-0.0,2366.0,ASK
551,1712368477.12901,609008.40266675,2343.0,-1.509344904088295e-08,2366.0,ASK
552,1712368497.128865,609206.91566675,2344.0,9.902040708623978e-09,2366.0,BID
553,1712368499.0788174,609561.28766675,2344.0,1.7676454287606416e-08,2366.0,BID
554,1712368500.6692183,609561.28766675,2344.0,0.0,2366.0,BID
555,1712368504.2388618,609578.65212033,2343.0,-8.67402452372482e-10,2366.0,ASK
556,1712368530.7443476,609578.65212033,2343.0,-0.0,2366.0,ASK
557,1712368532.5688713,609578.65249874,2344.0,1.890258615812283e-14,2366.0,BID
558,1712368560.9688148,609578.65249874,2344.0,0.0,2366.0,BID
559,1712368564.2690113,609599.99266092,2344.0,-1.0659979194622899e-09,2366.0,ASK
560,1712368564.2740912,609611.80183811,2344.0,-5.898998427873405e-10,2366.0,ASK
561,1712368578.2287102,609613.23730301,2343.0,-7.170529370579506e-11,2366.0,ASK
562,1712368578.2342205,610040.04054671,2343.0,-2.131995839422947e-08,2366.0,ASK
563,1712368590.938387,610040.04054671,2343.0,-0.0,2366.0,ASK
564,1712368618.0885298,610570.82321109,2342.0,-2.6512575569740672e-08,2366.0,ASK
565,1712368618.093713,610960.17793024,2342.0,-1.944825463913116e-08,2366.0,ASK
566,1712368620.6200712,610960.17793024,2342.0,-0.0,2366.0,ASK
567,1712368624.688547,611344.30084957,2343.0,1.9184861357078013e-08,2366.0,BID
568,1712368625.288564,611356.25990038,2343.0,5.97289878338668e-10,2366.0,BID
569,1712368627.001655,611444.95170696,2343.0,4.429675833228646e-09,2366.0,BID
570,1712368627.078672,611507.58335576,2343.0,3.1281119618924787e-09,2366.0,BID
571,1712368627.0838697,611728.47977012,2343.0,1.103258064154492e-08,2366.0,BID
572,1712368630.7785726,611737.02312765,2341.0,-4.2669448108807276e-10,2366.0,ASK
573,1712368630.783427,612150.77706741,2341.0,-2.0664770496085293e-08,2366.0,ASK
574,1712368631.1188133,612233.91196741,2343.0,4.1521384176139906e-09,2366.0,BID
575,1712368649.7485092,612390.23996741,2343.0,7.807737719636213e-09,2366.0,BID
576,1712368650.66022,612390.23996741,2343.0,0.0,2366.0,BID
577,1712368658.428532,612393.14167738,2343.0,1.4490046962425782e-10,2366.0,BID
578,1712368658.433938,612432.92029178,2343.0,1.986394218313751e-09,2366.0,BID
579,1712368666.3785515,612544.0306706,2343.0,5.548433936458866e-09,2366.0,BID
580,1712368668.7130053,612612.07193548,2343.0,3.397724561369111e-09,2366.0,BID
581,1712368680.9590852,612612.07193548,2343.0,0.0,2366.0,BID
582,1712368691.1285288,612626.16493188,2343.0,7.037329085676994e-10,2366.0,BID
583,1712368691.132862,612669.69153548,2343.0,2.17349827404925e-09,2366.0,BID
584,1712368710.938445,612669.69153548,2343.0,0.0,2366.0,BID
585,1712368716.8922231,612673.95956791,2343.0,2.1312250018931427e-10,2366.0,BID
586,1712368740.6430914,612673.95956791,2343.0,0.0,2366.0,BID
587,1712368770.64943,612673.95956791,2343.0,0.0,2366.0,BID
588,1712368774.1985018,612759.3566644,2342.0,-4.264267885345898e-09,2366.0,ASK
589,1712368777.4349911,613100.9450504,2342.0,-1.7057071543377503e-08,2366.0,ASK
590,1712368787.388985,613117.66069628,2341.0,-8.346887053368479e-10,2366.0,ASK
591,1712368787.3955648,613226.90000551,2341.0,-5.454818691889683e-09,2366.0,ASK
592,1712368787.3996966,613249.49364439,2341.0,-1.128203799067196e-09,2366.0,ASK
593,1712368787.950197,613253.13997439,2341.0,1.8207794594358243e-10,2366.0,BID
594,1712368788.398558,613541.55597439,2341.0,1.4401930943442474e-08,2366.0,BID
595,1712368791.04485,613597.06803409,2341.0,2.771971216324371e-09,2366.0,BID
596,1712368791.6286952,613652.58009379,2341.0,2.771971216324371e-09,2366.0,BID
597,1712368791.9489746,613664.77067275,2340.0,-6.08731403051505e-10,2366.0,ASK
598,1712368791.9551244,613812.6521359,2340.0,-7.384398300032494e-09,2366.0,ASK
599,1712368791.959949,613867.21653453,2340.0,-2.724650161713037e-09,2366.0,ASK
600,1712368792.6285858,613954.85001582,2341.0,4.3759408142113475e-09,2366.0,BID
601,1712368793.0886326,614097.7628842,2341.0,7.136293622190717e-09,2366.0,BID
602,1712368793.2708592,614207.85557483,2341.0,5.497431931069098e-09,2366.0,BID
603,1712368793.32872,614407.50217415,2341.0,9.969268475050037e-09,2366.0,BID
604,1712368793.349276,614607.39271119,2341.0,9.981449401902497e-09,2366.0,BID
605,1712368793.618671,614717.39271119,2341.0,5.492803463673464e-09,2366.0,BID
606,1712368800.7911685,614717.39271119,2341.0,0.0,2366.0,BID
607,1712368801.9392517,615145.63141979,2341.0,2.1495821651664707e-08,2366.0,BID
608,1712368801.99974,615584.23101979,2341.0,2.2015895781389617e-08,2366.0,BID
609,1712368802.178836,617888.56869979,2341.0,1.1566827285752313e-07,2366.0,BID
610,1712368804.273909,618229.02995968,2341.0,1.7089754790787644e-08,2366.0,BID
611,1712368804.29133,618650.35076877,2341.0,2.1148571552397763e-08,2366.0,BID
612,1712368804.2962844,618978.0447314,2341.0,1.6448888985424212e-08,2366.0,BID
613,1712368808.0990577,619416.6442314,2343.0,2.20158907617978e-08,2366.0,BID
614,1712368809.889707,619496.42726142,2343.0,4.004779926936887e-09,2366.0,BID
615,1712368809.8991215,619671.6451616,2343.0,8.795217846520398e-09,2366.0,BID
616,1712368813.8492062,619680.18122647,2343.0,4.284753441696861e-10,2366.0,BID
617,1712368817.37919,619688.71729134,2343.0,4.2847534416384246e-10,2366.0,BID
618,1712368818.1935742,619813.29104359,2343.0,6.253089940422735e-09,2366.0,BID
619,1712368818.1990986,619871.34865134,2343.0,2.914253094483717e-09,2366.0,BID
620,1712368818.2394614,619985.03370087,2343.0,5.706521853540733e-09,2366.0,BID
621,1712368819.4293284,620157.03816332,2343.0,8.633916490652243e-09,2366.0,BID
622,1712368819.469231,620308.83816332,2343.0,7.619735584831453e-09,2366.0,BID
623,1712368820.1007693,620423.09583067,2343.0,5.73526491269457e-09,2366.0,BID
624,1712368821.1662123,620536.21217384,2343.0,5.6779751335920445e-09,2366.0,BID
625,1712368830.6462178,620536.21217384,2343.0,0.0,2366.0,BID
626,1712368845.0215402,620544.74823871,2343.0,4.2818250262099744e-10,2366.0,BID
627,1712368852.2000167,620629.80241568,2343.0,4.266451919967941e-09,2366.0,BID
628,1712368861.0100436,620629.80241568,2343.0,0.0,2366.0,BID
629,1712368890.9912636,620629.80241568,2343.0,0.0,2366.0,BID
630,1712368891.3006349,620664.26743135,2342.0,-1.728800631848999e-09,2366.0,ASK
631,1712368901.9607086,620672.80714099,2342.0,-4.2836061828528414e-10,2366.0,ASK
632,1712368906.4217062,620798.2005351,2341.0,-6.289861610479529e-09,2366.0,ASK
633,1712368909.390787,621070.99776465,2341.0,-1.3683789594914744e-08,2366.0,ASK
634,1712368920.670996,621070.99776465,2341.0,-0.0,2366.0,ASK
635,1712368927.9613676,622352.50139557,2341.0,-6.427820982143457e-08,2366.0,ASK
636,1712368932.9016168,622434.48508452,2340.0,-4.112173101279068e-09,2366.0,ASK
637,1712368932.907773,623307.28154887,2340.0,-4.377810012651002e-08,2366.0,ASK
638,1712368943.7017393,623315.28902334,2340.0,-4.0164234552334205e-10,2366.0,ASK
639,1712368950.6014574,623315.28902334,2340.0,-0.0,2366.0,ASK
640,1712368980.9638028,623315.28902334,2340.0,-0.0,2366.0,ASK
641,1712368991.1723194,623398.93184193,2340.0,-4.194287334748782e-09,2366.0,ASK
642,1712368992.602452,623640.60049565,2340.0,-1.2118527215963448e-08,2366.0,ASK
643,1712368997.3025167,624162.77648646,2340.0,-2.6184628658904643e-08,2366.0,ASK
644,1712368997.3077552,625943.40653563,2340.0,-8.929008119288531e-08,2366.0,ASK
645,1712369004.85283,625964.77405699,2340.0,-1.0714790071182883e-09,2366.0,ASK
646,1712369004.858718,626999.14556259,2340.0,-5.18687841765203e-08,2366.0,ASK
647,1712369004.8628433,627467.4150619,2340.0,-2.3481475915245122e-08,2366.0,ASK
648,1712369008.702665,627547.202913,2340.0,-4.000979151308399e-09,2366.0,ASK
649,1712369008.7126875,627568.57043436,2340.0,-1.0714790071124507e-09,2366.0,ASK
650,1712369008.8026483,629470.88573436,2340.0,9.539201456846433e-08,2366.0,BID
651,1712369010.836564,629470.88575831,2340.0,1.2009783486697466e-15,2366.0,BID
652,1712369010.9626515,629470.88575831,2340.0,0.0,2366.0,BID
653,1712369020.3534014,629684.56094803,2340.0,-1.0707055204701884e-08,2366.0,ASK
654,1712369020.4326663,630205.16604803,2340.0,2.6087013437798546e-08,2366.0,BID
655,1712369027.942847,630205.1661277,2340.0,3.992185421292952e-15,2366.0,BID
656,1712369027.9485364,631059.86694803,2340.0,4.2828223898004266e-08,2366.0,BID
657,1712369040.613086,631059.86694803,2340.0,0.0,2366.0,BID
658,1712369058.2336965,632034.13101365,2340.0,4.8810327269439824e-08,2366.0,BID
659,1712369058.239242,632034.13104803,2340.0,1.7224276124108e-15,2366.0,BID
660,1712369059.7333193,632635.21297246,2340.0,3.0114017834066914e-08,2366.0,BID
661,1712369059.7380311,632635.21304803,2340.0,3.78603729209328e-15,2366.0,BID
662,1712369071.189985,632635.21304803,2340.0,0.0,2366.0,BID
663,1712369071.2107508,632643.70410164,2340.0,-4.253206007042503e-10,2366.0,ASK
664,1712369071.2251036,634782.75550164,2340.0,1.071460231171574e-07,2366.0,BID
665,1712369074.1935475,634803.20300057,2339.0,-1.0242241925711688e-09,2366.0,ASK
666,1712369074.203437,634907.23698945,2339.0,-5.2111081470533635e-09,2366.0,ASK
667,1712369081.0238073,635508.31893693,2340.0,3.0108458469024365e-08,2366.0,BID
668,1712369081.0312288,639664.02232577,2340.0,2.0816100602757685e-07,2366.0,BID
669,1712369100.9437027,639664.02232577,2340.0,0.0,2366.0,BID
670,1712369108.7241876,641188.03085204,2340.0,7.655372517456239e-08,2366.0,BID
671,1712369108.7303505,641540.14352809,2340.0,1.7687261303438306e-08,2366.0,BID
672,1712369113.0040655,643040.14352809,2340.0,-7.5347733154018e-08,2366.0,ASK
673,1712369113.0639992,643250.50718797,2340.0,-1.0566949939960943e-08,2366.0,ASK
674,1712369113.0847774,643656.59854853,2340.0,-2.0398708981086485e-08,2366.0,ASK
675,1712369113.0893602,648222.00264241,2340.0,-2.2932856627061974e-07,2366.0,ASK
676,1712369120.7739868,648446.11228173,2340.0,1.125743553382058e-08,2366.0,BID
677,1712369123.284125,649047.19422921,2340.0,3.0193441454945965e-08,2366.0,BID
678,1712369123.288272,655200.2569216,2340.0,3.0907955055076054e-07,2366.0,BID
679,1712369123.4240751,656700.2569216,2340.0,-7.5347733154018e-08,2366.0,ASK
680,1712369124.7041414,658200.2569216,2340.0,-7.5347733154018e-08,2366.0,ASK
681,1712369125.1141677,660221.84732446,2340.0,-1.0154816948094997e-07,2366.0,ASK
682,1712369130.954244,660221.84732446,2340.0,-0.0,2366.0,ASK
683,1712369150.3744612,660822.92927194,2340.0,3.012065737439485e-08,2366.0,BID
684,1712369150.3792074,663262.66425382,2340.0,1.2225690986332414e-07,2366.0,BID
685,1712369151.2343965,669052.17659796,2340.0,-2.901167110637244e-07,2366.0,ASK
686,1712369154.8246083,669055.86409796,2341.0,1.8478333034911274e-10,2366.0,BID
687,1712369160.6278038,669055.86409796,2341.0,0.0,2366.0,BID
688,1712369169.0449293,669286.89608016,2343.0,1.1565202089075652e-08,2366.0,BID
689,1712369169.0512865,675727.45287661,2343.0,3.224070546760851e-07,2366.0,BID
690,1712369169.0566924,675739.07862573,2343.0,5.819719708481997e-10,2366.0,BID
691,1712369169.1564467,677239.07862573,2343.0,-7.50883188050909e-08,2366.0,ASK
692,1712369169.15933,681239.07862573,2343.0,-2.002355168135757e-07,2366.0,ASK
693,1712369171.6947167,681281.74074177,2344.0,2.1356177134080355e-09,2366.0,BID
694,1712369178.724825,681309.99183889,2341.0,-1.414218258093199e-09,2366.0,ASK
695,1712369190.6187618,681309.99183889,2341.0,-0.0,2366.0,ASK
696,1712369202.7653944,682158.16825958,2341.0,-4.23978242523938e-08,2366.0,ASK
697,1712369220.96516,682158.16825958,2341.0,-0.0,2366.0,ASK
698,1712369224.335425,683050.70101958,2344.0,4.4610638375442753e-08,2366.0,BID
699,1712369224.3405323,683434.84214725,2344.0,1.9200170234221416e-08,2366.0,BID
700,1712369224.3455274,684912.35161254,2344.0,7.38489872935846e-08,2366.0,BID
701,1712369224.436745,692843.99386213,2344.0,-3.964399291291608e-07,2366.0,ASK
702,1712369224.466858,693485.99386213,2340.0,-3.20884914488014e-08,2366.0,ASK
703,1712369228.1054175,694797.50846213,2340.0,-6.555221966834583e-08,2366.0,ASK
704,1712369236.5861535,694818.87598349,2340.0,-1.067993031844352e-09,2366.0,ASK
705,1712369236.5906885,695002.11352024,2340.0,-9.158592104515898e-09,2366.0,ASK
706,1712369250.9654,695002.11352024,2340.0,-0.0,2366.0,ASK
707,1712369268.8558955,695071.67071884,2339.0,3.47139089174884e-09,2366.0,BID
708,1712369280.668959,695071.67071884,2339.0,0.0,2366.0,BID
709,1712369282.5261865,695092.70262687,2340.0,1.0496308453370788e-09,2366.0,BID
710,1712369310.6169815,695092.70262687,2340.0,0.0,2366.0,BID
711,1712369320.0362756,695312.15772982,2340.0,1.0952229304735324e-08,2366.0,BID
712,1712369337.3466818,695507.86256516,2339.0,-9.766937309167898e-09,2366.0,ASK
713,1712369340.9464438,695507.86256516,2339.0,-0.0,2366.0,ASK
714,1712369356.4366374,695622.74992345,2342.0,5.733344478638921e-09,2366.0,BID
715,1712369370.996873,695622.74992345,2342.0,0.0,2366.0,BID
716,1712369400.7272725,695622.74992345,2342.0,0.0,2366.0,BID
717,1712369430.5870326,695622.74992345,2342.0,0.0,2366.0,BID
718,1712369447.4273958,695627.74992345,2344.0,-2.5005389481744037e-10,2366.0,ASK
719,1712369449.2619843,695630.30965041,2343.0,1.2801393919890588e-10,2366.0,BID
720,1712369457.6596415,695998.94180893,2343.0,1.843558139857969e-08,2366.0,BID
721,1712369461.040042,695998.94180893,2343.0,0.0,2366.0,BID
722,1712369461.2275558,695998.94180942,2342.0,-2.4503805942112978e-17,2366.0,ASK
723,1712369461.233889,696084.33890542,2342.0,-4.270587042013096e-09,2366.0,ASK
724,1712369462.347541,696178.1293297,2345.0,4.690325425057489e-09,2366.0,BID
725,1712369462.353876,696204.9235536,2345.0,1.3399409435175331e-09,2366.0,BID
726,1712369490.9475622,696204.9235536,2345.0,0.0,2366.0,BID
727,1712369502.9077437,696222.16960189,2339.0,-8.624294703079813e-10,2366.0,ASK
728,1712369502.9134212,696247.56747684,2339.0,-1.2700808597807847e-09,2366.0,ASK
729,1712369503.427771,696462.57682684,2339.0,-1.0752051525844716e-08,2366.0,ASK
730,1712369518.4954238,696462.57682719,2339.0,-1.7499800995974965e-17,2366.0,ASK
731,1712369518.500407,696479.82717084,2339.0,-8.62644269950322e-10,2366.0,ASK
732,1712369520.6778114,696479.82717084,2339.0,-0.0,2366.0,ASK
733,1712369521.3754013,696570.3664535,2342.0,4.527485577766238e-09,2366.0,BID
734,1712369550.8313372,696570.3664535,2342.0,0.0,2366.0,BID
735,1712369576.158249,696628.4958789,2339.0,-2.906775234389701e-09,2366.0,ASK
736,1712369576.1620517,696645.7462185,2339.0,-8.62607183689444e-10,2366.0,ASK
737,1712369580.9357798,696645.7462185,2339.0,-0.0,2366.0,ASK
738,1712369600.1883743,696794.06501849,2338.0,-7.416650183318419e-09,2366.0,ASK
739,1712369604.4290853,696854.37726659,2338.0,-3.0159011936304287e-09,2366.0,ASK
740,1712369609.088401,697046.87726659,2338.0,-9.625921733354698e-09,2366.0,ASK
741,1712369610.9683502,697046.87726659,2338.0,-0.0,2366.0,ASK
742,1712369627.4986742,697233.43223218,2338.0,-9.32820408460852e-09,2366.0,ASK
743,1712369627.5040812,697240.47726659,2338.0,-3.5226893345568727e-10,2366.0,ASK
744,1712369630.4084997,697250.68926659,2338.0,-5.10624950728525e-10,2366.0,ASK
745,1712369640.6984704,697250.68926659,2338.0,-0.0,2366.0,ASK
746,1712369654.6287808,697267.94412076,2338.0,-8.62764309949947e-10,2366.0,ASK
747,1712369670.6330082,697272.94412076,2337.0,-2.5000625952974806e-10,2366.0,ASK
748,1712369670.637109,697326.50858302,2337.0,-2.678290170668685e-09,2366.0,ASK
749,1712369670.653569,697326.50858302,2337.0,-0.0,2366.0,ASK
750,1712369690.4106164,697361.66234925,2337.0,-1.7577277481476967e-09,2366.0,ASK
751,1712369690.4161096,697455.73162431,2337.0,-4.703569282982818e-09,2366.0,ASK
752,1712369700.6889584,697455.73162431,2337.0,-0.0,2366.0,ASK
753,1712369706.0501206,697683.32643711,2337.0,-1.1533818282231768e-08,2366.0,ASK
754,1712369707.961068,697813.02119959,2337.0,-6.572539172569691e-09,2366.0,ASK
755,1712369711.569105,697908.28221283,2337.0,-4.827540674480254e-09,2366.0,ASK
756,1712369713.7221673,698147.85461497,2337.0,-1.2140806364288562e-08,2366.0,ASK
757,1712369719.00486,698286.1832559,2337.0,-7.010078077294232e-09,2366.0,ASK
758,1712369719.1193736,698838.65213848,2337.0,-2.7997455741074908e-08,2366.0,ASK
759,1712369719.1266675,698855.90852476,2337.0,-8.745015807418993e-10,2366.0,ASK
760,1712369725.649289,698863.24852476,2337.0,3.71969049512653e-10,2366.0,BID
761,1712369729.8992524,698867.50746854,2336.0,-2.1583041822514622e-10,2366.0,ASK
762,1712369729.911486,698904.14507487,2336.0,-1.8566833246652715e-09,2366.0,ASK
763,1712369729.9165168,698906.66458599,2335.0,-1.27681220240289e-10,2366.0,ASK
764,1712369729.9215052,699377.55499694,2336.0,-2.3863304984530013e-08,2366.0,ASK
765,1712369729.925813,699840.7910569,2335.0,-2.3475405575491532e-08,2366.0,ASK
766,1712369729.9287083,699883.43326319,2336.0,-2.160978330089258e-09,2366.0,ASK
767,1712369729.9316337,701154.1455244,2335.0,-6.43958626714559e-08,2366.0,ASK
768,1712369729.9345703,701157.79350752,2333.0,-1.8486877571772567e-10,2366.0,ASK
769,1712369729.9378345,701161.44367889,2334.0,-1.8497966962778557e-10,2366.0,ASK
770,1712369729.94077,703217.21671379,2335.0,-1.0418037354344369e-07,2366.0,ASK
771,1712369729.9437346,704932.5805167,2334.0,-8.692946094546422e-08,2366.0,ASK
772,1712369729.9466932,705018.30704906,2333.0,-4.344361956415588e-09,2366.0,ASK
773,1712369729.9496994,706518.30704906,2334.0,-7.601547333398602e-08,2366.0,ASK
774,1712369729.9527173,707521.25718276,2333.0,-5.0826486095728736e-08,2366.0,ASK
775,1712369730.6321352,707521.25718276,2333.0,-0.0,2366.0,ASK
776,1712369738.7839155,707650.45313915,2334.0,-6.539472946701232e-09,2366.0,ASK
777,1712369758.4293036,707653.45313915,2338.0,1.5185009955638146e-10,2366.0,BID
778,1712369760.9793818,707653.45313915,2338.0,0.0,2366.0,BID
779,1712369790.939428,707653.45313915,2338.0,0.0,2366.0,BID
780,1712369799.5496218,707658.93433915,2338.0,2.7743592218818544e-10,2366.0,BID
781,1712369800.2895544,708978.33433915,2338.0,6.678263076339312e-08,2366.0,BID
782,1712369806.3993924,708978.33472883,2338.0,1.9724009243909012e-14,2366.0,BID
783,1712369820.681287,708978.33472883,2338.0,0.0,2366.0,BID
784,1712369831.9396756,709182.30800262,2336.0,-1.0322674275090106e-08,2366.0,ASK
785,1712369850.6354198,709182.30800262,2336.0,-0.0,2366.0,ASK
786,1712369860.910313,709185.30800262,2340.0,1.5182026307756744e-10,2366.0,BID
787,1712369866.1898973,709323.99037083,2340.0,7.018264541956683e-09,2366.0,BID
788,1712369880.9721613,709323.99037083,2340.0,0.0,2366.0,BID
789,1712369881.570051,709345.61374717,2340.0,1.0942705351806308e-09,2366.0,BID
790,1712369910.9802418,709345.61374717,2340.0,0.0,2366.0,BID
791,1712369919.2800434,710200.31460187,2339.0,4.325279975431117e-08,2366.0,BID
792,1712369929.3199646,710424.70189158,2339.0,1.1355292855820162e-08,2366.0,BID
793,1712369929.327252,710769.16493186,2339.0,1.7431819357688943e-08,2366.0,BID
794,1712369929.4400065,710982.73883293,2339.0,-1.0808072935608152e-08,2366.0,ASK
795,1712369929.4468007,711199.6362322,2339.0,-1.0976261140100732e-08,2366.0,ASK
796,1712369930.0600922,711308.62979963,2337.0,5.5157040274810546e-09,2366.0,BID
797,1712369937.7547276,711645.32405508,2340.0,1.7038673975016816e-08,2366.0,BID
798,1712369937.7604084,711714.40971415,2340.0,3.496133367855839e-09,2366.0,BID
799,1712369940.652104,711714.40971415,2340.0,0.0,2366.0,BID
800,1712369943.2298937,711852.83215745,2337.0,-7.003011498888816e-09,2366.0,ASK
801,1712369943.8500805,712023.99176378,2337.0,8.659236628818864e-09,2366.0,BID
802,1712369944.482138,712171.40503665,2337.0,7.457871862296034e-09,2366.0,BID
803,1712369946.2200851,712194.04798867,2337.0,1.1455429450893127e-09,2366.0,BID
804,1712369965.0400522,712196.50021867,2336.0,-1.2406221476002899e-10,2366.0,ASK
805,1712369970.656588,712196.50021867,2336.0,-0.0,2366.0,ASK
806,1712369973.8501296,712239.30843784,2336.0,2.1656124360651122e-09,2366.0,BID
1006,1712369973.8501296,712239.30843784,2336.0,2.165612436065112e-09,2366.0,BID
807,1712369994.2303517,712416.25011562,2336.0,8.951250607674419e-09,2366.0,BID
808,1712369994.236976,712667.39062962,2336.0,1.2704873757040317e-08,2366.0,BID
809,1712369994.9102223,712704.92975301,2336.0,1.899055696052579e-09,2366.0,BID
810,1712369995.2704346,713066.62029571,2336.0,-1.829745671428975e-08,2366.0,ASK
811,1712370000.6701162,713066.62029571,2336.0,-0.0,2366.0,ASK
812,1712370030.6339874,713066.62029571,2336.0,-0.0,2366.0,ASK
813,1712370043.4622269,713883.12029571,2335.0,-4.1688295123910346e-08,2366.0,ASK
814,1712370043.465535,713923.12029571,2335.0,-2.042292473920898e-09,2366.0,ASK
815,1712370043.6204116,714100.06197349,2336.0,9.034166421326124e-09,2366.0,BID
816,1712370043.6261451,714706.52416444,2336.0,3.0964329207366034e-08,2366.0,BID
817,1712370049.6339848,714710.98492503,2336.0,-2.2775444452495223e-10,2366.0,ASK
818,1712370050.5506334,714816.45819963,2335.0,-5.3851818728839806e-09,2366.0,ASK
819,1712370057.9407256,714945.04799817,2333.0,-6.565449444530824e-09,2366.0,ASK
820,1712370057.948294,716445.04799817,2334.0,-7.658596777203369e-08,2366.0,ASK
821,1712370057.9526236,716450.13891844,2333.0,-2.5992870381650847e-10,2366.0,ASK
822,1712370059.9104252,717010.69319192,2334.0,-2.8620394348814306e-08,2366.0,ASK
823,1712370060.99025,717010.69319192,2334.0,-0.0,2366.0,ASK
824,1712370068.2915907,717475.23222861,2335.0,-2.3706969125838148e-08,2366.0,ASK
1025,1712370078.6405663,717865.44306343,2333.0,-1.991375424455813e-08,2366.0,ASK
825,1712370078.6405663,717865.44306343,2333.0,-1.9913754244558132e-08,2366.0,ASK
826,1712370078.647617,717877.64099276,2333.0,-6.22500825946759e-10,2366.0,ASK
827,1712370090.9905505,717877.64099276,2333.0,-0.0,2366.0,ASK
828,1712370093.3915718,718152.41180623,2333.0,-1.402101883389572e-08,2366.0,ASK
829,1712370105.646182,718160.97711672,2335.0,-4.3707109275182317e-10,2366.0,ASK
830,1712370120.6447706,718160.97711672,2335.0,-0.0,2366.0,ASK
831,1712370121.2488108,718203.80366918,2335.0,-2.185281751200813e-09,2366.0,ASK
832,1712370150.6665432,718203.80366918,2335.0,-0.0,2366.0,ASK
833,1712370151.2007844,718223.05614144,2335.0,9.823779688410663e-10,2366.0,BID
834,1712370152.2207754,718249.91858255,2335.0,1.3706847608601907e-09,2366.0,BID
835,1712370172.4483943,718275.14776908,2333.0,-1.287346200741924e-09,2366.0,ASK
836,1712370172.4517517,718277.64776908,2333.0,-1.2756517131572418e-10,2366.0,ASK
837,1712370172.4549167,718297.06264901,2332.0,-9.90664993736479e-10,2366.0,ASK
838,1712370172.458101,718511.47088228,2332.0,-1.0940409203438233e-08,2366.0,ASK
839,1712370172.4612892,718565.51730319,2333.0,-2.7577763769507848e-09,2366.0,ASK
840,1712370172.4644833,719249.91858255,2332.0,-3.4922306580106546e-08,2366.0,ASK
841,1712370180.7208183,719249.91858255,2332.0,-0.0,2366.0,ASK
842,1712370181.96113,719262.78859255,2331.0,-6.566242681396747e-10,2366.0,ASK
843,1712370181.9683676,719271.24054417,2331.0,-4.312161798544313e-10,2366.0,ASK
844,1712370200.5313776,719335.59060853,2332.0,-3.2831220733506523e-09,2366.0,ASK
845,1712370210.633062,719335.59060853,2332.0,-0.0,2366.0,ASK
846,1712370217.221041,719387.04858451,2332.0,-2.6253446150080633e-09,2366.0,ASK
847,1712370228.2413535,720978.2168348,2333.0,8.11801264607322e-08,2366.0,BID
848,1712370233.1417203,721155.36078105,2331.0,-9.037741895437113e-09,2366.0,ASK
849,1712370233.1506,722646.90882943,2331.0,-7.609758375186016e-08,2366.0,ASK
850,1712370233.1543217,723400.89335896,2330.0,-3.846768526554631e-08,2366.0,ASK
851,1712370233.1574943,728231.89335896,2331.0,-2.4647374082553813e-07,2366.0,ASK
852,1712370233.1606812,731168.68945069,2331.0,-1.4983297842486348e-07,2366.0,ASK
853,1712370233.1638522,732101.97524091,2330.0,-4.7615491611429927e-08,2366.0,ASK
854,1712370233.22114,732144.85688757,2332.0,2.187787179685165e-09,2366.0,BID
855,1712370234.3412411,732157.72138157,2332.0,-6.56336154005925e-10,2366.0,ASK
856,1712370240.9959345,732166.28669206,2332.0,4.36995263464031e-10,2366.0,BID
857,1712370241.00271,732166.28669206,2332.0,0.0,2366.0,BID
858,1712370247.6615255,732170.57079759,2331.0,-2.1823881793386096e-10,2366.0,ASK
859,1712370247.6693826,732184.11057424,2331.0,-6.89736709446527e-10,2366.0,ASK
860,1712370247.6730824,732452.56509926,2330.0,-1.3675479700248304e-08,2366.0,ASK
861,1712370247.6764052,732962.95515736,2330.0,-2.6000041825466212e-08,2366.0,ASK
1061,1712370247.6764052,732962.95515736,2330.0,-2.600004182546621e-08,2366.0,ASK
862,1712370247.6797209,734462.95515736,2331.0,-7.64122696342937e-08,2366.0,ASK
863,1712370247.6830747,737692.57756502,2330.0,-1.645218521540487e-07,2366.0,ASK
864,1712370247.7312016,740092.25430393,2330.0,1.2224316400582378e-07,2366.0,BID
865,1712370247.7412732,741677.63030393,2330.0,8.076145225582776e-08,2366.0,BID
866,1712370247.747092,741717.44539129,2335.0,2.028240793909201e-09,2366.0,BID
867,1712370247.7517028,742539.68253971,2335.0,4.188600445893218e-08,2366.0,BID
868,1712370247.7550776,743776.56745235,2335.0,6.300878896749619e-08,2366.0,BID
869,1712370247.7583904,744566.74509817,2335.0,4.025284488759081e-08,2366.0,BID
870,1712370247.7620146,744996.60594457,2335.0,2.18977619335631e-08,2366.0,BID
871,1712370247.765368,745691.14509817,2335.0,3.538087538430463e-08,2366.0,BID
872,1712370247.8212175,745719.94509817,2335.0,1.4671155769748803e-09,2366.0,BID
873,1712370248.009642,745817.4883042,2333.0,-4.968998506773779e-09,2366.0,ASK
874,1712370260.2813132,745820.4883042,2336.0,1.5282453926858734e-10,2366.0,BID
875,1712370270.98098,745820.4883042,2336.0,0.0,2366.0,BID
876,1712370271.0111327,745829.05361469,2335.0,-4.35623122515828e-10,2366.0,ASK
877,1712370300.6211,745829.05361469,2335.0,-0.0,2366.0,ASK
878,1712370330.651939,745829.05361469,2335.0,-0.0,2366.0,ASK
879,1712370360.961544,745829.05361469,2335.0,-0.0,2366.0,ASK
880,1712370361.2514176,746257.68627569,2333.0,-2.1901076871012585e-08,2366.0,ASK
881,1712370373.6042104,746262.40784221,2331.0,-2.41249444374924e-10,2366.0,ASK
1082,1712370373.611735,746262.40784301,2333.0,-4.0876481200515276e-17,2366.0,ASK
882,1712370373.611735,746262.40784301,2333.0,-4.087648120051528e-17,2366.0,ASK
883,1712370373.6165438,746266.04307234,2332.0,-1.8574281486801323e-10,2366.0,ASK
884,1712370390.9814718,746266.04307234,2332.0,-0.0,2366.0,ASK
885,1712370394.64149,746282.77152727,2331.0,-8.54699436476456e-10,2366.0,ASK
886,1712370394.7616208,746688.86288783,2331.0,2.0748243545551825e-08,2366.0,BID
887,1712370407.7116845,746692.40839845,2331.0,1.8114918213367166e-10,2366.0,BID
888,1712370415.9517708,746714.03177479,2331.0,-1.104793458204087e-09,2366.0,ASK
889,1712370419.924822,746765.3740265,2331.0,-2.6232066133769877e-09,2366.0,ASK
890,1712370420.6516795,746765.3740265,2331.0,-0.0,2366.0,ASK
891,1712370450.6016412,746765.3740265,2331.0,-0.0,2366.0,ASK
892,1712370454.1762545,746914.44648548,2330.0,-7.616039295609523e-09,2366.0,ASK
893,1712370457.54187,746917.44648548,2334.0,1.5326853828786888e-10,2366.0,BID
894,1712370480.9717717,746917.44648548,2334.0,0.0,2366.0,BID
895,1712370482.8619657,746921.89327665,2334.0,2.2718028156748368e-10,2366.0,BID
896,1712370503.1520555,746934.74674708,2334.0,6.56665653893826e-10,2366.0,BID
897,1712370511.016168,746934.74674708,2334.0,0.0,2366.0,BID
898,1712370540.662262,746934.74674708,2334.0,0.0,2366.0,BID
899,1712370570.671969,746934.74674708,2334.0,0.0,2366.0,BID
900,1712370586.2322512,746964.74674708,2334.0,1.532654475316298e-09,2366.0,BID
901,1712370600.7685666,746964.74674708,2334.0,0.0,2366.0,BID
902,1712370630.6631172,746964.74674708,2334.0,0.0,2366.0,BID
903,1712370660.9822686,746964.74674708,2334.0,0.0,2366.0,BID
904,1712370662.772491,746987.34810784,2330.0,-1.157043461518873e-09,2366.0,ASK
905,1712370662.7824275,746992.0361765,2330.0,-2.3999878802720447e-10,2366.0,ASK
906,1712370662.7885034,747018.53299179,2329.0,-1.3564655335491091e-09,2366.0,ASK
907,1712370662.7942524,747218.53299179,2328.0,-1.0238706189445044e-08,2366.0,ASK
908,1712370662.7982955,747222.75381617,2329.0,-2.1607890352319963e-10,2366.0,ASK
909,1712370662.8016398,748366.19641893,2328.0,-5.8536864270766026e-08,2366.0,ASK
910,1712370680.9425528,748792.56174504,2328.0,-2.1827146517038163e-08,2366.0,ASK
911,1712370691.0134857,748792.56174504,2328.0,-0.0,2366.0,ASK
912,1712370698.992536,748857.4125881,2330.0,-3.319220579843122e-09,2366.0,ASK
913,1712370720.6426888,748857.4125881,2330.0,-0.0,2366.0,ASK
914,1712370737.340278,748904.43794313,2330.0,-2.406851039825835e-09,2366.0,ASK
915,1712370740.9127288,748906.5801882,2334.0,1.0964435613296295e-10,2366.0,BID
916,1712370750.6925635,748906.5801882,2334.0,0.0,2366.0,BID
917,1712370756.6013837,748919.43365863,2334.0,6.57862279701353e-10,2366.0,BID
918,1712370765.3246157,749265.44877345,2334.0,1.77096367464397e-08,2366.0,BID
919,1712370765.3305738,750166.52641784,2334.0,4.6118672505932864e-08,2366.0,BID
920,1712370780.942649,750166.52641784,2334.0,0.0,2366.0,BID
921,1712370797.946205,750168.98646783,2331.0,-1.2589055674879215e-10,2366.0,ASK
922,1712370798.0229535,750168.98646784,2331.0,-5.123394717653159e-19,2366.0,ASK
923,1712370798.1657572,750177.57015882,2330.0,-4.3926165762079156e-10,2366.0,ASK
924,1712370798.1693523,750275.78953783,2330.0,-5.026276846992448e-09,2366.0,ASK
925,1712370798.1828282,750381.15202577,2330.0,-5.391818183052036e-09,2366.0,ASK
926,1712370798.1887577,750443.69913693,2330.0,-3.200784812920678e-09,2366.0,ASK
927,1712370798.964727,750814.62751406,2331.0,1.8981882523105853e-08,2366.0,BID
928,1712370799.0427575,751087.47596096,2331.0,-1.3962741825637308e-08,2366.0,ASK
929,1712370810.9927988,751087.47596096,2331.0,-0.0,2366.0,ASK
930,1712370816.4772592,751148.65521668,2329.0,-3.130442344997126e-09,2366.0,ASK
931,1712370816.4847891,751157.24259323,2329.0,-4.3940199775318464e-10,2366.0,ASK
932,1712370816.5329754,752357.24259323,2329.0,6.14020352125469e-08,2366.0,BID
933,1712370816.5404215,752875.28872124,2329.0,2.6507572161496097e-08,2366.0,BID
934,1712370837.15289,752964.61504154,2329.0,-4.570681553722952e-09,2366.0,ASK
1134,1712370837.15289,752964.61504154,2329.0,-4.5706815537229524e-09,2366.0,ASK
935,1712370840.6878324,752964.61504154,2329.0,-0.0,2366.0,ASK
936,1712370843.1127553,753340.77524154,2329.0,1.9243196820540025e-08,2366.0,BID
937,1712370847.9328053,753399.10721543,2329.0,2.984084053801964e-09,2366.0,BID
938,1712370849.373848,753415.63552543,2329.0,8.45537413155866e-10,2366.0,BID
939,1712370849.3780909,754173.03578871,2329.0,3.874626379458735e-08,2366.0,BID
940,1712370855.700735,755512.78408704,2329.0,-6.853739495764004e-08,2366.0,ASK
941,1712370870.6727245,755512.78408704,2329.0,-0.0,2366.0,ASK
942,1712370881.9127636,755715.57733324,2329.0,-1.0371128959045335e-08,2366.0,ASK
943,1712370881.9204462,755732.9073442,2329.0,-8.86280889012236e-10,2366.0,ASK
944,1712370894.3528829,756801.11648509,2329.0,-5.4629702729241744e-08,2366.0,ASK
945,1712370894.3620214,756901.11648509,2330.0,-5.114139229675903e-09,2366.0,ASK
946,1712370900.5816047,757105.40280222,2333.0,1.044748668520385e-08,2366.0,BID
947,1712370900.5892372,758455.40280222,2334.0,6.904087960062468e-08,2366.0,BID
948,1712370900.5928557,758605.40280222,2334.0,7.671208844513855e-09,2366.0,BID
949,1712370900.669186,759101.74397883,2334.0,2.538357882605161e-08,2366.0,BID
1149,1712370900.669186,759101.74397883,2334.0,2.5383578826051612e-08,2366.0,BID
950,1712370900.9631524,759101.74397883,2334.0,0.0,2366.0,BID
951,1712370915.48233,759108.1652117,2336.0,3.30967634635175e-10,2366.0,BID
952,1712370930.9829512,759108.1652117,2336.0,0.0,2366.0,BID
953,1712370960.6619244,759108.1652117,2336.0,0.0,2366.0,BID
954,1712370973.0720017,759159.62320082,2334.0,2.652281286118166e-09,2366.0,BID
955,1712370973.0783336,759667.599659,2334.0,2.6182454403334383e-08,2366.0,BID
956,1712370990.6344364,759667.599659,2334.0,0.0,2366.0,BID
957,1712371006.2863672,759684.70375537,2329.0,-8.815311797206436e-10,2366.0,ASK
958,1712371006.292674,760134.60925472,2329.0,-2.3187762570258267e-08,2366.0,ASK
959,1712371007.2618184,760524.05194028,2329.0,2.007155845068353e-08,2366.0,BID
960,1712371019.9744258,760953.4207681,2329.0,-2.2129319265805617e-08,2366.0,ASK
961,1712371021.0018573,760953.4207681,2329.0,-0.0,2366.0,ASK
962,1712371026.381499,761808.05971626,2329.0,-4.404059712232275e-08,2366.0,ASK
963,1712371050.981608,761808.05971626,2329.0,-0.0,2366.0,ASK
964,1712371068.2415247,761834.9863516,2329.0,-1.3874203592804316e-09,2366.0,ASK
965,1712371080.632069,761834.9863516,2329.0,-0.0,2366.0,ASK
966,1712371100.9714353,761838.9863516,2332.0,2.0610311813523875e-10,2366.0,BID
967,1712371100.9784052,763338.9863516,2332.0,7.728866930071455e-08,2366.0,BID
968,1712371101.031374,763338.98635221,2332.0,-3.143156468369564e-17,2366.0,ASK
969,1712371101.0380626,764170.99192621,2332.0,-4.286973577682229e-08,2366.0,ASK
970,1712371106.9128518,764359.9919262,2329.0,-9.738372331374169e-09,2366.0,ASK
971,1712371110.6682043,764359.9919262,2329.0,-0.0,2366.0,ASK
972,1712371141.0199025,764359.9919262,2329.0,-0.0,2366.0,ASK
973,1712371141.1512194,764944.20233392,2330.0,-3.009276740555773e-08,2366.0,ASK
974,1712371144.584869,766695.66608702,2330.0,9.021816565540525e-08,2366.0,BID
975,1712371149.7214005,766701.49215516,2329.0,-3.001016604842645e-10,2366.0,ASK
976,1712371170.9509792,766701.49215516,2329.0,-0.0,2366.0,ASK
977,1712371171.2911952,766704.49215516,2330.0,1.5448704411161298e-10,2366.0,BID
978,1712371178.2829628,766725.9299234,2330.0,1.1039524825821423e-09,2366.0,BID
979,1712371187.4211524,766828.82773453,2329.0,-5.298792895672229e-09,2366.0,ASK
980,1712371192.217754,766974.81313599,2329.0,-7.517617718338611e-09,2366.0,ASK
981,1712371199.3013673,767065.08258813,2330.0,4.6484869448927935e-09,2366.0,BID
982,1712371200.777974,767065.08258813,2330.0,0.0,2366.0,BID
983,1712371225.990827,767224.95442605,2332.0,-8.310993030504924e-09,2366.0,ASK
984,1712371230.6308284,767224.95442605,2332.0,-0.0,2366.0,ASK
985,1712371235.1944046,767227.95442605,2336.0,1.5595301957698247e-10,2366.0,BID
986,1712371235.226361,768181.83469405,2336.0,4.95868360365039e-08,2366.0,BID
987,1712371255.171033,769681.83469405,2337.0,7.797650978849123e-08,2366.0,BID
988,1712371255.1791005,769686.12469738,2338.0,2.2301299110195512e-10,2366.0,BID
989,1712371255.18529,769688.96969738,2339.0,1.4789544689738596e-10,2366.0,BID
990,1712371255.190987,769901.73243124,2340.0,1.1060330266309968e-08,2366.0,BID
991,1712371255.1945636,769914.60796772,2338.0,6.69326264242532e-10,2366.0,BID
1192,1712371255.1981604,770320.69933825,2339.0,2.111039181943421e-08,2366.0,BID
992,1712371255.1981604,770320.69933825,2339.0,2.1110391819434212e-08,2366.0,BID
993,1712371260.9908066,770320.69933825,2339.0,0.0,2366.0,BID
994,1712371268.3906157,771206.46979205,2337.0,4.6028879885758095e-08,2366.0,BID
995,1712371281.0909677,771209.46979205,2338.0,1.5589438444788768e-10,2366.0,BID
996,1712371290.9809709,771209.46979205,2338.0,0.0,2366.0,BID
997,1712371320.653091,771209.46979205,2338.0,0.0,2366.0,BID
998,1712371327.4907062,771212.75479205,2338.0,1.7068592816170707e-10,2366.0,BID
999,1712371327.4990394,771252.2413917,2338.0,2.051691601565694e-09,2366.0,BID
1000,1712371328.840533,771259.92915902,2338.0,3.9945013713429424e-10,2366.0,BID
1201,1712371329.4607449,771260.56832374,2335.0,-3.3210478993597046e-11,2366.0,ASK
1202,1712371329.4633708,771263.41529425,2335.0,-1.4792627212740083e-10,2366.0,ASK
1203,1712371343.8005662,771266.69680148,2338.0,1.7050444667239767e-10,2366.0,BID
1204,1712371346.970508,771372.29680148,2338.0,5.486890110713376e-09,2366.0,BID
1205,1712371350.680729,771372.29680148,2338.0,0.0,2366.0,BID
1206,1712371380.9406598,771372.29680148,2338.0,0.0,2366.0,BID
1207,1712371393.0405316,771457.83383612,2337.0,-4.4443468405458414e-09,2366.0,ASK
1208,1712371400.520522,771487.78676723,2335.0,-1.5562991551477423e-09,2366.0,ASK
1209,1712371409.3205268,771497.78676723,2335.0,-5.195815893375564e-10,2366.0,ASK
1210,1712371411.006322,771497.78676723,2335.0,-0.0,2366.0,ASK
1211,1712371440.712476,771497.78676723,2335.0,-0.0,2366.0,ASK
1212,1712371440.8204107,771501.04676723,2337.0,1.693810178384486e-10,2366.0,BID
1213,1712371445.3808136,771967.11099773,2338.0,2.421547047238083e-08,2366.0,BID
1214,1712371447.870645,771970.53418986,2337.0,-1.7786005129554654e-10,2366.0,ASK
1215,1712371453.5514038,772784.30841725,2338.0,4.2281566541605124e-08,2366.0,BID
1216,1712371453.5589345,772790.34415836,2338.0,3.1360121859367435e-10,2366.0,BID
1217,1712371456.7007282,773047.08356786,2337.0,-1.3339503834421521e-08,2366.0,ASK
1218,1712371462.977051,773264.81139886,2338.0,1.1312564916083366e-08,2366.0,BID
1219,1712371463.3102682,774219.35573686,2338.0,4.9595610902425584e-08,2366.0,BID
1220,1712371463.4101734,774437.08356786,2338.0,1.1312564916083366e-08,2366.0,BID
1221,1712371470.636328,774437.08356786,2338.0,0.0,2366.0,BID
1222,1712371500.6702085,774437.08356786,2338.0,0.0,2366.0,BID
1223,1712371510.1202607,774440.08356786,2340.0,1.6058613203362608e-10,2366.0,BID
1224,1712371513.3604045,774443.50237128,2340.0,1.8300413913554355e-10,2366.0,BID
1225,1712371530.6302783,774443.50237128,2340.0,0.0,2366.0,BID
1226,1712371532.6703596,774607.71825542,2340.0,8.790257483463383e-09,2366.0,BID
1227,1712371532.672657,774890.58425542,2340.0,1.5141440100873406e-08,2366.0,BID
1228,1712371532.830422,775390.58425542,2341.0,2.6764333820380256e-08,2366.0,BID
1229,1712371532.8342876,775398.47025875,2341.0,4.221272512655368e-10,2366.0,BID
1230,1712371552.4005065,775481.17697541,2342.0,4.4271803477487205e-09,2366.0,BID
1231,1712371552.4034233,775488.13721007,2342.0,3.7257208782075917e-10,2366.0,BID
1232,1712371560.6626508,775488.13721007,2342.0,0.0,2366.0,BID
1233,1712371580.7042766,775905.43049341,2342.0,2.2334230263643965e-08,2366.0,BID
1234,1712371590.663881,775905.43049341,2342.0,0.0,2366.0,BID
1235,1712371595.2705922,775913.96655828,2343.0,4.5684048698436047e-10,2366.0,BID
1236,1712371600.939043,776405.43049341,2343.0,2.630259105072541e-08,2366.0,BID
1237,1712371600.9407513,776409.72049674,2343.0,2.295961008103534e-10,2366.0,BID
1238,1712371601.0910754,776415.5719229,2343.0,-3.1316167545721886e-10,2366.0,ASK
1239,1712371617.108436,776846.45929491,2344.0,2.3060602263526372e-08,2366.0,BID
1240,1712371620.9309454,776846.45929491,2344.0,0.0,2366.0,BID
1241,1712371649.4002864,776867.79035293,2344.0,1.1414792525278907e-09,2366.0,BID
1242,1712371649.4602983,776889.12141095,2344.0,1.1414792525278907e-09,2366.0,BID
1243,1712371649.520363,776910.45246897,2344.0,1.1414792525278907e-09,2366.0,BID
1244,1712371650.9602356,776910.45246897,2344.0,0.0,2366.0,BID
1245,1712371656.7504938,776915.5719229,2344.0,2.7395282190127187e-10,2366.0,BID
1246,1712371656.7539525,776915.65246897,2345.0,4.3101907884761465e-12,2366.0,BID
1247,1712371669.2403653,776926.30278879,2345.0,5.699211690693576e-10,2366.0,BID
1248,1712371680.6311266,776926.30278879,2345.0,0.0,2366.0,BID
1249,1712371702.7901978,777011.22194967,2345.0,4.544195105424858e-09,2366.0,BID
1250,1712371704.0201669,777013.96970895,2343.0,-1.4703812592811687e-10,2366.0,ASK
1251,1712371704.0224988,777015.13125381,2342.0,-6.215660179404229e-11,2366.0,ASK
1252,1712371708.430088,777019.39564613,2345.0,2.2819621045603167e-10,2366.0,BID
1253,1712371710.660767,777019.39564613,2345.0,0.0,2366.0,BID
1254,1712371734.257785,777177.14873781,2345.0,8.441586631953449e-09,2366.0,BID
1255,1712371736.9638078,777180.54873781,2345.0,1.819387134868851e-10,2366.0,BID
1256,1712371740.7306309,777180.54873781,2345.0,0.0,2366.0,BID
1257,1712371750.0101004,777280.40717277,2345.0,5.343455234142771e-09,2366.0,BID
1258,1712371751.3437536,777330.40717277,2345.0,2.675515211250043e-09,2366.0,BID
1259,1712371759.0702507,777357.35940971,2345.0,1.442222398205661e-09,2366.0,BID
1260,1712371759.0727737,777484.76260987,2345.0,6.817383999801002e-09,2366.0,BID
1261,1712371763.6607757,777948.96230405,2345.0,2.4839466856720405e-08,2366.0,BID
1262,1712371763.6701005,778039.38815816,2345.0,4.8387149632339225e-09,2366.0,BID
1263,1712371763.727408,778257.11598915,2345.0,-1.1650682474523657e-08,2366.0,ASK
1264,1712371763.74374,779224.53067892,2345.0,-5.1766654361325844e-08,2366.0,ASK
1265,1712371770.637586,779224.53067892,2345.0,-0.0,2366.0,ASK
1266,1712371771.1772768,779227.93067892,2346.0,1.8188838322375304e-10,2366.0,BID
1267,1712371800.720518,779227.93067892,2346.0,0.0,2366.0,BID
1268,1712371814.2600658,779232.19325351,2346.0,2.3231343609800675e-10,2366.0,BID
1269,1712371829.4504154,779833.27520099,2343.0,-3.2759406233431096e-08,2366.0,ASK
1270,1712371829.4535732,780239.36657151,2341.0,-2.21322770223388e-08,2366.0,ASK
1271,1712371829.4566464,780245.01770811,2342.0,-3.0799108231119634e-10,2366.0,ASK
1272,1712371829.459698,781765.01770811,2341.0,-8.284111290245299e-08,2366.0,ASK
1273,1712371829.461773,797793.67792782,2340.0,-8.73573717721086e-07,2366.0,ASK
1274,1712371829.4631796,799414.8154803,2342.0,-8.83531835627634e-08,2366.0,ASK
1275,1712371829.7992716,799500.0669722,2346.0,4.646268727359491e-09,2366.0,BID
1276,1712371830.6301415,799500.0669722,2346.0,0.0,2366.0,BID
1277,1712371856.0705676,799542.16036239,2341.0,2.2882038615799967e-09,2366.0,BID
1278,1712371856.5501175,799957.97358139,2341.0,2.2603677420995453e-08,2366.0,BID
1279,1712371856.6901608,800000.0669722,2341.0,2.288203895278496e-09,2366.0,BID
1280,1712371860.9599943,800000.0669722,2341.0,0.0,2366.0,BID
1281,1712371877.070092,800003.5669722,2342.0,1.902484910037618e-10,2366.0,BID
1282,1712371884.5601456,800500.0669722,2342.0,2.6988107366676494e-08,2366.0,BID
1283,1712371884.5634282,801000.0669722,2342.0,2.717835585768025e-08,2366.0,BID
1284,1712371890.960146,801000.0669722,2342.0,0.0,2366.0,BID
1285,1712371902.0989854,801500.0669722,2343.0,2.7174896400461924e-08,2366.0,BID
1286,1712371902.1005318,802000.0669722,2343.0,2.7174896400461924e-08,2366.0,BID
1287,1712371910.120171,802500.0669722,2344.0,2.7174896400461924e-08,2366.0,BID
1288,1712371910.8801095,802570.8267722,2344.0,-3.8457804686348014e-09,2366.0,ASK
1289,1712371920.6506488,802570.8267722,2344.0,-0.0,2366.0,ASK
1290,1712371933.5901444,802985.6457842,2345.0,2.2540817970590256e-08,2366.0,BID
1291,1712371947.740229,803070.8267722,2345.0,4.6286430696673804e-09,2366.0,BID
1292,1712371948.630062,803134.4827722,2345.0,-3.4589984239613793e-09,2366.0,ASK
1293,1712371949.811014,803140.8477722,2345.0,-3.4586723904197366e-10,2366.0,ASK
1294,1712371950.6574752,803140.8477722,2345.0,-0.0,2366.0,ASK
1295,1712371980.9807808,803140.8477722,2345.0,-0.0,2366.0,ASK
1296,1712371983.1402016,803315.23796409,2345.0,-9.475486798662351e-09,2366.0,ASK
1297,1712372010.9554398,803315.23796409,2345.0,-0.0,2366.0,ASK
1298,1712372011.5700746,803531.75146409,2345.0,1.1763994315416293e-08,2366.0,BID
1299,1712372011.5731993,803543.53796409,2345.0,6.40404958578519e-10,2366.0,BID
1300,1712372014.1600397,805026.98196515,2345.0,8.060110245184674e-08,2366.0,BID
1301,1712372040.652145,805026.98196515,2345.0,0.0,2366.0,BID
1302,1712372059.3000245,805147.17650903,2346.0,6.529198478402543e-09,2366.0,BID
1303,1712372059.3056846,806096.8881885,2346.0,5.1590162517723954e-08,2366.0,BID
1304,1712372069.9203186,806097.8311971,2346.0,5.122603836840944e-11,2366.0,BID
1305,1712372070.646152,806097.8311971,2346.0,0.0,2366.0,BID
1306,1712372072.4502203,806100.5768271,2347.0,1.4912754390104866e-10,2366.0,BID
1307,1712372072.4536035,806600.5768271,2347.0,2.715725423673118e-08,2366.0,BID
1308,1712372100.962698,806600.5768271,2347.0,0.0,2366.0,BID
1309,1712372106.960227,806685.7919954,2344.0,-4.7308615795673485e-09,2366.0,ASK
1310,1712372107.0201454,806687.9223746,2348.0,1.1827153907183615e-10,2366.0,BID
1311,1712372123.5602372,807159.44380527,2348.0,2.6177295249212133e-08,2366.0,BID
1312,1712372123.5699463,808528.61872148,2348.0,7.601201917484975e-08,2366.0,BID
1313,1712372130.956552,808528.61872148,2348.0,0.0,2366.0,BID
1314,1712372148.560205,808584.56935121,2344.0,-3.105411710311673e-09,2366.0,ASK
1315,1712372153.4803755,808932.27795006,2348.0,1.929877035978241e-08,2366.0,BID
1316,1712372160.6604414,808932.27795006,2348.0,0.0,2366.0,BID
1317,1712372173.1626618,808936.53689384,2348.0,2.3637050039449715e-10,2366.0,BID
1318,1712372190.6652474,808936.53689384,2348.0,0.0,2366.0,BID
1319,1712372220.990011,808936.53689384,2348.0,0.0,2366.0,BID
1320,1712372250.9707196,808936.53689384,2348.0,0.0,2366.0,BID
1321,1712372280.6611662,808936.53689384,2348.0,0.0,2366.0,BID
1322,1712372301.205196,808939.09226011,2348.0,1.4182222163808006e-10,2366.0,BID
1323,1712372301.4301455,808979.12633165,2348.0,-2.221881471024794e-09,2366.0,ASK
1324,1712372310.6399872,808979.12633165,2348.0,-0.0,2366.0,ASK
1325,1712372340.6387267,808979.12633165,2348.0,-0.0,2366.0,ASK
1326,1712372363.1802244,808982.34166011,2348.0,1.7844897620159148e-10,2366.0,BID
1327,1712372363.2000551,809021.71576946,2348.0,-2.185241598034685e-09,2366.0,ASK
1328,1712372370.6304538,809021.71576946,2348.0,-0.0,2366.0,ASK
1329,1712372397.2002082,809030.23365702,2348.0,4.727354910838065e-10,2366.0,BID
1330,1712372400.8125234,809030.23365702,2348.0,0.0,2366.0,BID
1331,1712372430.66039,809030.23365702,2348.0,0.0,2366.0,BID
1332,1712372432.6201882,809394.44039521,2348.0,2.0375069981067243e-08,2366.0,BID
1333,1712372460.9807348,809394.44039521,2348.0,0.0,2366.0,BID
1334,1712372490.9637594,809394.44039521,2348.0,0.0,2366.0,BID
1335,1712372495.0003426,809848.79193104,2344.0,-2.5416886912757865e-08,2366.0,ASK
1336,1712372495.0039642,809860.50462571,2344.0,-6.55220049660813e-10,2366.0,ASK
1337,1712372500.9902325,809866.48315609,2344.0,-3.3444506861168475e-10,2366.0,ASK
1338,1712372520.6308265,809866.48315609,2344.0,-0.0,2366.0,ASK
1339,1712372523.840278,809869.48315609,2344.0,-1.6781266339767412e-10,2366.0,ASK
1340,1712372523.8438509,809874.48315609,2344.0,-2.7968777232945686e-10,2366.0,ASK
1341,1712372526.610259,810196.86658905,2342.0,-1.8033340840102232e-08,2366.0,ASK
1342,1712372550.600654,810196.86658905,2342.0,-0.0,2366.0,ASK
1343,1712372559.8702705,810199.70644554,2345.0,1.5884775166844796e-10,2366.0,BID
1344,1712372580.966996,810199.70644554,2345.0,0.0,2366.0,BID
1345,1712372610.9902284,810199.70644554,2345.0,0.0,2366.0,BID
1346,1712372640.6846883,810199.70644554,2345.0,0.0,2366.0,BID
1347,1712372670.6304493,810199.70644554,2345.0,0.0,2366.0,BID
1348,1712372700.9902434,810199.70644554,2345.0,0.0,2366.0,BID
1349,1712372730.610304,810220.74841554,2342.0,-1.186823297088937e-09,2366.0,ASK
1350,1712372730.960229,810220.74841554,2342.0,-0.0,2366.0,ASK
1351,1712372760.657405,810220.74841554,2342.0,-0.0,2366.0,ASK
1352,1712372783.7879176,810425.1875576,2346.0,1.1530881482426637e-08,2366.0,BID
1353,1712372783.803763,810792.51534341,2346.0,2.071821042045896e-08,2366.0,BID
1354,1712372790.6009252,810792.51534341,2346.0,0.0,2366.0,BID
1355,1712372799.1204698,810834.6087336,2347.0,2.373993403297563e-09,2366.0,BID
1356,1712372799.1253788,810868.22862607,2347.0,1.8961029886856344e-09,2366.0,BID
1357,1712372807.0706165,813007.09327027,2347.0,-1.2062821580663556e-07,2366.0,ASK
1358,1712372820.671906,813350.06010044,2347.0,-1.934272788904741e-08,2366.0,ASK
1359,1712372820.673803,813954.14204792,2347.0,-3.4069162685495874e-08,2366.0,ASK
1360,1712372820.675447,813973.16834631,2347.0,-1.0730498698991183e-09,2366.0,ASK
1361,1712372820.9702756,813973.16834631,2347.0,-0.0,2366.0,ASK
1362,1712372850.990273,813973.16834631,2347.0,-0.0,2366.0,ASK
1363,1712372851.500379,814825.32002931,2347.0,-4.8039635535024144e-08,2366.0,ASK
1364,1712372851.5102694,815720.07929646,2347.0,-5.044161731178453e-08,2366.0,ASK
1365,1712372880.6211798,815720.07929646,2347.0,-0.0,2366.0,ASK
1366,1712372898.9501052,815898.78210859,2347.0,1.0071955893958966e-08,2366.0,BID
1367,1712372910.6797545,815898.78210859,2347.0,0.0,2366.0,BID
1368,1712372940.958871,815898.78210859,2347.0,0.0,2366.0,BID
1369,1712372970.9401357,815898.78210859,2347.0,0.0,2366.0,BID
1370,1712372997.9980726,815971.21600907,2348.0,4.0823857039772245e-09,2366.0,BID
1371,1712372998.0010324,816282.62468474,2348.0,1.7551040565593498e-08,2366.0,BID
1372,1712373000.7076488,816282.62468474,2348.0,0.0,2366.0,BID
1373,1712373015.4758246,816291.14620156,2347.0,4.830192723665618e-10,2366.0,BID
1374,1712373030.649117,816291.14620156,2347.0,0.0,2366.0,BID
1375,1712373041.706818,816295.43436622,2346.0,-2.430628102377556e-10,2366.0,ASK
1376,1712373060.9363215,816295.43436622,2346.0,-0.0,2366.0,ASK
1377,1712373064.356418,816295.43436623,2347.0,5.6748633488486265e-19,2366.0,BID
1378,1712373090.9571888,816295.43436623,2347.0,0.0,2366.0,BID
1379,1712373120.6500769,816295.43436623,2347.0,0.0,2366.0,BID
1380,1712373150.6647198,816295.43436623,2347.0,0.0,2366.0,BID
1381,1712373172.0083818,816380.64953453,2347.0,-4.8301844992770526e-09,2366.0,ASK
1382,1712373172.0102105,816794.44842673,2347.0,-2.345503781541161e-08,2366.0,ASK
1383,1712373180.926411,816794.44842673,2347.0,-0.0,2366.0,ASK
1384,1712373203.225171,816804.44842673,2347.0,-5.66784524763192e-10,2366.0,ASK
1385,1712373210.9438603,816804.44842673,2347.0,-0.0,2366.0,ASK
1386,1712373240.613515,816804.44842673,2347.0,-0.0,2366.0,ASK
1387,1712373247.24499,817046.57168298,2347.0,1.3723153217647888e-08,2366.0,BID
1388,1712373247.2569687,817084.8850078,2349.0,2.171537071341948e-09,2366.0,BID
1389,1712373247.2600057,817127.71156027,2350.0,2.427339489949013e-09,2366.0,BID
1390,1712373247.2630153,817247.39851961,2350.0,6.783662613065984e-09,2366.0,BID
1391,1712373247.2661128,817283.45879501,2349.0,2.043837886736928e-09,2366.0,BID
1392,1712373247.268433,817393.72721255,2347.0,6.249834949379238e-09,2366.0,BID
1393,1712373247.271328,817397.99889255,2349.0,2.421118898066289e-10,2366.0,BID
1394,1712373247.274174,817823.53080745,2350.0,2.4118458332396304e-08,2366.0,BID
1395,1712373247.2759032,818347.13595766,2349.0,2.967709014478881e-08,2366.0,BID
1396,1712373247.277626,819709.44864704,2350.0,7.721367230993697e-08,2366.0,BID
1397,1712373247.279553,819911.30352649,2350.0,1.1440806972966392e-08,2366.0,BID
1398,1712373247.3882556,820644.28714403,2350.0,4.154432186860554e-08,2366.0,BID
1399,1712373247.3934145,821170.33025501,2350.0,2.981526980461676e-08,2366.0,BID
1400,1712373247.8369205,821636.33025501,2350.0,2.6412123719414697e-08,2366.0,BID
1401,1712373247.933458,821950.4163866,2350.0,1.7801892201944634e-08,2366.0,BID
1402,1712373248.013452,822317.4163866,2350.0,2.0800964388466082e-08,2366.0,BID
1403,1712373248.0533462,822770.4163866,2350.0,2.5675304817370943e-08,2366.0,BID
1404,1712373248.2336087,823012.53964285,2346.0,-1.3723153217647888e-08,2366.0,ASK
1405,1712373252.6233263,823295.0169165,2346.0,-1.6010353432546797e-08,2366.0,ASK
1406,1712373254.7258034,823496.87179595,2346.0,-1.1440806972959793e-08,2366.0,ASK
1407,1712373255.5832896,823738.9950522,2346.0,-1.3723153217647888e-08,2366.0,ASK
1408,1712373270.6730878,823738.9950522,2346.0,-0.0,2366.0,ASK
1409,1712373278.6130009,823743.23039049,2351.0,2.3983066326053006e-10,2366.0,BID
1410,1712373278.6159334,823747.50207049,2351.0,2.4188855234055747e-10,2366.0,BID
1411,1712373300.6900854,823747.50207049,2351.0,0.0,2366.0,BID
1412,1712373311.4826798,823802.12308282,2351.0,3.123053096381578e-09,2366.0,BID
1413,1712373329.4173455,823823.10180622,2350.0,1.1994956570351743e-09,2366.0,BID
1414,1712373330.7036874,823823.10180622,2350.0,0.0,2366.0,BID
1415,1712373331.0524638,823827.35712536,2350.0,2.4330293441805153e-10,2366.0,BID
1416,1712373360.9218411,823827.35712536,2350.0,0.0,2366.0,BID
1417,1712373390.9616685,823827.35712536,2350.0,0.0,2366.0,BID
1418,1712373420.647864,823827.35712536,2350.0,0.0,2366.0,BID
1419,1712373429.811288,824657.2046643,2347.0,-4.744749318632757e-08,2366.0,ASK
1420,1712373429.81459,824659.36080821,2347.0,-1.2328002274977299e-10,2366.0,ASK
1421,1712373448.821308,824701.96839236,2347.0,2.436137921463911e-09,2366.0,BID
1422,1712373450.6384892,824701.96839236,2347.0,0.0,2366.0,BID
1423,1712373480.7106934,824701.96839236,2347.0,0.0,2366.0,BID
1424,1712373510.6520452,824701.96839236,2347.0,0.0,2366.0,BID
1425,1712373541.000831,824701.96839236,2347.0,0.0,2366.0,BID
1426,1712373556.376514,824720.87372452,2347.0,1.080807389751278e-09,2366.0,BID
1427,1712373563.640127,824884.41886813,2347.0,9.349785461377268e-09,2366.0,BID
1428,1712373570.9361742,824884.41886813,2347.0,0.0,2366.0,BID
1429,1712373600.6908278,824884.41886813,2347.0,0.0,2366.0,BID
1430,1712373611.7940342,825106.50331181,2346.0,-1.279852236204702e-08,2366.0,ASK
1431,1712373630.610389,825106.50331181,2346.0,-0.0,2366.0,ASK
1432,1712373660.9598255,825106.50331181,2346.0,-0.0,2366.0,ASK
1433,1712373666.769324,825107.06577525,2350.0,3.241327784377758e-11,2366.0,BID
1434,1712373666.774388,825109.23598802,2350.0,1.250636121236794e-10,2366.0,BID
1435,1712373671.9092815,825150.21237099,2350.0,-2.361360386796158e-09,2366.0,ASK
1436,1712373690.9346683,825150.21237099,2350.0,-0.0,2366.0,ASK
1437,1712373700.7633965,825286.4057792,2351.0,7.848418824329269e-09,2366.0,BID
1438,1712373718.629383,825458.76124684,2350.0,9.932330165460534e-09,2366.0,BID
1439,1712373718.8489306,825875.79783492,2350.0,2.403257140957012e-08,2366.0,BID
1440,1712373720.6895278,825875.79783492,2350.0,0.0,2366.0,BID
1441,1712373750.614764,825875.79783492,2350.0,0.0,2366.0,BID
1442,1712373778.1387486,826180.74807609,2351.0,1.757164368450063e-08,2366.0,BID
1443,1712373778.1440482,826204.3532263,2351.0,1.360160552808073e-09,2366.0,BID
1444,1712373780.9296136,826204.3532263,2351.0,0.0,2366.0,BID
1445,1712373788.618761,826230.85004159,2352.0,1.526714237965795e-09,2366.0,BID
1446,1712373788.62867,826730.85004159,2352.0,2.880939126556081e-08,2366.0,BID
1447,1712373788.6320033,826773.3670484,2352.0,2.4497781692561286e-09,2366.0,BID
1448,1712373810.938359,826773.3670484,2352.0,0.0,2366.0,BID
1449,1712373831.098362,826782.12939101,2350.0,-5.04836584151687e-10,2366.0,ASK
1450,1712373840.6435947,826782.12939101,2350.0,-0.0,2366.0,ASK
1451,1712373870.6388502,826782.12939101,2350.0,-0.0,2366.0,ASK
1452,1712373872.3133934,826784.29775836,2352.0,1.2492890499739046e-10,2366.0,BID
1453,1712373875.6080055,826787.29775836,2353.0,1.728428141987704e-10,2366.0,BID
1454,1712373883.4579053,827205.53326433,2353.0,2.4096333949898296e-08,2366.0,BID
1455,1712373883.4614244,827206.80494433,2353.0,7.326691665373556e-11,2366.0,BID
1456,1712373883.538169,827482.22700248,2353.0,1.5868241207684304e-08,2366.0,BID
1457,1712373883.5421946,827626.24181299,2353.0,8.297308378289224e-09,2366.0,BID
1458,1712373883.6380336,827982.22700248,2353.0,2.050982732150584e-08,2366.0,BID
1459,1712373883.642497,828045.45760095,2353.0,3.642984861013681e-09,2366.0,BID
1460,1712373885.1420631,828048.95760095,2354.0,2.0164994989856543e-10,2366.0,BID
1461,1712373885.1441736,828455.90031197,2354.0,2.344570779679154e-08,2366.0,BID
1462,1712373885.1462538,828464.41875495,2353.0,4.907838857524475e-10,2366.0,BID
1463,1712373887.2879624,828557.47604393,2354.0,5.361427903003523e-09,2366.0,BID
1464,1712373887.3006291,828761.91131764,2354.0,1.1778389343173964e-08,2366.0,BID
1465,1712373900.2892156,829644.98533798,2355.0,5.087766627379541e-08,2366.0,BID
1466,1712373900.2913764,830624.94328086,2355.0,5.645956288127188e-08,2366.0,BID
1467,1712373900.3337507,830990.05826842,2355.0,-2.103583398534455e-08,2366.0,ASK
1468,1712373900.3358755,831874.75920157,2355.0,-5.0971399669968953e-08,2366.0,ASK
1469,1712373900.368122,832284.39440157,2355.0,-2.3600833587626467e-08,2366.0,ASK
1470,1712373900.3880692,836193.53854019,2355.0,-2.2522249134256978e-07,2366.0,ASK
1471,1712373900.390144,837254.48031976,2355.0,-6.112538762731427e-08,2366.0,ASK
1472,1712373900.9377854,837254.48031976,2355.0,-0.0,2366.0,ASK
1473,1712373927.7146602,837752.48772676,2355.0,-2.8759284456788094e-08,2366.0,ASK
1474,1712373927.7279365,838191.07444308,2355.0,-2.5327816326269065e-08,2366.0,ASK
1475,1712373928.3179889,838196.16844308,2352.0,-2.941719198647882e-10,2366.0,ASK
1476,1712373930.961171,838196.16844308,2352.0,-0.0,2366.0,ASK
1477,1712373955.9480555,838410.18019825,2352.0,-1.2357319847868522e-08,2366.0,ASK
1478,1712373955.9526813,838415.68378834,2352.0,-3.1778452075812224e-10,2366.0,ASK
1479,1712373958.9780214,838428.42805342,2354.0,7.358706053109683e-10,2366.0,BID
1480,1712373960.6777313,838428.42805342,2354.0,0.0,2366.0,BID
1481,1712373990.6191714,838428.42805342,2354.0,0.0,2366.0,BID
1482,1712373997.9878385,838449.68655682,2352.0,-1.227455190395629e-09,2366.0,ASK
1483,1712373997.9925983,838470.00165713,2352.0,-1.1729835750833611e-09,2366.0,ASK
1484,1712374005.75762,838535.13118519,2352.0,3.760545874820589e-09,2366.0,BID
1485,1712374017.927637,838545.13118519,2351.0,-5.773949216016172e-10,2366.0,ASK
1486,1712374018.0676413,838869.5340058,2352.0,1.873085411734404e-08,2366.0,BID
1487,1712374020.937587,838869.5340058,2352.0,0.0,2366.0,BID
1488,1712374048.1076488,839294.70407383,2352.0,2.454763333139668e-08,2366.0,BID
1489,1712374048.1123064,839719.6934491,2353.0,2.4537200848132572e-08,2366.0,BID
1490,1712374048.117433,841842.83569964,2355.0,1.2258181230427645e-07,2366.0,BID
1491,1712374048.1194923,842278.6481663,2354.0,2.5162083216232507e-08,2366.0,BID
1492,1712374048.121566,842296.15494403,2355.0,1.010771907158038e-09,2366.0,BID
1493,1712374048.1237106,842300.27525717,2354.0,2.378905378721628e-10,2366.0,BID
1494,1712374048.1258032,842714.66013093,2355.0,2.3924938992696767e-08,2366.0,BID
1495,1712374048.2075412,842949.71385609,2355.0,-1.3571069772480502e-08,2366.0,ASK
1496,1712374048.2274177,844449.71385609,2355.0,-8.660405039259676e-08,2366.0,ASK
1497,1712374050.9679022,844449.71385609,2355.0,-0.0,2366.0,ASK
1498,1712374055.4176133,844484.14064269,2355.0,-1.986159447311785e-09,2366.0,ASK
1499,1712374072.1275597,849492.5447422,2355.0,-2.8894619860304614e-07,2366.0,ASK
1500,1712374072.5326192,850780.65122566,2355.0,-7.431378626738538e-08,2366.0,ASK
1501,1712374073.2249875,850875.35429857,2356.0,5.463635195897669e-09,2366.0,BID
