,time,acc_trade_volume,trade_price,dev,high,ask_bid
0,1712365207.1765127,543.71808351,4820000.0,0.0,4842000.0,ASK
1,1712365215.038772,543.73057098,4820000.0,-1.3660054652288256e-13,4842000.0,ASK
2,1712365215.0400932,543.7684548,4819000.0,-4.1441144734417254e-13,4842000.0,ASK
3,1712365223.0185442,543.7900813,4819000.0,-2.3657247780225844e-13,4842000.0,ASK
4,1712365226.0785527,543.79122214,4821000.0,1.2479659009241443e-14,4842000.0,BID
5,1712365227.1285615,543.99864798,4821000.0,2.2690331273654198e-12,4842000.0,BID
6,1712365230.0686464,543.99864798,4821000.0,0.0,4842000.0,BID
7,1712365232.7688365,544.01936983,4821000.0,2.266495477254423e-13,4842000.0,BID
8,1712365239.6185522,544.02974112,4821000.0,1.1343814320877037e-13,4842000.0,BID
9,1712365240.8596714,544.03181537,4821000.0,2.2687541139522032e-14,4842000.0,BID
10,1712365241.198522,544.16151393,4821000.0,1.4186049973660177e-12,4842000.0,BID
11,1712365244.8786042,544.18224614,4821000.0,2.2676286238228562e-13,4842000.0,BID
12,1712365248.3717933,545.55631656,4819000.0,-1.5029181237984788e-11,4842000.0,ASK
13,1712365248.3728187,545.55839124,4820000.0,-2.2692244354029123e-14,4842000.0,ASK
14,1712365252.3889654,545.57792249,4821000.0,2.1362711239674042e-13,4842000.0,BID
15,1712365253.8088093,545.58629518,4820000.0,-9.15780396897472e-14,4842000.0,ASK
16,1712365253.8103936,545.60705068,4820000.0,-2.270176016058465e-13,4842000.0,ASK
17,1712365255.3985772,545.79377267,4820000.0,2.042310632686274e-12,4842000.0,BID
18,1712365257.5885427,545.80414611,4820000.0,1.134616592813058e-13,4842000.0,BID
19,1712365259.4185896,545.80622079,4820000.0,2.2692244354029123e-14,4842000.0,BID
20,1712365260.040652,545.80622079,4820000.0,0.0,4842000.0,BID
21,1712365260.4192894,545.82696337,4820000.0,2.2685467125286522e-13,4842000.0,BID
22,1712365266.3204007,546.02686741,4819000.0,-2.1862837350133456e-12,4842000.0,ASK
23,1712365266.329777,546.07234651,4819000.0,-4.973897306576776e-13,4842000.0,ASK
24,1712365266.3310304,546.07442076,4819000.0,-2.2685379631515398e-14,4842000.0,ASK
25,1712365266.378471,546.07649544,4820000.0,2.269008239917692e-14,4842000.0,BID
26,1712365267.68892,546.17107465,4819000.0,-1.0343812385855106e-12,4842000.0,ASK
27,1712365267.6906066,546.23096605,4819000.0,-6.550122433099686e-13,4842000.0,ASK
28,1712365267.6937602,546.56856837,4819000.0,-3.692243844190404e-12,4842000.0,ASK
29,1712365268.1886823,546.60169544,4819000.0,3.6229970304555937e-13,4842000.0,BID
30,1712365275.9786215,546.60377055,4819000.0,2.2694785165595087e-14,4842000.0,BID
31,1712365290.0486162,546.60377055,4819000.0,0.0,4842000.0,BID
32,1712365296.2687373,546.62239603,4819000.0,2.0369209345471905e-13,4842000.0,BID
33,1712365296.270393,546.68673384,4819000.0,7.036115690554337e-13,4842000.0,BID
34,1712365301.6889253,546.68880939,4818000.0,-2.2698643179397523e-14,4842000.0,ASK
35,1712365301.6924975,546.91101039,4818000.0,-2.4300359968073976e-12,4842000.0,ASK
36,1712365301.6962528,546.92138814,4818000.0,-1.1349321589823089e-13,4842000.0,ASK
37,1712365301.7289872,546.92465336,4818000.0,3.570911983969996e-14,4842000.0,BID
38,1712365304.2588098,546.94424967,4818000.0,2.1430929070787772e-13,4842000.0,BID
39,1712365304.8785892,546.96384286,4818000.0,2.1427516974421562e-13,4842000.0,BID
40,1712365306.3292737,547.10962485,4817000.0,-1.5943019310725977e-12,4842000.0,ASK
41,1712365306.332647,547.63246063,4817000.0,-5.717839999903025e-12,4842000.0,ASK
42,1712365306.3359976,547.63453704,4816000.0,-2.2708048318140213e-14,4842000.0,ASK
43,1712365306.337704,547.68453704,4817000.0,-5.468103196665945e-13,4842000.0,ASK
44,1712365306.3390818,547.6969955,4816000.0,-1.3624828990262477e-13,4842000.0,ASK
45,1712365306.3404489,547.7073754,4817000.0,-1.1351672874322266e-13,4842000.0,ASK
46,1712365306.3418343,547.93810114,4816000.0,-2.5232643128955603e-12,4842000.0,ASK
47,1712365307.6487772,547.94227299,4818000.0,4.5624212642438077e-14,4842000.0,BID
48,1712365308.4022822,547.9435124,4816000.0,-1.3554443566400972e-14,4842000.0,ASK
49,1712365310.2939472,547.94455081,4816000.0,-1.1356266080672616e-14,4842000.0,ASK
50,1712365310.2955463,548.567192,4816000.0,-6.809332562835615e-12,4842000.0,ASK
51,1712365310.2970457,549.06812729,4816000.0,-5.478331721148869e-12,4842000.0,ASK
52,1712365312.0886369,549.12631343,4816000.0,-6.36335636271613e-13,4842000.0,ASK
53,1712365313.118822,549.2697943,4818000.0,1.5691364078158348e-12,4842000.0,BID
54,1712365313.1204069,549.34641343,4818000.0,8.379226193587275e-13,4842000.0,BID
55,1712365313.841751,549.52045657,4819000.0,1.9033717003850768e-12,4842000.0,BID
56,1712365313.843282,549.5373279,4818000.0,1.845083470109651e-13,4842000.0,BID
57,1712365314.4587057,549.54787608,4818000.0,-1.15357073554128e-13,4842000.0,ASK
58,1712365315.248867,549.54927471,4818000.0,-1.5295706347110582e-14,4842000.0,ASK
59,1712365317.1085513,549.5580834,4818000.0,-9.633365189522321e-14,4842000.0,ASK
60,1712365320.0708847,549.5580834,4818000.0,-0.0,4842000.0,ASK
61,1712365322.4092572,549.56761366,4818000.0,1.0420867253243097e-13,4842000.0,BID
62,1712365324.8988712,549.57834905,4818000.0,1.1738617215263926e-13,4842000.0,BID
63,1712365326.4686143,549.68080806,4818000.0,1.1203385239291624e-12,4842000.0,BID
64,1712365326.6699624,549.70155318,4818000.0,2.268376116415625e-13,4842000.0,BID
65,1712365330.3386796,549.72229851,4818000.0,2.2683990788687978e-13,4842000.0,BID
66,1712365331.809271,549.72644961,4818000.0,4.5390222360623624e-14,4842000.0,BID
67,1712365334.7987678,549.75124786,4818000.0,2.711565805783279e-13,4842000.0,BID
68,1712365334.8004327,549.77582144,4818000.0,2.686999254119303e-13,4842000.0,BID
69,1712365340.548608,550.38519618,4818000.0,6.6632109438847595e-12,4842000.0,BID
70,1712365343.782395,550.48897368,4818000.0,1.13475555899943e-12,4842000.0,BID
71,1712365350.06864,550.48897368,4818000.0,0.0,4842000.0,BID
72,1712365352.908883,550.49037231,4818000.0,1.5292576303218654e-14,4842000.0,BID
73,1712365352.918498,550.74108316,4818000.0,2.741264525686748e-12,4842000.0,BID
74,1712365353.0930192,550.87528823,4818000.0,1.467394002127548e-12,4842000.0,BID
75,1712365353.0985725,550.99008316,4818000.0,1.255164143624877e-12,4842000.0,BID
76,1712365357.3086996,551.07237328,4818000.0,8.997575763884309e-13,4842000.0,BID
77,1712365361.168717,551.07361861,4818000.0,1.3616398939164184e-14,4842000.0,BID
78,1712365362.4888222,551.44596577,4818000.0,4.071232102432514e-12,4842000.0,BID
79,1712365362.490606,553.24759925,4818000.0,1.96990036410993e-11,4842000.0,BID
80,1712365362.4923325,553.33581861,4818000.0,9.645876995226886e-13,4842000.0,BID
81,1712365362.748656,553.33585475,4818000.0,3.9515361900752553e-16,4842000.0,BID
82,1712365362.8287718,553.33785279,4819000.0,2.1846506336624724e-14,4842000.0,BID
83,1712365362.8301206,554.10146988,4819000.0,8.349365175159938e-12,4842000.0,BID
84,1712365373.9388795,555.15614843,4818000.0,-1.1531821997802224e-11,4842000.0,ASK
85,1712365373.940668,556.11927759,4818000.0,-1.0530823855298898e-11,4842000.0,ASK
86,1712365374.0665848,556.72714926,4818000.0,6.646449665584324e-12,4842000.0,BID
87,1712365374.0786593,556.91402266,4818000.0,2.0432678610213448e-12,4842000.0,BID
88,1712365374.0800734,557.85018617,4818000.0,1.0235982288781196e-11,4842000.0,BID
89,1712365375.2008717,557.87885876,4820000.0,3.135051946350074e-13,4842000.0,BID
90,1712365378.7527466,557.88089195,4820000.0,2.2230835326974324e-14,4842000.0,BID
91,1712365380.048622,557.88089195,4820000.0,0.0,4842000.0,BID
92,1712365382.7888632,557.88656436,4816000.0,-6.19978091829759e-14,4842000.0,ASK
93,1712365382.7905574,557.88864077,4816000.0,-2.2694563857553428e-14,4842000.0,ASK
94,1712365382.7924542,557.9395655,4816000.0,-5.565926463769815e-13,4842000.0,ASK
95,1712365398.670403,558.06767599,4820000.0,1.4002107945963714e-12,4842000.0,BID
96,1712365410.0515423,558.06767599,4820000.0,0.0,4842000.0,BID
97,1712365412.7690198,558.11691143,4820000.0,5.381238989712303e-13,4842000.0,BID
98,1712365412.7705803,558.71669488,4820000.0,6.55539604505778e-12,4842000.0,BID
99,1712365412.799781,558.75306952,4820000.0,3.975604381829712e-13,4842000.0,BID
100,1712365413.2293072,558.83452976,4820000.0,8.903282261708813e-13,4842000.0,BID
101,1712365416.1394186,559.03815931,4817000.0,-2.225590497247949e-12,4842000.0,ASK
102,1712365416.1413126,559.05890619,4817000.0,-2.2675519822961482e-13,4842000.0,ASK
103,1712365416.143259,559.16290619,4816000.0,-1.136678894166749e-12,4842000.0,ASK
104,1712365416.1450806,561.64898723,4816000.0,-2.7171883147674267e-11,4842000.0,ASK
105,1712365416.1467514,561.68898723,4815000.0,-4.371841900640386e-13,4842000.0,ASK
106,1712365416.1482642,561.70974273,4816000.0,-2.268494114227583e-13,4842000.0,ASK
107,1712365416.14984,561.81558488,4815000.0,-1.1568128655601022e-12,4842000.0,ASK
108,1712365416.1517055,561.98592018,4816000.0,-1.8616975042474337e-12,4842000.0,ASK
109,1712365416.153185,562.00793471,4815000.0,-2.406101116922464e-13,4842000.0,ASK
110,1712365416.154416,564.15690169,4816000.0,-2.3487359715663685e-11,4842000.0,ASK
111,1712365416.1552618,564.57580006,4815000.0,-4.578393615193684e-12,4842000.0,ASK
112,1712365416.1561036,564.60100886,4816000.0,-2.755222202621145e-13,4842000.0,ASK
113,1712365416.156943,568.81279536,4815000.0,-4.6033161743170835e-11,4842000.0,ASK
114,1712365417.3288305,568.95698674,4820000.0,1.5759547919899025e-12,4842000.0,BID
115,1712365421.958841,568.95948429,4820000.0,2.7297234346620923e-14,4842000.0,BID
116,1712365421.9608884,569.06102036,4820000.0,1.1097491131326145e-12,4842000.0,BID
117,1712365421.9709525,569.0630184,4820000.0,2.183778747779375e-14,4842000.0,BID
118,1712365436.7839613,569.09966035,4821000.0,4.004820308281721e-13,4842000.0,BID
119,1712365436.798401,569.1364545,4821000.0,4.021455166713921e-13,4842000.0,BID
120,1712365440.0728705,569.1364545,4821000.0,0.0,4842000.0,BID
121,1712365446.0902803,569.1817765,4821000.0,4.950631101506595e-13,4842000.0,BID
122,1712365446.1491237,569.2637344,4821000.0,8.952458601888447e-13,4842000.0,BID
123,1712365446.2886095,569.39063159,4821000.0,1.3861285369328536e-12,4842000.0,BID
124,1712365449.159979,569.39312914,4821000.0,2.7281339543268172e-14,4842000.0,BID
125,1712365449.161591,569.64344857,4821000.0,2.734299358966825e-12,4842000.0,BID
126,1712365449.4183445,570.28296845,4821000.0,-6.985629513180478e-12,4842000.0,ASK
127,1712365451.4488676,570.30563159,4821000.0,2.475549308101147e-13,4842000.0,BID
128,1712365451.4953203,570.43296362,4820000.0,-1.3908783988725465e-12,4842000.0,ASK
129,1712365451.497359,570.44171028,4820000.0,-9.554187156473628e-14,4842000.0,ASK
130,1712365458.241292,571.06367683,4820000.0,6.793890266383353e-12,4842000.0,BID
131,1712365469.0586138,571.13367683,4820000.0,7.646268415033615e-13,4842000.0,BID
132,1712365469.9590552,571.3411457,4820000.0,2.266232382546075e-12,4842000.0,BID
133,1712365470.0626624,571.3411457,4820000.0,0.0,4842000.0,BID
134,1712365472.7888703,571.35151395,4820000.0,-1.1324174306591017e-13,4842000.0,ASK
135,1712365477.3488233,571.55151395,4820000.0,-2.1843945326407198e-12,4842000.0,ASK
136,1712365482.288873,571.57191386,4820000.0,-2.2280725935229802e-13,4842000.0,ASK
137,1712365484.1788049,571.58228515,4821000.0,1.1327494586182845e-13,4842000.0,BID
138,1712365492.509595,571.59424382,4821000.0,1.3061226682845644e-13,4842000.0,BID
139,1712365492.512188,571.68670296,4821000.0,1.0098361995444629e-12,4842000.0,BID
140,1712365498.4200675,571.68861428,4821000.0,2.0875384790384902e-14,4842000.0,BID
141,1712365500.053172,571.68861428,4821000.0,0.0,4842000.0,BID
142,1712365504.244291,571.69549551,4821000.0,7.54039968611657e-14,4842000.0,BID
143,1712365509.558932,571.70832048,4821000.0,1.4053504934839296e-13,4842000.0,BID
144,1712365510.2790945,571.77528687,4820000.0,-7.338126267218273e-13,4842000.0,ASK
145,1712365515.8302152,571.80832048,4820000.0,-3.61979795002812e-13,4842000.0,ASK
146,1712365515.831239,572.01337554,4819000.0,-2.2469778078418496e-12,4842000.0,ASK
147,1712365515.832339,572.18066841,4820000.0,-1.833182591545049e-12,4842000.0,ASK
148,1712365516.398846,572.82471612,4820000.0,-7.057425998469426e-12,4842000.0,ASK
149,1712365519.6188843,574.78648451,4819000.0,-2.149690934940555e-11,4842000.0,ASK
150,1712365521.8290136,575.10274456,4819000.0,3.4655536608415764e-12,4842000.0,BID
151,1712365525.218964,575.12277671,4821000.0,2.195107816086817e-13,4842000.0,BID
152,1712365526.1899438,575.13670194,4818000.0,-1.5259161504689214e-13,4842000.0,ASK
153,1712365526.1922605,575.40017291,4819000.0,-2.8870949227045225e-12,4842000.0,ASK
154,1712365526.1944768,575.46244802,4816000.0,-6.824059360002343e-13,4842000.0,ASK
155,1712365526.1966932,575.46452313,4819000.0,-2.2738898122053767e-14,4842000.0,ASK
156,1712365526.1989267,575.46659954,4816000.0,-2.27531434236248e-14,4842000.0,ASK
157,1712365526.201121,575.46867638,4815000.0,-2.2757855332284543e-14,4842000.0,ASK
158,1712365526.202597,575.47490353,4816000.0,-6.82366377891082e-14,4842000.0,ASK
159,1712365526.2036183,576.38858774,4815000.0,-1.0012082331672824e-11,4842000.0,ASK
160,1712365526.2046385,576.45730172,4814000.0,-7.529625855050386e-13,4842000.0,ASK
161,1712365526.2057085,576.46145712,4813000.0,-4.5534558291733456e-14,4842000.0,ASK
162,1712365526.2069612,576.47596889,4816000.0,-1.5901887591821384e-13,4842000.0,ASK
163,1712365526.2080123,576.89594547,4813000.0,-4.602071536657545e-12,4842000.0,ASK
164,1712365526.209119,576.89802231,4815000.0,-2.275785533103877e-14,4842000.0,ASK
165,1712365526.2101822,576.90162231,4813000.0,-3.944852718214184e-14,4842000.0,ASK
166,1712365526.2112515,576.90577771,4813000.0,-4.5534558292979226e-14,4842000.0,ASK
167,1712365526.2123144,577.1845013,4814000.0,-3.0542319767772088e-12,4842000.0,ASK
168,1712365526.213395,577.24683248,4813000.0,-6.830203468114001e-13,4842000.0,ASK
169,1712365526.2144578,577.28837797,4814000.0,-4.552523309892457e-13,4842000.0,ASK
170,1712365526.215536,577.94925039,4813000.0,-7.241789895625693e-12,4842000.0,ASK
171,1712365526.2167554,577.95314722,4812000.0,-4.270116782781791e-14,4842000.0,ASK
172,1712365526.217841,578.42275535,4812000.0,-5.145930300341439e-12,4842000.0,ASK
173,1712365526.2189405,579.09512748,4813000.0,-7.367802846326704e-12,4842000.0,ASK
174,1712365526.968963,579.36067356,4819000.0,2.909833820826577e-12,4842000.0,BID
175,1712365527.1088135,580.39944984,4819000.0,-1.1382831754910304e-11,4842000.0,ASK
176,1712365530.064423,580.39944984,4819000.0,-0.0,4842000.0,ASK
177,1712365532.8327088,580.41686719,4819000.0,1.9077028871823226e-13,4842000.0,BID
178,1712365532.9689214,581.89944984,4819000.0,-1.6238562134297355e-11,4842000.0,ASK
179,1712365537.7542312,581.92020103,4819000.0,2.272854657893784e-13,4842000.0,BID
180,1712365538.3689055,582.17663223,4819000.0,2.808662285621335e-12,4842000.0,BID
181,1712365541.1992357,582.18068673,4819000.0,4.440848553998103e-14,4842000.0,BID
182,1712365548.149041,582.18178673,4818000.0,1.2048177109677491e-14,4842000.0,BID
183,1712365560.0546117,582.18178673,4818000.0,0.0,4842000.0,BID
184,1712365560.759052,582.18386228,4818000.0,2.273112883707295e-14,4842000.0,BID
185,1712365563.2689648,582.18801338,4818000.0,4.546225767539098e-14,4842000.0,BID
186,1712365567.9692202,582.21198589,4818000.0,2.6254352502507005e-13,4842000.0,BID
187,1712365567.9718568,582.21971442,4818000.0,8.464176297903625e-14,4842000.0,BID
188,1712365578.4892793,584.11275398,4814000.0,-2.073230041801514e-11,4842000.0,ASK
189,1712365578.4938765,584.13670399,4814000.0,-2.62297108220444e-13,4842000.0,ASK
190,1712365578.5012674,584.21361902,4814000.0,-8.423624853464814e-13,4842000.0,ASK
191,1712365579.219002,584.21971442,4814000.0,6.675595515110719e-14,4842000.0,BID
192,1712365579.2215312,584.27590224,4817000.0,6.153610250361114e-13,4842000.0,BID
193,1712365586.589072,584.38498918,4813000.0,-1.1947046747200034e-12,4842000.0,ASK
194,1712365586.591767,584.58399156,4813000.0,-2.179445804110974e-12,4842000.0,ASK
195,1712365590.0488255,584.58399156,4813000.0,-0.0,4842000.0,ASK
196,1712365594.699134,584.58814352,4813000.0,-4.546591802549574e-14,4842000.0,ASK
197,1712365594.701697,584.625956,4813000.0,-4.14064469791273e-13,4842000.0,ASK
198,1712365595.4990413,586.625956,4813000.0,-2.1900942217582423e-11,4842000.0,ASK
199,1712365596.3191702,586.6280337,4813000.0,-2.2751793822434772e-14,4842000.0,ASK
200,1712365596.3218167,588.54326806,4813000.0,-2.0972718525744208e-11,4842000.0,ASK
201,1712365597.088988,588.57336806,4813000.0,3.296091803752867e-13,4842000.0,BID
202,1712365598.969097,588.67725337,4813000.0,1.1375930857829249e-12,4842000.0,BID
203,1712365599.248915,588.67933107,4813000.0,2.2751793822434772e-14,4842000.0,BID
204,1712365599.701904,588.68057769,4813000.0,1.3651076293211881e-14,4842000.0,BID
205,1712365599.823484,588.70391909,4813000.0,2.5559932633927973e-13,4842000.0,BID
206,1712365599.8260124,588.76482165,4813000.0,6.669117237319162e-13,4842000.0,BID
207,1712365599.8285248,589.40742612,4816000.0,7.036821683114255e-12,4842000.0,BID
208,1712365613.4703946,589.48768824,4812000.0,-8.78908026190805e-13,4842000.0,ASK
209,1712365613.4794133,589.63849311,4812000.0,-1.6513843720000337e-12,4842000.0,ASK
210,1712365615.419353,589.64057124,4812000.0,-2.2756502525012123e-14,4842000.0,ASK
211,1712365615.4220357,589.8615979,4812000.0,-2.420346054602693e-12,4842000.0,ASK
212,1712365615.424708,590.26045966,4812000.0,-4.3677241792821095e-12,4842000.0,ASK
213,1712365620.0693722,590.26045966,4812000.0,-0.0,4842000.0,ASK
214,1712365622.1594603,590.35414648,4813000.0,-1.025607966243359e-12,4842000.0,ASK
215,1712365624.389066,590.56178767,4816000.0,2.2730887715486693e-12,4842000.0,BID
216,1712365633.2691216,590.79038284,4816000.0,2.5024760942550738e-12,4842000.0,BID
217,1712365633.2716484,590.85551613,4813000.0,-7.130268813860351e-13,4842000.0,ASK
218,1712365635.236851,590.86589299,4816000.0,1.1359751863342949e-13,4842000.0,BID
219,1712365637.6843412,590.87004581,4816000.0,4.546173383104858e-14,4842000.0,BID
220,1712365647.0791252,590.88140831,4814000.0,-1.2438751274146125e-13,4842000.0,ASK
221,1712365647.2789974,593.011461,4813000.0,-2.331810394868551e-11,4842000.0,ASK
222,1712365647.289683,593.02329964,4813000.0,-1.2959991056836744e-13,4842000.0,ASK
223,1712365647.2918005,593.04805823,4813000.0,-2.710371334728056e-13,4842000.0,ASK
224,1712365647.2939415,593.71014756,4812000.0,-7.24802155962351e-12,4842000.0,ASK
225,1712365647.2960734,593.71124756,4813000.0,-1.2041915424362804e-14,4842000.0,ASK
226,1712365650.0699012,593.71124756,4813000.0,-0.0,4842000.0,ASK
227,1712365656.0435436,593.71334365,4816000.0,2.2942136259202072e-14,4842000.0,BID
228,1712365659.0892322,593.71541927,4813000.0,-2.2718087898304148e-14,4842000.0,ASK
229,1712365659.0991004,593.71698445,4813000.0,-1.71312170905483e-14,4842000.0,ASK
230,1712365659.10131,593.91698445,4813000.0,-2.1890411441392933e-12,4842000.0,ASK
231,1712365659.629269,593.97910334,4813000.0,6.7990403019241e-13,4842000.0,BID
232,1712365661.999441,593.99187393,4813000.0,1.397767347241204e-13,4842000.0,BID
233,1712365673.0492623,593.99395163,4813000.0,2.2740853925598224e-14,4842000.0,BID
234,1712365673.9293473,594.00434231,4812000.0,-1.1372813017796985e-13,4842000.0,ASK
235,1712365673.93271,596.69095078,4812000.0,-2.9405482395125723e-11,4842000.0,ASK
236,1712365673.9395206,597.01267147,4812000.0,-3.5212991366556863e-12,4842000.0,ASK
237,1712365673.9425042,597.8736112,4811000.0,-9.423162457974531e-12,4842000.0,ASK
238,1712365673.944035,604.9337481,4812000.0,-7.727465078680628e-11,4842000.0,ASK
239,1712365673.9455495,605.07548096,4811000.0,-1.551295310083719e-12,4842000.0,ASK
240,1712365673.9470792,605.17548096,4812000.0,-1.0945205720690244e-12,4842000.0,ASK
241,1712365673.948606,605.24705235,4811000.0,-7.833635872668042e-13,4842000.0,ASK
242,1712365680.0490243,605.24705235,4811000.0,-0.0,4842000.0,ASK
243,1712365687.289058,605.29365316,4811000.0,5.097457495553794e-13,4842000.0,BID
244,1712365691.229705,605.79365316,4811000.0,5.469279928349731e-12,4842000.0,BID
245,1712365693.5134902,605.79573172,4811000.0,2.273645297668553e-14,4842000.0,BID
246,1712365698.6489418,605.80670482,4811000.0,1.2002991116356054e-13,4842000.0,BID
247,1712365699.8616326,606.06221363,4811000.0,2.794898412098217e-12,4842000.0,BID
248,1712365699.8645327,609.9638447,4811000.0,4.267822499795345e-11,4842000.0,BID
249,1712365700.0290585,609.9650136,4810000.0,-1.2786082616920143e-14,4842000.0,ASK
250,1712365702.9915235,609.9890675,4810000.0,-2.631150249372012e-13,4842000.0,ASK
251,1712365707.0581305,610.13312845,4811000.0,1.5758193245871733e-12,4842000.0,BID
252,1712365708.3094337,610.13520745,4810000.0,-2.2741265943109808e-14,4842000.0,ASK
253,1712365708.312935,610.36285603,4810000.0,-2.49014761862194e-12,4842000.0,ASK
254,1712365709.804954,610.67442566,4811000.0,3.4081230472847933e-12,4842000.0,BID
255,1712365709.9990838,610.69521135,4811000.0,2.2736551422807482e-13,4842000.0,BID
256,1712365710.0540087,610.69521135,4811000.0,0.0,4842000.0,BID
257,1712365713.109275,610.71648051,4810000.0,-2.325872949324809e-13,4842000.0,ASK
258,1712365716.1790462,610.81051092,4811000.0,1.0282624562187227e-12,4842000.0,BID
259,1712365721.358989,610.88620692,4811000.0,8.277678985549401e-13,4842000.0,BID
260,1712365721.7681446,610.92797528,4811000.0,4.567547503616641e-13,4842000.0,BID
261,1712365725.119093,610.93835773,4811000.0,1.1353649886800653e-13,4842000.0,BID
262,1712365727.1491363,610.94043422,4811000.0,2.270729977409859e-14,4842000.0,BID
263,1712365731.803538,610.96074494,4811000.0,2.2210634660401213e-13,4842000.0,BID
264,1712365731.8109772,611.24043422,4811000.0,3.058521025601462e-12,4842000.0,BID
265,1712365735.2038305,611.28341106,4811000.0,4.699699922502815e-13,4842000.0,BID
266,1712365736.0004177,611.35452605,4811000.0,7.776726092266929e-13,4842000.0,BID
267,1712365736.0067022,611.38733955,4811000.0,3.58829554259326e-13,4842000.0,BID
268,1712365738.0091195,611.40812524,4811000.0,2.2730034521423522e-13,4842000.0,BID
269,1712365740.06406,611.40812524,4811000.0,0.0,4842000.0,BID
270,1712365740.7593396,611.4826679,4811000.0,8.151250635697472e-13,4842000.0,BID
271,1712365740.7811182,611.53933518,4811000.0,6.19657525130781e-13,4842000.0,BID
272,1712365745.97925,611.91064858,4811000.0,4.060317391132537e-12,4842000.0,BID
273,1712365748.449259,611.91544139,4810000.0,-5.2409446561947634e-14,4842000.0,ASK
274,1712365750.3229415,612.44004027,4811000.0,5.736496328526289e-12,4842000.0,BID
275,1712365750.325362,612.64789726,4811000.0,2.272919187309737e-12,4842000.0,BID
276,1712365750.327797,612.64897876,4813000.0,1.1826218117282722e-14,4842000.0,BID
277,1712365750.3314393,612.67763996,4816000.0,3.134106358958608e-13,4842000.0,BID
278,1712365750.3328292,612.69842566,4811000.0,2.2729192966636977e-13,4842000.0,BID
279,1712365750.3342395,614.59942566,4815000.0,2.0787462452314345e-11,4842000.0,BID
280,1712365750.335673,615.56752775,4816000.0,1.0586210334498988e-11,4842000.0,BID
281,1712365750.337082,615.61105559,4815000.0,4.759775589852044e-13,4842000.0,BID
282,1712365750.338514,616.69145559,4814000.0,1.1814189602042132e-11,4842000.0,BID
283,1712365750.339944,617.11599766,4813000.0,4.642373666255273e-12,4842000.0,BID
284,1712365750.3413715,617.21599766,4815000.0,1.093501444098873e-12,4842000.0,BID
285,1712365750.342837,617.63970156,4816000.0,4.633208265203042e-12,4842000.0,BID
286,1712365750.3442926,617.64090323,4815000.0,1.3140278803304062e-14,4842000.0,BID
287,1712365750.3457637,618.296732,4816000.0,7.171497070763929e-12,4842000.0,BID
288,1712365754.536774,619.296732,4810000.0,-1.0935014440986244e-11,4842000.0,ASK
289,1712365754.5398731,619.76205613,4810000.0,-5.08832608128935e-12,4842000.0,ASK
290,1712365754.5413182,620.5072887,4810000.0,-8.149128914843125e-12,4842000.0,ASK
291,1712365754.5427735,620.52808304,4809000.0,-2.273864081902549e-13,4842000.0,ASK
292,1712365754.5443845,620.53575351,4810000.0,-8.387670021908239e-14,4842000.0,ASK
293,1712365754.5458586,620.57674786,4808000.0,-4.4827380924890347e-13,4842000.0,ASK
294,1712365754.5474548,620.62041597,4809000.0,-4.775114134605617e-13,4842000.0,ASK
295,1712365754.5489123,621.09929098,4810000.0,-5.2365051497776975e-12,4842000.0,ASK
296,1712365754.5503893,621.10053864,4809000.0,-1.3643180117331458e-14,4842000.0,ASK
297,1712365754.5518858,621.13053864,4808000.0,-3.280504332305322e-13,4842000.0,ASK
298,1712365763.2491891,621.45236275,4810000.0,-3.519151290307173e-12,4842000.0,ASK
299,1712365767.6991754,621.45436275,4810000.0,-2.187002888145533e-14,4842000.0,ASK
300,1712365767.7090676,621.54825262,4810000.0,-1.026687084312301e-12,4842000.0,ASK
301,1712365768.4495685,621.55252365,4810000.0,4.6703774728331735e-14,4842000.0,BID
302,1712365770.0629735,621.55252365,4810000.0,0.0,4842000.0,BID
303,1712365770.0970588,621.55668338,4809000.0,-4.546243568345088e-14,4842000.0,ASK
304,1712365772.3261125,621.60884671,4809000.0,5.701023949093782e-13,4842000.0,BID
305,1712365772.3431213,621.66098265,4809000.0,5.698030446850031e-13,4842000.0,BID
306,1712365785.699229,621.84373104,4809000.0,1.9972899507147057e-12,4842000.0,BID
307,1712365790.8992014,621.85412821,4809000.0,1.1363253682808277e-13,4842000.0,BID
308,1712365791.859187,621.91549424,4809000.0,6.70680354745688e-13,4842000.0,BID
309,1712365792.399019,622.20781728,4809000.0,3.1948509650591227e-12,4842000.0,BID
310,1712365792.589327,622.22781728,4809000.0,2.1858358924134082e-13,4842000.0,BID
311,1712365794.4091554,622.41867312,4809000.0,2.0858977267458884e-12,4842000.0,BID
312,1712365797.8292644,622.42256405,4808000.0,-4.252467224450369e-14,4842000.0,ASK
313,1712365797.8335426,622.4439657,4808000.0,-2.3390247363488573e-13,4842000.0,ASK
314,1712365800.0842266,622.4439657,4808000.0,-0.0,4842000.0,ASK
315,1712365806.679588,622.45255397,4808000.0,-9.420970520938925e-14,4842000.0,ASK
316,1712365806.7684531,622.46003837,4808000.0,-8.210071617021987e-14,4842000.0,ASK
317,1712365806.856937,622.63982511,4808000.0,-1.9721848260377515e-12,4842000.0,ASK
318,1712365806.94472,622.64194657,4808000.0,2.3271522811255933e-14,4842000.0,BID
319,1712365806.9958582,622.64402643,4808000.0,2.2815188330743622e-14,4842000.0,BID
320,1712365807.059298,622.65402643,4808000.0,1.0969578880158857e-13,4842000.0,BID
321,1712365808.5291858,622.66334152,4808000.0,1.0218261453057321e-13,4842000.0,BID
322,1712365810.7520363,622.6776471,4807000.0,-1.569261882357696e-13,4842000.0,ASK
323,1712365817.5192225,622.68180683,4808000.0,4.5630486356115975e-14,4842000.0,BID
324,1712365821.8592558,622.78369098,4808000.0,1.1176262200632136e-12,4842000.0,BID
325,1712365823.9691691,623.31065066,4808000.0,5.780525776428576e-12,4842000.0,BID
326,1712365827.599146,623.3117122,4807000.0,-1.1644646764710476e-14,4842000.0,ASK
327,1712365827.6993685,625.29618624,4808000.0,2.1768844517427417e-11,4842000.0,BID
328,1712365827.8993692,625.47220691,4807000.0,-1.9308726241046975e-12,4842000.0,ASK
329,1712365828.329434,625.50641637,4807000.0,-3.752633699185994e-13,4842000.0,ASK
330,1712365828.3371184,625.74584958,4807000.0,-2.6264814836271997e-12,4842000.0,ASK
331,1712365828.3403192,626.52850412,4807000.0,-8.585390712451738e-12,4842000.0,ASK
332,1712365830.0490954,626.52850412,4807000.0,-0.0,4842000.0,ASK
333,1712365830.7201176,626.53058294,4808000.0,2.2798868819428723e-14,4842000.0,BID
334,1712365836.399938,626.55058294,4808000.0,2.1934432821209002e-13,4842000.0,BID
335,1712365836.5279083,626.57554138,4808000.0,2.7372461275109097e-13,4842000.0,BID
336,1712365836.810166,627.83315779,4808000.0,1.3792551330009716e-11,4842000.0,BID
337,1712365839.7937758,627.84355712,4808000.0,1.1405170263584634e-13,4842000.0,BID
338,1712365841.3194242,627.93850798,4807000.0,-1.0413466299943952e-12,4842000.0,ASK
339,1712365841.3222752,628.3242483,4807000.0,-4.230497567739328e-12,4842000.0,ASK
340,1712365841.325212,628.46865747,4807000.0,-1.5837666190674036e-12,4842000.0,ASK
341,1712365841.9086432,628.66195779,4808000.0,2.119966441680314e-12,4842000.0,BID
342,1712365841.910575,628.85600716,4808000.0,2.128181435133576e-12,4842000.0,BID
343,1712365843.0490563,629.45803504,4808000.0,6.602570045183845e-12,4842000.0,BID
344,1712365843.0591044,629.52789732,4808000.0,7.66194743698268e-13,4842000.0,BID
345,1712365843.0773346,630.12517391,4808000.0,6.550461619523617e-12,4842000.0,BID
346,1712365843.0970747,630.73015781,4808000.0,6.634989356238564e-12,4842000.0,BID
347,1712365844.6935318,630.89886817,4808000.0,1.8502830288324265e-12,4842000.0,BID
348,1712365845.1693232,630.93576817,4808000.0,4.0469028555108163e-13,4842000.0,BID
349,1712365845.4018662,631.1144156,4808000.0,1.959265026010858e-12,4842000.0,BID
350,1712365846.0241692,631.11804752,4807000.0,-3.983205262576751e-14,4842000.0,ASK
351,1712365846.0267138,631.12479119,4807000.0,-7.395928829167696e-14,4842000.0,ASK
352,1712365846.9480486,631.16512243,4808000.0,4.4232143718843574e-13,4842000.0,BID
353,1712365848.66923,631.23092993,4808000.0,7.21725093941571e-13,4842000.0,BID
354,1712365848.7541234,631.29612491,4808000.0,7.15007454545695e-13,4842000.0,BID
355,1712365849.1302466,631.97809034,4808000.0,7.479262455367658e-12,4842000.0,BID
356,1712365849.131997,632.66478442,4808000.0,7.531122583248378e-12,4842000.0,BID
357,1712365850.0489848,632.66686428,4808000.0,2.2810274723569243e-14,4842000.0,BID
358,1712365853.5893152,632.76500208,4808000.0,1.0762984906617952e-12,4842000.0,BID
359,1712365860.073524,632.76500208,4808000.0,0.0,4842000.0,BID
360,1712365865.8330984,633.13631548,4808000.0,-4.07093570337995e-12,4842000.0,ASK
361,1712365867.1410837,633.14671265,4809000.0,1.1399052812866226e-13,4842000.0,BID
362,1712365867.6893294,633.72976868,4808000.0,-6.3923995460386585e-12,4842000.0,ASK
363,1712365874.0893087,633.77976868,4809000.0,5.481805535938988e-13,4842000.0,BID
364,1712365874.609468,633.98775536,4808000.0,-2.2802850676542025e-12,4842000.0,ASK
365,1712365874.613268,633.98983565,4807000.0,-2.2807490476527043e-14,4842000.0,ASK
366,1712365874.6199195,633.99823236,4807000.0,-9.205826272280389e-14,4842000.0,ASK
367,1712365874.621667,634.13982968,4808000.0,-1.552417945302467e-12,4842000.0,ASK
368,1712365874.6232898,634.35790292,4806000.0,-2.390870188546116e-12,4842000.0,ASK
369,1712365874.624913,634.38870591,4807000.0,-3.377120022110757e-13,4842000.0,ASK
370,1712365874.6265504,634.57710835,4806000.0,-2.065571077154753e-12,4842000.0,ASK
371,1712365874.6282182,634.58036468,4807000.0,-3.5701135641712686e-14,4842000.0,ASK
372,1712365874.6299157,635.41539673,4806000.0,-9.154966628761238e-12,4842000.0,ASK
373,1712365874.6344137,635.42055414,4805000.0,-5.654383737868222e-14,4842000.0,ASK
374,1712365874.6360996,635.43055414,4806000.0,-1.0963611071877977e-13,4842000.0,ASK
375,1712365874.6377876,635.61036146,4806000.0,-1.971337524358597e-12,4842000.0,ASK
376,1712365874.639482,636.60623871,4805000.0,-1.0918410844340459e-11,4842000.0,ASK
377,1712365875.9794192,636.62340634,4808000.0,1.8821921834626425e-13,4842000.0,BID
378,1712365875.9833713,636.62964594,4808000.0,6.840854764493848e-14,4842000.0,BID
379,1712365884.959222,636.64212514,4808000.0,1.3681709528738416e-13,4842000.0,BID
380,1712365886.419265,636.82046499,4808000.0,1.955248754019308e-12,4842000.0,BID
381,1712365886.4292574,636.98305255,4808000.0,1.7825467729674646e-12,4842000.0,BID
382,1712365888.089123,636.9918503,4808000.0,9.645510930753961e-14,4842000.0,BID
383,1712365888.1894412,637.08206723,4808000.0,9.891033326197057e-13,4842000.0,BID
384,1712365888.1932771,637.1918503,4808000.0,1.2036188817583825e-12,4842000.0,BID
385,1712365889.5046754,637.47024629,4808000.0,3.052225358332349e-12,4842000.0,BID
386,1712365889.5080268,637.74523996,4808000.0,3.0149236451118864e-12,4842000.0,BID
387,1712365889.519111,638.02378217,4808000.0,3.053828457543645e-12,4842000.0,BID
388,1712365889.5211754,638.22831158,4808000.0,2.242380904002312e-12,4842000.0,BID
389,1712365889.5791094,638.50596271,4808000.0,3.044059002989993e-12,4842000.0,BID
390,1712365890.0693088,638.50596271,4808000.0,0.0,4842000.0,BID
391,1712365892.0569935,639.3089541,4808000.0,8.801022462283518e-12,4842000.0,BID
392,1712365892.1292152,639.66753618,4808000.0,3.930165354140489e-12,4842000.0,BID
393,1712365892.1314917,640.24959258,4808000.0,6.379509811077453e-12,4842000.0,BID
394,1712365892.4490778,640.44677103,4808000.0,2.161133966241205e-12,4842000.0,BID
395,1712365892.6092467,640.44885089,4808000.0,2.279587901712501e-14,4842000.0,BID
396,1712365894.2193637,640.66545632,4808000.0,2.374059396679178e-12,4842000.0,BID
397,1712365896.3792892,640.7479344,4809000.0,9.03984082227596e-13,4842000.0,BID
398,1712365896.3905964,640.96316079,4809000.0,2.35894471155654e-12,4842000.0,BID
399,1712365896.3924234,640.96524065,4808000.0,2.279587901837105e-14,4842000.0,BID
400,1712365896.394239,640.9969934,4809000.0,3.480195049019416e-13,4842000.0,BID
401,1712365908.0193267,641.07832578,4810000.0,8.914268723246442e-13,4842000.0,BID
402,1712365908.0233483,641.07950527,4810000.0,1.2927558269676451e-14,4842000.0,BID
403,1712365909.699354,641.09780827,4813000.0,2.0060627814039386e-13,4842000.0,BID
404,1712365909.7035096,641.09911881,4813000.0,1.4363904921067066e-14,4842000.0,BID
405,1712365917.1266036,641.14148856,4813000.0,4.643849561955974e-13,4842000.0,BID
406,1712365917.1285255,641.71461881,4813000.0,6.2816765744701205e-12,4842000.0,BID
407,1712365920.0427897,641.71461881,4813000.0,0.0,4842000.0,BID
408,1712365922.019161,641.71900417,4813000.0,4.8056711290322716e-14,4842000.0,BID
409,1712365924.769245,641.74453878,4810000.0,-2.79819531511608e-13,4842000.0,ASK
410,1712365926.2941067,641.87248088,4813000.0,1.4020460262597048e-12,4842000.0,BID
411,1712365931.824163,641.8727537,4813000.0,-2.9896820267389466e-15,4842000.0,ASK
412,1712365931.8261423,641.97930761,4813000.0,-1.167664796012333e-12,4842000.0,ASK
413,1712365932.0069823,642.19763555,4813000.0,2.3925339719948427e-12,4842000.0,BID
414,1712365941.1693332,642.26748876,4813000.0,7.654823197522963e-13,4842000.0,BID
415,1712365944.429273,642.32985882,4810000.0,-6.834786577725397e-13,4842000.0,ASK
416,1712365945.9291062,642.5099012,4813000.0,1.9729839000387177e-12,4842000.0,BID
417,1712365947.9995673,642.55768844,4813000.0,5.236736769832946e-13,4842000.0,BID
418,1712365948.0591233,642.65768844,4813000.0,1.0958441562703545e-12,4842000.0,BID
419,1712365950.0644042,642.65768844,4813000.0,0.0,4842000.0,BID
420,1712365953.2991433,642.66709785,4813000.0,1.0310734133205909e-13,4842000.0,BID
421,1712365962.4663787,642.67332494,4812000.0,6.823580799860497e-14,4842000.0,BID
422,1712365964.1095135,643.61715218,4812000.0,1.0342361252541463e-11,4842000.0,BID
423,1712365964.1133645,643.67332494,4813000.0,6.155352927442015e-13,4842000.0,BID
424,1712365965.0099993,644.20970739,4811000.0,-5.877623395805826e-12,4842000.0,ASK
425,1712365965.020335,644.65523753,4810000.0,-4.8820731819274436e-12,4842000.0,ASK
426,1712365965.023496,645.09803166,4809000.0,-4.852092267398947e-12,4842000.0,ASK
427,1712365965.0254047,645.09917558,4808000.0,-1.2534957016127807e-14,4842000.0,ASK
428,1712365965.027344,645.1199656,4810000.0,-2.278148883349621e-13,4842000.0,ASK
429,1712365965.0292764,646.0831656,4808000.0,-1.055464595241947e-11,4842000.0,ASK
430,1712365965.0312188,646.11434152,4809000.0,-3.4162250606420853e-13,4842000.0,ASK
431,1712365965.0334237,646.34666919,4808000.0,-2.5458225724662178e-12,4842000.0,ASK
432,1712365965.0693252,647.6718499,4808000.0,1.4521193123988647e-11,4842000.0,BID
433,1712365965.0736854,647.9568499,4808000.0,3.123000515406066e-12,4842000.0,BID
434,1712365965.689408,647.9618499,4812000.0,5.47894827263785e-14,4842000.0,BID
435,1712365967.1598134,649.03465611,4813000.0,1.1755699462320744e-11,4842000.0,BID
436,1712365967.1642196,650.03955611,4812000.0,1.1011590238357791e-11,4842000.0,BID
437,1712365975.6092255,650.04163424,4812000.0,-2.2771933547354133e-14,4842000.0,ASK
438,1712365979.2296238,650.283807,4812000.0,2.653704050166478e-12,4842000.0,BID
439,1712365980.079491,650.283807,4812000.0,0.0,4842000.0,BID
440,1712365981.7196395,650.28588513,4812000.0,2.2762783399896432e-14,4842000.0,BID
441,1712365987.8592074,650.28694498,4812000.0,1.160906006254028e-14,4842000.0,BID
442,1712365994.039259,650.29912813,4809000.0,-1.3344805405858996e-13,4842000.0,ASK
443,1712365994.0426269,650.32026388,4808000.0,-2.315102997648672e-13,4842000.0,ASK
444,1712365997.2463486,650.52797382,4812000.0,2.2751494729828298e-12,4842000.0,BID
445,1712366000.7493114,650.53001039,4812000.0,2.2307556210979227e-14,4842000.0,BID
446,1712366006.0491471,650.53416666,4812000.0,4.552567633481452e-14,4842000.0,BID
447,1712366006.6004872,650.67850402,4812000.0,1.5809983313057453e-12,4842000.0,BID
448,1712366006.602712,651.67850402,4812000.0,1.0953493477403568e-11,4842000.0,BID
449,1712366006.6047115,652.07129252,4812000.0,4.302406272749695e-12,4842000.0,BID
450,1712366006.6108727,652.11035449,4812000.0,4.278650336086645e-13,4842000.0,BID
451,1712366006.6190865,652.21114528,4812000.0,1.1040112608475621e-12,4842000.0,BID
452,1712366010.0673325,652.21114528,4812000.0,0.0,4842000.0,BID
453,1712366012.5393157,652.21752093,4812000.0,6.982854714044316e-14,4842000.0,BID
454,1712366015.8892636,652.32147103,4810000.0,-1.1385010874358552e-12,4842000.0,ASK
455,1712366023.1402006,652.36305107,4809000.0,4.55400434974093e-13,4842000.0,BID
456,1712366024.3692672,652.61752093,4809000.0,2.7870508285183186e-12,4842000.0,BID
457,1712366028.682789,652.68625803,4809000.0,-7.528348996027534e-13,4842000.0,ASK
458,1712366028.693534,652.78349954,4809000.0,-1.065026054605885e-12,4842000.0,ASK
459,1712366033.7394214,652.78557897,4809000.0,2.2774709367516558e-14,4842000.0,BID
460,1712366036.1921003,652.82716765,4809000.0,4.554950635452319e-13,4842000.0,BID
461,1712366036.7890894,652.83716765,4809000.0,1.0952380877311329e-13,4842000.0,BID
462,1712366036.899322,652.85796199,4809000.0,2.277475317732385e-13,4842000.0,BID
463,1712366038.099388,652.87317582,4808000.0,-1.6662766076274381e-13,4842000.0,ASK
464,1712366038.1034544,652.88535897,4808000.0,-1.334344990848976e-13,4842000.0,ASK
465,1712366038.106953,653.30035427,4808000.0,-4.545186587898068e-12,4842000.0,ASK
466,1712366038.1592216,653.89466113,4808000.0,6.509075088725674e-12,4842000.0,BID
467,1712366039.329129,653.89830014,4809000.0,3.985582353545316e-14,4842000.0,BID
468,1712366040.050076,653.89830014,4809000.0,0.0,4842000.0,BID
469,1712366043.11942,653.902459,4809000.0,4.5545371918873967e-14,4842000.0,BID
470,1712366043.759333,653.91767283,4807000.0,-1.666128568039597e-13,4842000.0,ASK
471,1712366043.769902,654.64541329,4807000.0,-7.969782563133192e-12,4842000.0,ASK
472,1712366043.7734234,654.66138097,4808000.0,-1.74868575587834e-13,4842000.0,ASK
473,1712366044.9335256,654.73138097,4807000.0,7.66598547261974e-13,4842000.0,BID
474,1712366046.4371011,654.79338097,4807000.0,6.78987284717393e-13,4842000.0,BID
475,1712366047.2593162,654.81417531,4807000.0,2.277272976460499e-13,4842000.0,BID
476,1712366047.959118,654.86917531,4807000.0,6.023274299905724e-13,4842000.0,BID
477,1712366049.5623295,654.91817531,4807000.0,5.36618983084004e-13,4842000.0,BID
478,1712366049.9894354,654.92817531,4806000.0,-1.0951407818010409e-13,4842000.0,ASK
479,1712366050.0690365,655.14132077,4806000.0,2.334242857019157e-12,4842000.0,BID
480,1712366050.1054912,655.73660898,4806000.0,6.519243956969737e-12,4842000.0,BID
481,1712366050.949316,655.79450898,4806000.0,6.340865126635745e-13,4842000.0,BID
482,1712366051.4994812,656.03780012,4806000.0,2.664380492651051e-12,4842000.0,BID
483,1712366051.7595656,656.14173275,4806000.0,1.1382086167285146e-12,4842000.0,BID
484,1712366052.4392266,656.20273275,4806000.0,6.68035876899631e-13,4842000.0,BID
485,1712366052.839505,656.23663275,4806000.0,3.7125272503107604e-13,4842000.0,BID
486,1712366053.1592376,656.24855758,4805000.0,-1.3059367649054314e-13,4842000.0,ASK
487,1712366053.3193605,656.63051135,4805000.0,-4.182931502900305e-12,4842000.0,ASK
488,1712366053.323929,656.98162789,4805000.0,-3.8452204211924895e-12,4842000.0,ASK
489,1712366053.3284223,657.71830368,4805000.0,-8.067637005951626e-12,4842000.0,ASK
490,1712366053.9523945,657.76390368,4806000.0,4.993841965021212e-13,4842000.0,BID
491,1712366055.153583,657.78468763,4806000.0,2.2761351251944413e-13,4842000.0,BID
492,1712366055.449151,658.03228763,4806000.0,2.711568575742216e-12,4842000.0,BID
493,1712366058.4991736,658.13098763,4806000.0,1.0809039516386981e-12,4842000.0,BID
494,1712366060.9924405,659.14568763,4806000.0,1.11123935129447e-11,4842000.0,BID
495,1712366063.299453,660.48901184,4805000.0,-1.4711291255529942e-11,4842000.0,ASK
496,1712366063.3031912,660.59307011,4805000.0,-1.1395845516076294e-12,4842000.0,ASK
497,1712366063.3094,660.59454375,4804000.0,-1.6138432616640515e-14,4842000.0,ASK
498,1712366063.31299,660.59558575,4805000.0,-1.1411366947447035e-14,4842000.0,ASK
499,1712366063.3165958,661.95924758,4804000.0,-1.4934016826197475e-11,4842000.0,ASK
500,1712366063.35929,662.15584758,4804000.0,2.153046777022689e-12,4842000.0,BID
501,1712366063.3639178,662.36054859,4804000.0,2.241764241270753e-12,4842000.0,BID
502,1712366063.3790836,662.94122536,4804000.0,6.359228118720467e-12,4842000.0,BID
503,1712366064.8729138,663.26862536,4804000.0,3.585490919619995e-12,4842000.0,BID
504,1712366065.5354693,663.47672536,4804000.0,2.27898796693068e-12,4842000.0,BID
505,1712366066.1092038,663.47778653,4804000.0,1.1621305433779966e-14,4842000.0,BID
506,1712366066.3743415,663.62178653,4804000.0,1.5770027257949929e-12,4842000.0,BID
507,1712366067.8641238,663.74378653,4804000.0,1.336071753798017e-12,4842000.0,BID
508,1712366068.7592814,667.55450364,4804000.0,4.173271715071844e-11,4842000.0,BID
509,1712366069.389201,667.67250364,4804000.0,1.2922661225257262e-12,4842000.0,BID
510,1712366070.0522988,667.67250364,4804000.0,0.0,4842000.0,BID
511,1712366070.869266,667.79340364,4804000.0,1.3230662539136136e-12,4842000.0,BID
512,1712366071.089394,668.00147688,4804000.0,2.2770445176722363e-12,4842000.0,BID
513,1712366071.8599317,668.01147688,4804000.0,1.0943476045594249e-13,4842000.0,BID
514,1712366072.3793433,668.12547688,4804000.0,1.2475562691979933e-12,4842000.0,BID
515,1712366073.5392606,668.12587688,4804000.0,4.3773904183869954e-15,4842000.0,BID
516,1712366073.8992777,668.12997132,4804000.0,4.4807406060351135e-14,4842000.0,BID
517,1712366073.9127817,668.21077688,4804000.0,8.84293710212119e-13,4842000.0,BID
518,1712366074.8693752,668.3285835,4804000.0,1.2892139239837096e-12,4842000.0,BID
519,1712366075.4091718,668.5195835,4804000.0,2.0902039247094968e-12,4842000.0,BID
520,1712366076.879583,668.6957835,4804000.0,1.9282404792353987e-12,4842000.0,BID
521,1712366077.899227,669.89787957,4804000.0,1.3155109546560375e-11,4842000.0,BID
522,1712366078.379242,670.33387957,4804000.0,4.7713555558838195e-12,4842000.0,BID
523,1712366078.579188,670.86525297,4804000.0,5.815072074171334e-12,4842000.0,BID
524,1712366079.1091206,670.91275297,4804000.0,5.19815112166349e-13,4842000.0,BID
525,1712366079.8891706,670.96075297,4804000.0,5.25286850189022e-13,4842000.0,BID
526,1712366081.4196851,671.00275297,4804000.0,4.59625993914461e-13,4842000.0,BID
527,1712366082.4394138,671.21091283,4804000.0,2.2779924415665805e-12,4842000.0,BID
528,1712366082.4796572,671.21211439,4803000.0,-1.3149243077649496e-14,4842000.0,ASK
529,1712366082.4839983,679.03554514,4803000.0,-8.56155270070677e-11,4842000.0,ASK
530,1712366082.4867952,680.28284651,4803000.0,-1.3649812664244951e-11,4842000.0,ASK
531,1712366082.579594,680.84914182,4803000.0,6.1972391597228605e-12,4842000.0,BID
532,1712366082.8993554,680.97614182,4803000.0,1.389821457791216e-12,4842000.0,BID
533,1712366084.409342,681.03114182,4803000.0,6.018911825089278e-13,4842000.0,BID
534,1712366085.8892534,681.21091283,4803000.0,1.9673197416287198e-12,4842000.0,BID
535,1712366085.8991132,681.23934182,4804000.0,3.111119710664418e-13,4842000.0,BID
536,1712366087.4193704,681.63234182,4804000.0,4.3007860859215246e-12,4842000.0,BID
537,1712366088.9291,681.66234182,4804000.0,3.283042813690716e-13,4842000.0,BID
538,1712366090.4178808,681.69234182,4804000.0,3.283042813678275e-13,4842000.0,BID
539,1712366094.115646,681.88334182,4804000.0,2.090203924710741e-12,4842000.0,BID
540,1712366095.5893643,682.09234182,4804000.0,2.2871864935306908e-12,4842000.0,BID
541,1712366096.579406,682.22034182,4803000.0,-1.4007649338378057e-12,4842000.0,ASK
542,1712366096.5839405,682.54010303,4803000.0,-3.499299141947436e-12,4842000.0,ASK
543,1712366096.5878086,682.90824405,4802000.0,-4.028742433774875e-12,4842000.0,ASK
544,1712366096.591641,683.69929152,4802000.0,-8.656809038880446e-12,4842000.0,ASK
545,1712366097.0791748,683.89029152,4804000.0,2.090203924710741e-12,4842000.0,BID
546,1712366098.6192892,684.08129152,4804000.0,2.090203924710741e-12,4842000.0,BID
547,1712366100.0791156,684.08129152,4804000.0,0.0,4842000.0,BID
548,1712366104.1092353,684.30059152,4804000.0,2.4125778545393226e-12,4842000.0,BID
549,1712366104.429339,684.50059152,4804000.0,2.200253401312146e-12,4842000.0,BID
550,1712366105.5738344,684.50267124,4804000.0,2.287955501995985e-14,4842000.0,BID
551,1712366105.9491675,684.53267124,4804000.0,3.300380101966343e-13,4842000.0,BID
552,1712366107.4192505,684.56267124,4804000.0,3.300380101966343e-13,4842000.0,BID
553,1712366108.1029732,684.59257124,4804000.0,3.28937883496254e-13,4842000.0,BID
554,1712366108.47921,684.6134352,4804000.0,2.295299947747478e-13,4842000.0,BID
555,1712366108.9291873,684.6434352,4804000.0,3.300380101966343e-13,4842000.0,BID
556,1712366109.1491687,684.64967999,4804000.0,6.870060218973083e-14,4842000.0,BID
557,1712366109.869242,684.69967999,4803000.0,-5.500633503289745e-13,4842000.0,ASK
558,1712366109.8733196,685.27401145,4803000.0,-6.318373741729342e-12,4842000.0,ASK
559,1712366110.429259,685.30401145,4804000.0,3.300380101966343e-13,4842000.0,BID
560,1712366111.919276,685.33401145,4804000.0,3.30038010197885e-13,4842000.0,BID
561,1712366113.3191168,687.35191145,4804000.0,2.2199456692545808e-11,4842000.0,BID
562,1712366113.3634126,687.40427138,4803000.0,-5.760255703746516e-13,4842000.0,ASK
563,1712366113.3674555,687.95793992,4803000.0,-6.091055441674613e-12,4842000.0,ASK
564,1712366113.4594371,688.69241317,4804000.0,8.080136332429898e-12,4842000.0,BID
565,1712366113.4634056,688.84513992,4804000.0,1.6801877557941896e-12,4842000.0,BID
566,1712366116.3992395,689.00713992,4803000.0,1.7822052550638265e-12,4842000.0,BID
567,1712366116.4046695,689.04404859,4803000.0,4.060421335272041e-13,4842000.0,BID
568,1712366117.3395245,689.20604859,4803000.0,1.7822052550638265e-12,4842000.0,BID
569,1712366117.6400962,689.21604859,4803000.0,1.1001267006554481e-13,4842000.0,BID
570,1712366117.8791225,689.41204859,4803000.0,2.1562483332869285e-12,4842000.0,BID
571,1712366119.369292,689.45034859,4803000.0,4.2134852635071124e-13,4842000.0,BID
572,1712366121.5793092,689.45246436,4802000.0,-2.327615069498294e-14,4842000.0,ASK
573,1712366121.5845146,689.75034859,4802000.0,-3.277103951275112e-12,4842000.0,ASK
574,1712366121.61922,689.75044577,4803000.0,1.069103127825291e-15,4842000.0,BID
575,1712366121.6239882,690.44173662,4804000.0,7.60507522004462e-12,4842000.0,BID
576,1712366123.0792155,690.48133662,4804000.0,4.3565017345940723e-13,4842000.0,BID
577,1712366125.0893655,690.60043662,4804000.0,1.310250900481864e-12,4842000.0,BID
578,1712366125.1890512,690.60053364,4804000.0,1.0673429249586006e-15,4842000.0,BID
579,1712366127.8793623,690.78788567,4806000.0,2.0611097062525e-12,4842000.0,BID
580,1712366130.0510266,690.78788567,4806000.0,0.0,4842000.0,BID
581,1712366138.6392586,690.89187901,4808000.0,1.1436531650780282e-12,4842000.0,BID
582,1712366144.6492617,690.8937505,4809000.0,2.0581466677529092e-14,4842000.0,BID
583,1712366160.074227,690.8937505,4809000.0,0.0,4842000.0,BID
584,1712366162.3793564,690.92963927,4810000.0,3.946798482527977e-13,4842000.0,BID
585,1712366162.3846447,690.97276733,4810000.0,4.742925482316883e-13,4842000.0,BID
586,1712366163.4791486,691.01418853,4810000.0,4.555216835352082e-13,4842000.0,BID
587,1712366163.9993176,691.16822615,4810000.0,1.6939991113312497e-12,4842000.0,BID
588,1712366164.0043485,691.22213196,4810000.0,5.928187817720683e-13,4842000.0,BID
589,1712366164.759461,691.23441451,4810000.0,1.350749822341427e-13,4842000.0,BID
590,1712366164.7691357,691.2844812,4812000.0,5.505987976655168e-13,4842000.0,BID
591,1712366166.1327145,691.29237565,4812000.0,8.681769612257173e-14,4842000.0,BID
592,1712366169.6492836,691.31013718,4812000.0,1.953290114176699e-13,4842000.0,BID
593,1712366176.4533544,691.3234533,4813000.0,1.4644146959940485e-13,4842000.0,BID
594,1712366176.5892434,691.32553143,4812000.0,-2.2853835142240888e-14,4842000.0,ASK
595,1712366176.652149,691.3848358,4813000.0,6.521884074691115e-13,4842000.0,BID
596,1712366176.6556582,692.36775767,4812000.0,1.0809494292935364e-11,4842000.0,BID
597,1712366177.499162,692.37169574,4812000.0,4.330816770841012e-14,4842000.0,BID
598,1712366178.0792077,692.39341517,4809000.0,-2.388552557403607e-13,4842000.0,ASK
599,1712366178.0845609,692.39692647,4809000.0,-3.8614846682509496e-14,4842000.0,ASK
600,1712366179.9421315,692.40092065,4813000.0,4.3925226645344334e-14,4842000.0,BID
601,1712366190.0649111,692.40092065,4813000.0,0.0,4842000.0,BID
602,1712366191.4138148,692.43874668,4813000.0,4.159513203181673e-13,4842000.0,BID
603,1712366191.41812,692.55604852,4813000.0,1.2899015631224852e-12,4842000.0,BID
604,1712366191.4222882,692.71582092,4813000.0,1.7569261360601593e-12,4842000.0,BID
605,1712366191.7692049,692.77469265,4809000.0,-6.473789034399688e-13,4842000.0,ASK
606,1712366191.7748096,692.78469265,4809000.0,-1.0996430773136305e-13,4842000.0,ASK
607,1712366191.8692024,692.83780403,4809000.0,5.840356134364703e-13,4842000.0,BID
608,1712366192.6891265,692.94168934,4813000.0,1.14236761976195e-12,4842000.0,BID
609,1712366193.8635871,693.04253793,4811000.0,-1.1089745385037704e-12,4842000.0,ASK
610,1712366194.95935,693.06422571,4811000.0,-2.384881713929992e-13,4842000.0,ASK
611,1712366195.979355,693.06721519,4811000.0,-3.287360986766745e-14,4842000.0,ASK
612,1712366201.614862,693.06929289,4813000.0,2.284728421831424e-14,4842000.0,BID
613,1712366201.7097232,693.33278572,4813000.0,2.89748066431436e-12,4842000.0,BID
614,1712366207.6112478,693.45278572,4815000.0,1.319571692777607e-12,4842000.0,BID
615,1712366207.7182512,693.78919587,4815000.0,3.699310925858831e-12,4842000.0,BID
616,1712366211.441809,693.80916589,4812000.0,-2.1959894246915453e-13,4842000.0,ASK
617,1712366220.0604942,693.80916589,4812000.0,-0.0,4842000.0,ASK
618,1712366226.259272,693.97977737,4815000.0,1.875977504388439e-12,4842000.0,BID
619,1712366226.2648137,694.14123353,4815000.0,1.7753091650407377e-12,4842000.0,BID
620,1712366227.729195,694.16816754,4815000.0,-2.961559026565833e-13,4842000.0,ASK
621,1712366229.4893632,695.33220479,4815000.0,-1.2799301050966704e-11,4842000.0,ASK
622,1712366235.679634,695.33332853,4817000.0,1.2356208156860536e-14,4842000.0,BID
623,1712366235.682372,695.33457713,4820000.0,1.3729120173317221e-14,4842000.0,BID
624,1712366235.684867,695.54457713,4816000.0,2.309078356988596e-12,4842000.0,BID
625,1712366235.6873634,696.36972416,4820000.0,9.07299594431514e-12,4842000.0,BID
626,1712366239.2299368,696.39046674,4821000.0,2.280773454568619e-13,4842000.0,BID
627,1712366240.9992232,696.39452109,4820000.0,-4.4580056365538006e-14,4842000.0,ASK
628,1712366243.8714025,696.48644137,4820000.0,1.0107196624580401e-12,4842000.0,BID
629,1712366245.5618036,696.48747892,4820000.0,1.140849642496535e-14,4842000.0,BID
630,1712366248.7891824,696.49059579,4820000.0,3.4271890756068225e-14,4842000.0,BID
631,1712366250.05676,696.49059579,4820000.0,0.0,4842000.0,BID
632,1712366259.269112,697.49059579,4819000.0,1.0994049849765839e-11,4842000.0,BID
633,1712366259.4092157,697.54073527,4819000.0,5.512359425611653e-13,4842000.0,BID
634,1712366268.3891191,697.55376986,4816000.0,-1.4330293223083166e-13,4842000.0,ASK
635,1712366270.1993742,697.66321939,4816000.0,1.2032935888535105e-12,4842000.0,BID
636,1712366270.205021,698.29908369,4819000.0,6.990723811886243e-12,4842000.0,BID
637,1712366270.2105885,698.59908369,4818000.0,3.2982149549305017e-12,4842000.0,BID
638,1712366277.079606,698.61983157,4815000.0,-2.281032269961986e-13,4842000.0,ASK
639,1712366277.0891209,698.71983157,4815000.0,-1.099404984976834e-12,4842000.0,ASK
640,1712366280.0859523,698.71983157,4815000.0,-0.0,4842000.0,ASK
641,1712366283.4692583,698.8235572,4815000.0,1.140230093736212e-12,4842000.0,BID
642,1712366285.2391026,698.82563404,4815000.0,2.2830186404691088e-14,4842000.0,BID
643,1712366285.7423468,700.10689829,4815000.0,1.4084619740353658e-11,4842000.0,BID
644,1712366287.4290936,700.10816437,4818000.0,1.3917703051166418e-14,4842000.0,BID
645,1712366288.9292254,700.1230253,4818000.0,1.6336251326544916e-13,4842000.0,BID
646,1712366293.2737567,700.1380253,4818000.0,1.6489127524248382e-13,4842000.0,BID
647,1712366294.509257,700.15582397,4818000.0,1.9565635959537521e-13,4842000.0,BID
648,1712366295.1192183,700.16620172,4818000.0,1.140800287763424e-13,4842000.0,BID
649,1712366304.7544098,700.84075547,4817000.0,7.415201870479752e-12,4842000.0,BID
650,1712366305.4591994,700.89697853,4815000.0,-6.180461374293138e-13,4842000.0,ASK
651,1712366305.4649105,701.25502712,4815000.0,-3.935939240262529e-12,4842000.0,ASK
652,1712366309.529158,701.28414851,4815000.0,-3.201242089292082e-13,4842000.0,ASK
653,1712366309.5338836,702.04725002,4815000.0,-8.388585408231478e-12,4842000.0,ASK
654,1712366310.0745342,702.04725002,4815000.0,-0.0,4842000.0,ASK
655,1712366313.9093213,702.06725002,4815000.0,-2.198163157877397e-13,4842000.0,ASK
656,1712366313.9150348,702.25493433,4815000.0,-2.062803677770174e-12,4842000.0,ASK
657,1712366316.779204,702.27547189,4818000.0,2.2572453872346532e-13,4842000.0,BID
658,1712366322.3236487,702.29622739,4818000.0,2.281198771175311e-13,4842000.0,BID
659,1712366323.4892318,702.38377371,4815000.0,-9.62205476159615e-13,4842000.0,ASK
660,1712366323.493833,702.71049905,4816000.0,-3.590978025667427e-12,4842000.0,ASK
661,1712366326.382521,702.80395699,4818000.0,1.0271790025965984e-12,4842000.0,BID
662,1712366329.3293977,702.8153373,4816000.0,-1.2507889083677724e-13,4842000.0,ASK
663,1712366329.3362536,704.7277834,4815000.0,-2.1019342792250798e-11,4842000.0,ASK
664,1712366332.7991,705.0277834,4815000.0,3.297244736818595e-12,4842000.0,BID
665,1712366333.179169,705.03802724,4815000.0,1.1258815841653721e-13,4842000.0,BID
666,1712366333.4570754,705.07541041,4815000.0,4.108715350936923e-13,4842000.0,BID
667,1712366333.4672089,705.77541041,4815000.0,7.693571052577137e-12,4842000.0,BID
668,1712366336.009205,705.83944568,4815000.0,7.03799856595292e-13,4842000.0,BID
669,1712366337.2392166,705.84866462,4815000.0,1.0132367131331073e-13,4842000.0,BID
670,1712366340.0658207,705.84866462,4815000.0,0.0,4842000.0,BID
671,1712366344.0891936,706.96633414,4815000.0,1.2281628965342612e-11,4842000.0,BID
672,1712366349.0495,707.9568203,4815000.0,-1.0884061249543815e-11,4842000.0,ASK
673,1712366349.0554142,707.97343504,4815000.0,-1.8257281636876642e-13,4842000.0,ASK
674,1712366351.7193758,707.98387156,4815000.0,1.146827966903825e-13,4842000.0,BID
675,1712366352.0591197,708.42448801,4815000.0,4.841760160844917e-12,4842000.0,BID
676,1712366355.4339314,708.73061643,4815000.0,3.363924311175095e-12,4842000.0,BID
677,1712366356.0011349,708.75137194,4815000.0,2.2807410262557653e-13,4842000.0,BID
678,1712366356.0038946,708.98708965,4815000.0,2.5902088255753868e-12,4842000.0,BID
679,1712366356.1990938,709.01642843,4818000.0,3.2239226695177453e-13,4842000.0,BID
680,1712366356.2044146,709.02862663,4818000.0,1.3404120248743657e-13,4842000.0,BID
681,1712366361.419123,709.05200458,4818000.0,2.568910601328804e-13,4842000.0,BID
682,1712366364.7494085,709.0533863,4815000.0,-1.5183175411716968e-14,4842000.0,ASK
683,1712366364.7555568,709.11350624,4815000.0,-6.606342780985163e-13,4842000.0,ASK
684,1712366370.070806,709.11350624,4815000.0,-0.0,4842000.0,ASK
685,1712366372.07946,710.11350624,4815000.0,-1.0986707177567794e-11,4842000.0,ASK
686,1712366376.1090827,710.11558179,4818000.0,2.2803460082096297e-14,4842000.0,BID
687,1712366385.612431,710.16456702,4818000.0,5.38186378036741e-13,4842000.0,BID
688,1712366385.618368,710.16594874,4818000.0,1.518055304058304e-14,4842000.0,BID
689,1712366392.919101,710.19668593,4818000.0,-3.377005059909134e-13,4842000.0,ASK
690,1712366394.452652,710.21743712,4818000.0,-2.27987248116682e-13,4842000.0,ASK
691,1712366400.0096805,710.22967999,4818000.0,-1.3450882770327966e-13,4842000.0,ASK
692,1712366400.0160422,711.21743712,4818000.0,-1.0852198349864511e-11,4842000.0,ASK
693,1712366400.079151,711.21743712,4818000.0,-0.0,4842000.0,ASK
694,1712366405.6935108,711.47834015,4820000.0,2.9246408042748044e-12,4842000.0,BID
695,1712366405.6982532,712.30901351,4820000.0,9.311586774902343e-12,4842000.0,BID
696,1712366407.0792065,712.57987223,4820000.0,-3.03624095398798e-12,4842000.0,ASK
697,1712366413.5026248,712.89985759,4820000.0,-3.586935117720277e-12,4842000.0,ASK
698,1712366415.3290937,712.94255422,4821000.0,4.786157765323279e-13,4842000.0,BID
699,1712366415.333374,715.34320072,4821000.0,2.6910491267729788e-11,4842000.0,BID
700,1712366424.9292345,715.34527454,4822000.0,2.3246869124579e-14,4842000.0,BID
701,1712366425.6492603,715.53251453,4822000.0,2.0989013233993104e-12,4842000.0,BID
702,1712366425.6552408,715.63044071,4822000.0,1.097721639472417e-12,4842000.0,BID
703,1712366426.8393714,715.66119154,4822000.0,-3.4470712043198615e-13,4842000.0,ASK
704,1712366427.519325,716.20589576,4821000.0,-6.105962771197191e-12,4842000.0,ASK
705,1712366427.5254395,717.02937659,4820000.0,-9.230960778630998e-12,4842000.0,ASK
706,1712366427.5307086,717.03149233,4821000.0,-2.3716779124031472e-14,4842000.0,ASK
707,1712366427.5335095,718.48515756,4822000.0,-1.6295129448719892e-11,4842000.0,ASK
708,1712366430.0511465,718.48515756,4822000.0,-0.0,4842000.0,ASK
709,1712366438.0191374,718.51282103,4820000.0,-3.099770426322758e-13,4842000.0,ASK
710,1712366440.529212,718.51908714,4822000.0,7.021354322459777e-14,4842000.0,BID
711,1712366440.6590314,719.30596845,4820000.0,-8.817228690958617e-12,4842000.0,ASK
712,1712366444.699233,719.49076285,4820000.0,-2.07067376604528e-12,4842000.0,ASK
713,1712366455.4603136,720.36251417,4820000.0,-9.76822127098852e-12,4842000.0,ASK
714,1712366455.4652843,720.46666354,4820000.0,-1.1670232875513208e-12,4842000.0,ASK
715,1712366455.4700985,720.79874888,4820000.0,-3.72111060522473e-12,4842000.0,ASK
716,1712366455.4728851,720.81950438,4818000.0,-2.32571275705801e-13,4842000.0,ASK
717,1712366455.4760523,720.84159871,4820000.0,-2.475732463173421e-13,4842000.0,ASK
718,1712366455.4788127,721.05757961,4815000.0,-2.42012736098514e-12,4842000.0,ASK
719,1712366455.48162,721.07318567,4818000.0,-1.7487033716134674e-13,4842000.0,ASK
720,1712366455.4844708,721.07433935,4815000.0,-1.2927312246521628e-14,4842000.0,ASK
721,1712366455.487302,721.28600106,4818000.0,-2.371729609627811e-12,4842000.0,ASK
722,1712366455.4901571,721.33670106,4816000.0,-5.681079076991284e-13,4842000.0,ASK
723,1712366455.4929898,721.77292052,4815000.0,-4.887963012193124e-12,4842000.0,ASK
724,1712366455.8589218,721.86424829,4822000.0,1.0233536159671148e-12,4842000.0,BID
725,1712366455.865587,721.86582802,4822000.0,1.7701323570635143e-14,4842000.0,BID
726,1712366460.0688472,721.86582802,4822000.0,0.0,4842000.0,BID
727,1712366466.6088006,722.69580539,4822000.0,9.298434897956109e-12,4842000.0,BID
728,1712366468.3293118,722.69892733,4823000.0,3.4975840178062085e-14,4842000.0,BID
729,1712366468.338728,722.70842733,4822000.0,1.0643077115536648e-13,4842000.0,BID
730,1712366468.3417573,723.19580539,4823000.0,5.460212923157935e-12,4842000.0,BID
731,1712366470.7906992,723.24769265,4821000.0,-5.813053784138376e-13,4842000.0,ASK
732,1712366471.0887911,723.24893694,4822000.0,-1.3940078341649915e-14,4842000.0,ASK
733,1712366475.808919,723.2611171,4822000.0,1.3645724437798054e-13,4842000.0,BID
734,1712366490.0622149,723.2611171,4822000.0,0.0,4842000.0,BID
735,1712366490.109491,723.46849992,4822000.0,2.323184186739545e-12,4842000.0,BID
736,1712366492.138824,723.47057374,4822000.0,2.3231750007355585e-14,4842000.0,BID
737,1712366496.3188796,723.49546484,4821000.0,-2.7883992468867657e-13,4842000.0,ASK
738,1712366496.538766,723.49656484,4821000.0,1.2322634081087848e-14,4842000.0,BID
739,1712366499.4889605,723.70384402,4821000.0,2.322023170561056e-12,4842000.0,BID
740,1712366502.9489274,723.70494402,4821000.0,1.2322634079814284e-14,4842000.0,BID
741,1712366505.1189315,723.85291954,4821000.0,1.6576801689196457e-12,4842000.0,BID
742,1712366505.4288545,723.87291954,4819000.0,-2.2404789236998522e-13,4842000.0,ASK
743,1712366505.439265,723.90875332,4819000.0,-4.0142414423242274e-13,4842000.0,ASK
744,1712366505.444015,723.97288781,4818000.0,-7.184598656370149e-13,4842000.0,ASK
745,1712366505.4473004,723.99392579,4818000.0,-2.356757539371353e-13,4842000.0,ASK
746,1712366505.4509723,724.02093184,4819000.0,-3.025324291866873e-13,4842000.0,ASK
747,1712366505.4543328,724.24294809,4816000.0,-2.487113644221919e-12,4842000.0,ASK
748,1712366510.8787985,724.2470966,4821000.0,4.647324609811928e-14,4842000.0,BID
749,1712366511.581467,724.24834244,4821000.0,1.3956391311794292e-14,4842000.0,BID
750,1712366512.058813,724.30758029,4821000.0,6.636057720525737e-13,4842000.0,BID
751,1712366512.0665925,724.50984014,4821000.0,2.2657946551807352e-12,4842000.0,BID
752,1712366516.101772,724.53058272,4821000.0,2.323665665652487e-13,4842000.0,BID
753,1712366517.875061,724.53971822,4821000.0,1.0233947603818113e-13,4842000.0,BID
754,1712366519.8291166,724.54096277,4821000.0,1.3941940221461132e-14,4842000.0,BID
755,1712366520.050953,724.54096277,4821000.0,0.0,4842000.0,BID
756,1712366520.298747,724.56170535,4821000.0,2.3235050987057565e-13,4842000.0,BID
757,1712366521.4189515,725.56170535,4815000.0,-1.1201620525028951e-11,4842000.0,ASK
758,1712366521.4223545,725.56650502,4815000.0,-5.37640819854917e-14,4842000.0,ASK
759,1712366521.425318,725.56850502,4819000.0,-2.240324104952814e-14,4842000.0,ASK
760,1712366521.428264,725.69129421,4815000.0,-1.375437910956225e-12,4842000.0,ASK
761,1712366521.4861238,725.74724116,4815000.0,-6.26696503432998e-13,4842000.0,ASK
762,1712366525.9388056,725.75190403,4816000.0,-5.2231700296952134e-14,4842000.0,ASK
763,1712366528.7088697,725.77267247,4816000.0,-2.32640183776647e-13,4842000.0,ASK
764,1712366530.0494895,725.83108574,4816000.0,-6.54323284166884e-13,4842000.0,ASK
765,1712366530.05262,726.80669284,4816000.0,-1.0928380515723232e-11,4842000.0,ASK
766,1712366543.100031,727.77267247,4816000.0,1.0820537250167791e-11,4842000.0,BID
767,1712366543.1064546,727.79584085,4816000.0,2.595234009398443e-13,4842000.0,BID
768,1712366546.8290074,727.82073798,4815000.0,-2.788882024223072e-13,4842000.0,ASK
769,1712366547.5688658,727.8248908,4816000.0,4.6518313749405536e-14,4842000.0,BID
770,1712366548.7987523,727.84563338,4815000.0,-2.3235050986930217e-13,4842000.0,ASK
771,1712366550.0486574,727.84563338,4815000.0,-0.0,4842000.0,ASK
772,1712366550.2301986,727.94048107,4816000.0,1.0622584680386716e-12,4842000.0,BID
773,1712366552.298848,727.96122365,4815000.0,-2.3230909739484685e-13,4842000.0,ASK
774,1712366553.3588731,727.96537647,4816000.0,4.651002266159626e-14,4842000.0,BID
775,1712366555.9544835,727.97575852,4816000.0,1.162750566520808e-13,4842000.0,BID
776,1712366556.6689005,728.05216663,4816000.0,8.55742104781614e-13,4842000.0,BID
777,1712366556.676379,728.07051139,4816000.0,2.054544149058013e-13,4842000.0,BID
778,1712366558.541808,728.13177013,4816000.0,6.860748565021806e-13,4842000.0,BID
779,1712366559.7293425,728.90742013,4815000.0,-8.686988378249305e-12,4842000.0,ASK
780,1712366559.7355497,728.90900064,4815000.0,-1.7701117774989077e-14,4842000.0,ASK
781,1712366559.741558,728.91003948,4814000.0,-1.1634617426251311e-14,4842000.0,ASK
782,1712366559.746915,729.17784009,4815000.0,-2.999266146790311e-12,4842000.0,ASK
783,1712366559.7503445,729.19859207,4814000.0,-2.324143738614741e-13,4842000.0,ASK
784,1712366559.7538352,730.19859207,4812000.0,-1.119962402919982e-11,4842000.0,ASK
785,1712366559.7573164,730.19997255,4814000.0,-1.546085697945072e-14,4842000.0,ASK
786,1712366559.7608294,730.23490279,4813000.0,-3.9120555524965204e-13,4842000.0,ASK
787,1712366559.764351,730.25567553,4814000.0,-2.326468780561408e-13,4842000.0,ASK
788,1712366559.7678733,730.35567553,4813000.0,-1.1199624029202365e-12,4842000.0,ASK
789,1712366559.7716794,731.24401309,4812000.0,-9.94904668301638e-12,4842000.0,ASK
790,1712366559.77523,731.24505215,4813000.0,-1.1637081344219071e-14,4842000.0,ASK
791,1712366559.7788613,731.24705215,4812000.0,-2.239924805786997e-14,4842000.0,ASK
792,1712366559.7824304,731.45473646,4815000.0,-2.325986188764952e-12,4842000.0,ASK
793,1712366559.7859795,731.81149242,4813000.0,-3.995532622176102e-12,4842000.0,ASK
794,1712366559.789513,731.81525247,4814000.0,-4.211114633079773e-14,4842000.0,ASK
795,1712366559.7930615,732.85432146,4812000.0,-1.163718202840075e-11,4842000.0,ASK
796,1712366559.7966063,732.87509852,4813000.0,-2.326952604321303e-13,4842000.0,ASK
797,1712366560.5688274,732.87925134,4816000.0,4.6510022660323024e-14,4842000.0,BID
798,1712366561.8286495,732.90071084,4817000.0,2.403383318545211e-13,4842000.0,BID
799,1712366561.8386548,732.92077512,4816000.0,2.247123924170676e-13,4842000.0,BID
800,1712366562.4587965,732.95010019,4818000.0,3.284297586289976e-13,4842000.0,BID
801,1712366562.462305,733.95824069,4817000.0,1.1290794568610432e-11,4842000.0,BID
802,1712366575.2687354,733.96239265,4817000.0,4.650039098365676e-14,4842000.0,BID
803,1712366575.41931,734.05732381,4816000.0,-1.0631933006556712e-12,4842000.0,ASK
804,1712366580.0740037,734.05732381,4816000.0,-0.0,4842000.0,ASK
805,1712366588.7688336,734.16234536,4816000.0,-1.1758081076670213e-12,4842000.0,ASK
806,1712366591.018874,734.18310516,4817000.0,2.324241182259624e-13,4842000.0,BID
807,1712366599.8838773,734.29175334,4817000.0,1.2164114024906894e-12,4842000.0,BID
808,1712366603.509019,734.29524615,4817000.0,3.9105062880443853e-14,4842000.0,BID
1008,1712366603.509019,734.29524615,4817000.0,3.910506288044385e-14,4842000.0,BID
809,1712366603.5146787,735.56726469,4819000.0,1.4241360105939012e-11,4842000.0,BID
810,1712366603.5199325,735.79175334,4817000.0,2.5133467821517258e-12,4842000.0,BID
811,1712366610.0687752,735.79175334,4817000.0,0.0,4842000.0,BID
812,1712366615.1387978,735.80213324,4817000.0,-1.1620118663188854e-13,4842000.0,ASK
813,1712366618.424724,735.80420922,4817000.0,2.3240237326123162e-14,4842000.0,BID
1013,1712366618.424724,735.80420922,4817000.0,2.324023732612316e-14,4842000.0,BID
814,1712366622.65886,735.80624368,4817000.0,2.2775428102022628e-14,4842000.0,BID
815,1712366624.7488272,735.81061964,4817000.0,4.8988115941579656e-14,4842000.0,BID
816,1712366629.608714,735.81223765,4817000.0,1.8113342323579354e-14,4842000.0,BID
817,1712366631.8293898,735.82434786,4817000.0,1.3557170804713424e-13,4842000.0,BID
818,1712366634.16876,735.83908732,4817000.0,1.650057074071829e-13,4842000.0,BID
819,1712366635.968739,735.8499859,4817000.0,1.2200771959324237e-13,4842000.0,BID
820,1712366640.0762804,735.8499859,4817000.0,0.0,4842000.0,BID
821,1712366641.7688456,735.85621384,4817000.0,6.97204930420325e-14,4842000.0,BID
822,1712366648.0389855,736.12811297,4817000.0,3.043854212019208e-12,4842000.0,BID
823,1712366661.7988153,736.23441356,4817000.0,1.1900129971428198e-12,4842000.0,BID
824,1712366662.4787333,736.2951708,4817000.0,6.801646657892118e-13,4842000.0,BID
825,1712366669.5688057,736.92173006,4817000.0,7.0142006067864136e-12,4842000.0,BID
826,1712366670.05019,736.92173006,4817000.0,0.0,4842000.0,BID
827,1712366673.0888922,736.93418594,4817000.0,1.394329276779947e-13,4842000.0,BID
828,1712366674.3087573,736.94456584,4817000.0,1.161941063974805e-13,4842000.0,BID
829,1712366680.5829566,736.98958512,4816000.0,-5.039523512049882e-13,4842000.0,ASK
830,1712366681.1888418,737.04143276,4817000.0,5.803900036255841e-13,4842000.0,BID
831,1712366688.755214,740.16521568,4817000.0,3.4968079169353e-11,4842000.0,BID
832,1712366691.4823475,742.10476281,4817000.0,2.171157194064384e-11,4842000.0,BID
833,1712366691.4886067,742.14230006,4817000.0,4.201974219771678e-13,4842000.0,BID
834,1712366691.9888844,742.16305986,4817000.0,-2.32388212794961e-13,4842000.0,ASK
835,1712366694.9209657,742.20455363,4820000.0,4.644872808237714e-13,4842000.0,BID
836,1712366694.938759,742.31320181,4817000.0,-1.2162234883619198e-12,4842000.0,ASK
837,1712366695.4188952,742.33394869,4820000.0,2.3224358444175225e-13,4842000.0,BID
838,1712366700.069354,742.33394869,4820000.0,0.0,4842000.0,BID
839,1712366700.079268,742.50724893,4817000.0,-1.9546761565772007e-12,4842000.0,ASK
840,1712366705.7987576,742.52913874,4819000.0,2.4689804052869573e-13,4842000.0,BID
841,1712366708.4687989,742.67436695,4819000.0,1.638048045113044e-12,4842000.0,BID
842,1712366711.9142835,742.82568141,4819000.0,1.7066956578219682e-12,4842000.0,BID
843,1712366712.6887848,742.86913693,4819000.0,4.901405146099304e-13,4842000.0,BID
844,1712366712.90876,743.37844693,4820000.0,5.74457434858153e-12,4842000.0,BID
845,1712366712.9156022,743.94981659,4820000.0,6.444553400469927e-12,4842000.0,BID
846,1712366713.7912471,743.99051749,4819000.0,-4.590707940241501e-13,4842000.0,ASK
847,1712366714.008767,744.39051749,4818000.0,-4.511652509144443e-12,4842000.0,ASK
848,1712366714.02497,746.06504086,4817000.0,-1.888716890970456e-11,4842000.0,ASK
849,1712366714.0281649,746.82190115,4819000.0,-8.536726566127081e-12,4842000.0,ASK
850,1712366718.314806,747.42070483,4817000.0,-6.753985313392094e-12,4842000.0,ASK
851,1712366719.5988483,747.42154506,4817000.0,-9.477064469332734e-15,4842000.0,ASK
852,1712366719.6051812,747.54547786,4817000.0,-1.3978543202137058e-12,4842000.0,ASK
853,1712366721.7088468,747.61009507,4820000.0,7.288259940766533e-13,4842000.0,BID
854,1712366724.1787872,747.61429854,4817000.0,-4.74114899314584e-14,4842000.0,ASK
1055,1712366728.1593006,747.62775224,4819000.0,1.5174604840457199e-13,4842000.0,BID
855,1712366728.1593006,747.62775224,4819000.0,1.51746048404572e-13,4842000.0,BID
856,1712366729.6442451,747.69698783,4819000.0,7.809173083647343e-13,4842000.0,BID
857,1712366729.6491897,747.71753529,4820000.0,2.3175749866375024e-13,4842000.0,BID
858,1712366729.6987555,747.71859294,4821000.0,1.1929373190821356e-14,4842000.0,BID
859,1712366730.0687764,747.71859294,4821000.0,0.0,4842000.0,BID
860,1712366735.1489367,747.79909294,4820000.0,-9.0770444751646e-13,4842000.0,ASK
861,1712366738.278803,747.88213217,4821000.0,9.363363775063453e-13,4842000.0,BID
862,1712366738.9245172,747.88420642,4821000.0,2.3388893792932048e-14,4842000.0,BID
863,1712366742.188836,747.9215598,4820000.0,-4.211904242940238e-13,4842000.0,ASK
864,1712366742.9823143,747.93963394,4821000.0,2.038009597899385e-13,4842000.0,BID
865,1712366749.4990337,747.9811191,4821000.0,4.67779679973907e-13,4842000.0,BID
866,1712366757.4492538,748.27161987,4821000.0,3.2756377756006905e-12,4842000.0,BID
867,1712366757.4566145,748.78221741,4821000.0,5.757411899985594e-12,4842000.0,BID
868,1712366760.0491786,748.78221741,4821000.0,0.0,4842000.0,BID
869,1712366764.760158,749.32364719,4821000.0,6.104718084104998e-12,4842000.0,BID
870,1712366764.819134,749.42730828,4821000.0,1.1687974214153518e-12,4842000.0,BID
871,1712366766.0091686,749.42840828,4821000.0,1.2402697709421826e-14,4842000.0,BID
872,1712366767.9994507,749.43877957,4821000.0,1.1693815884730297e-13,4842000.0,BID
1073,1712366776.669143,749.45743281,4819000.0,-2.103186336655937e-13,4842000.0,ASK
873,1712366776.669143,749.45743281,4819000.0,-2.1031863366559372e-13,4842000.0,ASK
874,1712366779.8191268,750.01864867,4820000.0,6.327809692382748e-12,4842000.0,BID
875,1712366784.0592122,750.02916301,4819000.0,-1.185510733100899e-13,4842000.0,ASK
876,1712366786.231964,750.08080761,4820000.0,5.823021474103392e-13,4842000.0,BID
877,1712366786.4892251,750.10154412,4820000.0,2.338078773544329e-13,4842000.0,BID
878,1712366788.081199,750.12240808,4819000.0,-2.3524489901223893e-13,4842000.0,ASK
879,1712366790.051678,750.12240808,4819000.0,-0.0,4842000.0,ASK
880,1712366792.3891735,750.1638811,4820000.0,4.675816954354242e-13,4842000.0,BID
881,1712366796.7991462,750.18461761,4820000.0,2.337908477177121e-13,4842000.0,BID
882,1712366797.2591703,750.19106387,4820000.0,7.267744620475375e-14,4842000.0,BID
883,1712366799.2790403,750.81954267,4819000.0,-7.085695298995655e-12,4842000.0,ASK
884,1712366799.998374,750.84042984,4819000.0,-2.354894425679472e-13,4842000.0,ASK
885,1712366801.6492538,750.9026705,4820000.0,7.0172351393343e-13,4842000.0,BID
886,1712366810.8291228,750.91304394,4820000.0,1.169538814072529e-13,4842000.0,BID
887,1712366813.1392372,750.93379082,4820000.0,2.339077628157876e-13,4842000.0,BID
888,1712366817.6191168,750.94416212,4820000.0,1.1692975428015578e-13,4842000.0,BID
889,1712366817.62474,751.15720712,4820000.0,2.4019457060034344e-12,4842000.0,BID
890,1712366820.0960865,751.15720712,4820000.0,0.0,4842000.0,BID
891,1712366824.779191,751.16114902,4820000.0,4.4439895076265455e-14,4842000.0,BID
892,1712366831.5721614,751.17728274,4820000.0,1.8188711635832058e-13,4842000.0,BID
893,1712366835.3497672,751.18765833,4819000.0,-1.1697154441837558e-13,4842000.0,ASK
894,1712366835.3575752,751.49118139,4817000.0,-3.4218353939295586e-12,4842000.0,ASK
895,1712366835.360988,751.65124959,4819000.0,-1.8045648070458841e-12,4842000.0,ASK
896,1712366835.364344,752.65124959,4819000.0,-1.1273724618913108e-11,4842000.0,ASK
897,1712366835.367756,752.72476075,4817000.0,-8.287445742563275e-13,4842000.0,ASK
898,1712366835.3738182,753.76167871,4820000.0,-1.168992753344496e-11,4842000.0,ASK
899,1712366835.3772066,753.7731543,4819000.0,-1.2937264149991214e-13,4842000.0,ASK
900,1712366835.3806565,753.77523028,4817000.0,-2.3404026834059323e-14,4842000.0,ASK
901,1712366846.093136,753.79789189,4820000.0,2.554807505612088e-13,4842000.0,BID
902,1712366848.8591683,753.80651573,4820000.0,9.722279731803129e-14,4842000.0,BID
903,1712366850.062294,753.80651573,4820000.0,0.0,4842000.0,BID
904,1712366850.8198316,753.88297044,4820000.0,8.6180530192306e-13,4842000.0,BID
905,1712366851.2691257,753.88504512,4820000.0,2.3386004914056307e-14,4842000.0,BID
906,1712366854.2693791,753.97185814,4821000.0,9.78565230473894e-13,4842000.0,BID
907,1712366854.277182,754.17932702,4820000.0,2.33861041089544e-12,4842000.0,BID
1107,1712366854.277182,754.17932702,4820000.0,2.3386104108954398e-12,4842000.0,BID
908,1712366854.283023,754.27898105,4820000.0,1.123310407063222e-12,4842000.0,BID
1109,1712366869.856684,754.28105573,4820000.0,2.3386004915337802e-14,4842000.0,BID
909,1712366869.856684,754.28105573,4820000.0,2.33860049153378e-14,4842000.0,BID
910,1712366876.109197,754.67120354,4817000.0,-4.397785972787898e-12,4842000.0,ASK
911,1712366876.119131,754.67230354,4817000.0,-1.2399312379462808e-14,4842000.0,ASK
912,1712366876.1227374,759.21437533,4817000.0,-5.119869724621031e-11,4842000.0,ASK
913,1712366880.0496342,759.21437533,4817000.0,-0.0,4842000.0,ASK
914,1712366894.0290906,759.35942353,4819000.0,1.6345181502564429e-12,4842000.0,BID
915,1712366903.2412388,759.36149864,4819000.0,2.3383985178087845e-14,4842000.0,BID
916,1712366904.8690312,759.38230207,4819000.0,2.34429547713194e-13,4842000.0,BID
917,1712366906.8990824,759.38437718,4819000.0,2.338398517680673e-14,4842000.0,BID
918,1712366908.9991148,759.38645229,4819000.0,2.338398517680673e-14,4842000.0,BID
919,1712366910.049064,759.38645229,4819000.0,0.0,4842000.0,BID
920,1712366911.4906392,759.43835181,4817000.0,-5.848394860103302e-13,4842000.0,ASK
921,1712366911.5023174,759.64586374,4817000.0,-2.338387146590229e-12,4842000.0,ASK
922,1712366911.5490448,759.65170053,4816000.0,-6.577296405715522e-14,4842000.0,ASK
923,1712366911.5633764,761.92531268,4816000.0,-2.5620625416048645e-11,4842000.0,ASK
924,1712366911.570033,762.13612308,4816000.0,-2.375556575119747e-12,4842000.0,ASK
925,1712366912.3020904,762.13871788,4815000.0,-2.9239991011433963e-14,4842000.0,ASK
926,1712366912.3084085,762.34640219,4815000.0,-2.340329642988149e-12,4842000.0,ASK
927,1712366912.31187,770.11985043,4815000.0,-8.759656107048676e-11,4842000.0,ASK
928,1712366912.7046149,770.37926188,4816000.0,2.9232266325992783e-12,4842000.0,BID
929,1712366912.7082367,771.36481648,4816000.0,1.1105907062320552e-11,4842000.0,BID
930,1712366913.678877,771.36689332,4815000.0,-2.3403261497908155e-14,4842000.0,ASK
931,1712366913.6991107,771.38766606,4814000.0,-2.3408152107409425e-13,4842000.0,ASK
932,1712366913.7057252,771.44167519,4814000.0,-6.08612022404569e-13,4842000.0,ASK
933,1712366928.4991229,771.64820141,4813000.0,-2.3272794883737284e-12,4842000.0,ASK
934,1712366933.399154,772.14167519,4813000.0,-5.560801946815037e-12,4842000.0,ASK
935,1712366933.4053063,772.16618961,4813000.0,-2.762453447085436e-13,4842000.0,ASK
936,1712366933.4112823,772.34885565,4813000.0,-2.05840656994846e-12,4842000.0,ASK
937,1712366934.3390708,772.35301106,4813000.0,4.6826017823178486e-14,4842000.0,BID
938,1712366940.0832837,772.35301106,4813000.0,0.0,4842000.0,BID
939,1712366950.4185688,772.35508876,4813000.0,2.3396491367943063e-14,4842000.0,BID
940,1712366952.269152,772.45897957,4813000.0,1.1698899934576558e-12,4842000.0,BID
941,1712366954.7790651,772.62944206,4813000.0,1.919538035277115e-12,4842000.0,BID
942,1712366960.279009,772.63272618,4813000.0,3.6981703437481565e-14,4842000.0,BID
943,1712366962.3891618,773.25603804,4813000.0,7.018968355499179e-12,4842000.0,BID
944,1712366964.879017,773.36078975,4813000.0,1.1795843860151716e-12,4842000.0,BID
945,1712366970.068869,773.36078975,4813000.0,0.0,4842000.0,BID
946,1712366970.3663378,773.38156681,4813000.0,2.3395281090737933e-13,4842000.0,BID
947,1712366974.1192114,773.38364494,4812000.0,-2.3400055394003328e-14,4842000.0,ASK
948,1712366974.1271017,773.39165832,4812000.0,-9.023186032516297e-14,4842000.0,ASK
949,1712366985.839152,773.39611375,4812000.0,-5.0168809846183454e-14,4842000.0,ASK
950,1712366985.846972,773.43776138,4812000.0,-4.689585584349766e-13,4842000.0,ASK
951,1712366994.1889472,773.70056138,4813000.0,2.9591674041684066e-12,4842000.0,BID
952,1712366997.6420798,773.88516001,4812000.0,-2.078608252475228e-12,4842000.0,ASK
953,1712366999.449093,774.09293063,4813000.0,2.339528334275689e-12,4842000.0,BID
954,1712367000.0944688,774.09293063,4813000.0,0.0,4842000.0,BID
955,1712367000.2682626,774.13598687,4812000.0,-4.872606117308619e-13,4842000.0,ASK
1156,1712367000.2720752,774.138065,4812000.0,-2.3517866284691772e-14,4842000.0,ASK
956,1712367000.2720752,774.138065,4812000.0,-2.351786628469177e-14,4842000.0,ASK
957,1712367000.2756915,774.35026871,4811000.0,-2.401475594386431e-12,4842000.0,ASK
958,1712367002.1093142,774.41102595,4811000.0,-6.875800099917353e-13,4842000.0,ASK
959,1712367003.0693517,774.43407294,4813000.0,2.6081911578777645e-13,4842000.0,BID
960,1712367003.5441575,774.43572826,4813000.0,1.8732992844609936e-14,4842000.0,BID
961,1712367003.6390817,774.43687099,4813000.0,1.2932093439363492e-14,4842000.0,BID
962,1712367003.6589966,774.44652301,4813000.0,1.092303733354496e-13,4842000.0,BID
963,1712367003.9190304,774.44806719,4813000.0,1.7475239162076355e-14,4842000.0,BID
964,1712367004.2991612,774.44930925,4813000.0,1.4056195233303807e-14,4842000.0,BID
965,1712367004.309192,774.45181636,4813000.0,2.8372564632320362e-14,4842000.0,BID
1165,1712367004.309192,774.45181636,4813000.0,2.837256463232036e-14,4842000.0,BID
966,1712367004.427788,774.45295909,4813000.0,1.2932093440650066e-14,4842000.0,BID
967,1712367004.6991284,774.47350458,4813000.0,2.325100386310105e-13,4842000.0,BID
968,1712367004.7808096,774.48059404,4813000.0,8.023028988190088e-14,4842000.0,BID
969,1712367004.798816,774.50541084,4813000.0,2.808477737293703e-13,4842000.0,BID
970,1712367005.0991735,774.51389307,4813000.0,9.599204618539993e-14,4842000.0,BID
971,1712367005.1990745,774.58873899,4813000.0,8.47019358047214e-13,4842000.0,BID
972,1712367005.283826,774.58988172,4813000.0,1.2932093439363492e-14,4842000.0,BID
973,1712367005.5591316,774.59102445,4813000.0,1.2932093439363492e-14,4842000.0,BID
974,1712367005.5789497,774.59356332,4813000.0,2.873198749688069e-14,4842000.0,BID
975,1712367005.639001,774.62438601,4813000.0,3.488154744709181e-13,4842000.0,BID
976,1712367005.658994,774.62681378,4813000.0,2.7474686488336544e-14,4842000.0,BID
977,1712367005.6688185,774.64367826,4813000.0,1.9085263463096413e-13,4842000.0,BID
978,1712367006.3906488,774.64603167,4813000.0,2.66331662084334e-14,4842000.0,BID
979,1712367006.409294,774.65084468,4813000.0,5.4468067738238617e-14,4842000.0,BID
980,1712367006.608989,774.65252385,4813000.0,1.900289949594911e-14,4842000.0,BID
981,1712367007.449079,774.65464311,4813000.0,2.3983327946361967e-14,4842000.0,BID
982,1712367007.8135686,774.65672081,4813000.0,2.3513000043165145e-14,4842000.0,BID
983,1712367008.269042,774.67749787,4813000.0,2.351306794452087e-13,4842000.0,BID
984,1712367008.5989475,774.68566882,4813000.0,9.246933999410229e-14,4842000.0,BID
985,1712367008.8189762,775.72452192,4813000.0,1.175653510394412e-11,4842000.0,BID
986,1712367009.0590727,775.73453117,4813000.0,1.1327308835911353e-13,4842000.0,BID
987,1712367010.7790334,775.7356739,4813000.0,1.2932093440650066e-14,4842000.0,BID
988,1712367010.9590173,775.74398472,4813000.0,9.405222650965529e-14,4842000.0,BID
989,1712367011.209024,775.74606242,4813000.0,2.3513000044451714e-14,4842000.0,BID
990,1712367011.9090934,775.76683948,4813000.0,2.351306794452087e-13,4842000.0,BID
991,1712367013.0091195,775.80838375,4812000.0,-4.701498880080075e-13,4842000.0,ASK
992,1712367013.0167882,776.38763615,4811000.0,-6.5553071696518135e-12,4842000.0,ASK
993,1712367013.0232584,776.38971471,4811000.0,-2.352273252621841e-14,4842000.0,ASK
994,1712367014.679007,776.45038601,4813000.0,6.866074406973916e-13,4842000.0,BID
995,1712367015.4390545,776.49214606,4813000.0,4.725918359076883e-13,4842000.0,BID
996,1712367016.5895584,776.50214606,4811000.0,-1.1316840758268541e-13,4842000.0,ASK
997,1712367016.5981128,776.56038748,4811000.0,-6.591088756766978e-13,4842000.0,ASK
998,1712367016.6021333,777.55779597,4811000.0,-1.1287513052285319e-11,4842000.0,ASK
1198,1712367016.6021333,777.55779597,4811000.0,-1.128751305228532e-11,4842000.0,ASK
999,1712367016.605872,777.55996744,4810000.0,-2.4574180201464638e-14,4842000.0,ASK
1000,1712367016.6096466,778.55996744,4811000.0,-1.1316840758278827e-11,4842000.0,ASK
1201,1712367016.6175497,778.58243497,4810000.0,-2.542614592415321e-13,4842000.0,ASK
1202,1712367016.6187706,778.58451397,4810000.0,-2.3527711936242416e-14,4842000.0,ASK
1203,1712367016.6199737,778.59451397,4811000.0,-1.1316840758268541e-13,4842000.0,ASK
1204,1712367016.621193,778.91399904,4810000.0,-3.6155616618380363e-12,4842000.0,ASK
1205,1712367016.622428,779.57043963,4810000.0,-7.42883362430047e-12,4842000.0,ASK
1206,1712367016.769074,779.60417745,4813000.0,3.818055364708192e-13,4842000.0,BID
1207,1712367016.8890114,779.60893343,4813000.0,5.3822668309866694e-14,4842000.0,BID
1208,1712367018.029058,779.62165867,4813000.0,1.4400951469098034e-13,4842000.0,BID
1209,1712367018.2328637,779.63059391,4813000.0,1.0111868821732008e-13,4842000.0,BID
1210,1712367018.2341738,779.65081262,4813000.0,2.288119214077592e-13,4842000.0,BID
1211,1712367018.2889843,779.65289032,4813000.0,2.3513000043165145e-14,4842000.0,BID
1212,1712367019.2390747,779.65655446,4813000.0,4.146648889682047e-14,4842000.0,BID
1213,1712367019.6189976,779.68115506,4813000.0,2.784010727579468e-13,4842000.0,BID
1214,1712367019.6790023,779.69154359,4813000.0,1.1756533972260437e-13,4842000.0,BID
1215,1712367027.1690135,779.69454359,4813000.0,3.3950522274033666e-14,4842000.0,BID
1216,1712367027.3090713,780.26936947,4813000.0,6.505212947698045e-12,4842000.0,BID
1217,1712367027.3118544,780.27871456,4813000.0,1.0575689540190517e-13,4842000.0,BID
1218,1712367028.4389255,780.3069856,4813000.0,3.199388577502065e-13,4842000.0,BID
1219,1712367029.6390374,780.73078932,4813000.0,4.796119212006456e-12,4842000.0,BID
1220,1712367030.043427,780.73078932,4813000.0,0.0,4842000.0,BID
1221,1712367030.7506182,780.8553273,4813000.0,1.4088672540069789e-12,4842000.0,BID
1222,1712367035.769118,780.930524,4810000.0,-8.506816012220849e-13,4842000.0,ASK
1223,1712367036.4319472,780.93467941,4813000.0,4.7009121843041696e-14,4842000.0,BID
1224,1712367042.7455375,780.93611584,4813000.0,1.6249976028923886e-14,4842000.0,BID
1225,1712367048.87906,781.47029659,4813000.0,6.043054226476388e-12,4842000.0,BID
1226,1712367048.889017,782.26131303,4813000.0,8.948572633802823e-12,4842000.0,BID
1227,1712367048.8918087,783.07582014,4813000.0,9.214316752485992e-12,4842000.0,BID
1228,1712367051.9818258,783.08582014,4813000.0,1.1312751772636293e-13,4842000.0,BID
1229,1712367056.2732031,783.29359076,4813000.0,2.3504574497090968e-12,4842000.0,BID
1230,1712367057.61912,783.94234887,4811000.0,-7.339239458921535e-12,4842000.0,ASK
1231,1712367057.6220028,784.04234887,4811000.0,-1.1312751772636289e-12,4842000.0,ASK
1232,1712367060.0690837,784.04234887,4811000.0,-0.0,4842000.0,ASK
1233,1712367061.8869455,784.24980591,4813000.0,2.346486950730412e-12,4842000.0,BID
1234,1712367072.3989642,784.62418496,4812000.0,-4.2344938279840975e-12,4842000.0,ASK
1235,1712367073.410512,784.66571831,4813000.0,4.697717840529086e-13,4842000.0,BID
1236,1712367074.752637,784.66779601,4813000.0,2.3500267513061684e-14,4842000.0,BID
1237,1712367078.2790098,784.67558221,4813000.0,8.80674702382022e-14,4842000.0,BID
1238,1712367078.4191298,784.87861188,4811000.0,-2.296410241204786e-12,4842000.0,ASK
1239,1712367078.4217672,785.52317288,4811000.0,-7.290444206904589e-12,4842000.0,ASK
1240,1712367078.4244163,785.56433507,4812000.0,-4.655736999743913e-13,4842000.0,ASK
1241,1712367078.4289002,785.57558221,4811000.0,-1.2721316781099e-13,4842000.0,ASK
1242,1712367079.4491498,785.57766034,4812000.0,-2.3505131119468745e-14,4842000.0,ASK
1243,1712367079.452562,786.18403086,4811000.0,-6.858482664592406e-12,4842000.0,ASK
1244,1712367080.6687963,786.21403086,4813000.0,3.39321377196192e-13,4842000.0,BID
1245,1712367086.698938,786.21610899,4812000.0,2.3505131119468745e-14,4842000.0,BID
1246,1712367090.068894,786.21610899,4812000.0,0.0,4842000.0,BID
1247,1712367090.4015107,786.83955038,4812000.0,7.050732279174472e-12,4842000.0,BID
1248,1712367092.8206367,786.86032744,4812000.0,2.34975556576919e-13,4842000.0,BID
1249,1712367093.429406,787.53841472,4812000.0,7.668743124663758e-12,4842000.0,BID
1250,1712367106.607422,787.64232161,4812000.0,1.1751219522837862e-12,4842000.0,BID
1251,1712367110.2313108,787.7462285,4812000.0,1.175121952285072e-12,4842000.0,BID
1252,1712367115.5441723,787.75011669,4812000.0,4.3972997590914687e-14,4842000.0,BID
1253,1712367120.0488975,787.75011669,4812000.0,0.0,4842000.0,BID
1254,1712367122.339326,787.75219482,4812000.0,2.350038897771991e-14,4842000.0,BID
1255,1712367123.168882,787.75427295,4812000.0,2.350038897771991e-14,4842000.0,BID
1256,1712367126.318921,787.81659756,4812000.0,7.047935297139506e-13,4842000.0,BID
1257,1712367126.378984,788.29803299,4812000.0,5.444279170603312e-12,4842000.0,BID
1258,1712367126.3820157,788.38931489,4812000.0,1.0322550353702244e-12,4842000.0,BID
1259,1712367129.829281,788.39045786,4812000.0,-1.2925196974507998e-14,4842000.0,ASK
1260,1712367129.9089792,788.5568034,4812000.0,1.8811070023347792e-12,4842000.0,BID
1261,1712367129.989299,788.73265095,4812000.0,1.988559823414592e-12,4842000.0,BID
1262,1712367129.9925673,788.73389524,4812000.0,1.4070967168816656e-14,4842000.0,BID
1263,1712367130.9126663,788.74258028,4816000.0,9.821417249553817e-14,4842000.0,BID
1264,1712367130.918825,788.76333147,4816000.0,2.346633929341796e-13,4842000.0,BID
1265,1712367130.9207706,788.92967701,4813000.0,1.8811070023334936e-12,4842000.0,BID
1266,1712367139.089604,788.93141843,4817000.0,1.969272729561333e-14,4842000.0,BID
1267,1712367139.0910585,788.94005512,4818000.0,9.766740987461393e-14,4842000.0,BID
1268,1712367142.2612872,788.94111312,4818000.0,1.1964319622656087e-14,4842000.0,BID
1269,1712367146.1888735,789.97721843,4818000.0,1.1716725039917212e-11,4842000.0,BID
1270,1712367146.198812,789.97940635,4819000.0,2.4741941578444172e-14,4842000.0,BID
1271,1712367147.0893755,789.9814819,4818000.0,-2.3471213226650185e-14,4842000.0,ASK
1272,1712367150.0488255,789.9814819,4818000.0,-0.0,4842000.0,ASK
1273,1712367153.3995605,789.98355701,4819000.0,2.346338678894656e-14,4842000.0,BID
1274,1712367154.0691752,790.00004517,4819000.0,1.8643256285371257e-13,4842000.0,BID
1275,1712367154.072368,795.99257263,4819000.0,6.775784880419827e-11,4842000.0,BID
1276,1712367154.469248,796.3683569,4819000.0,-4.249014112928551e-12,4842000.0,ASK
1277,1712367154.832631,796.5703569,4819000.0,-2.2840254883784688e-12,4842000.0,ASK
1278,1712367158.078867,802.95773043,4819000.0,-7.2222395773832e-11,4842000.0,ASK
1279,1712367172.0789506,802.9618867,4812000.0,-4.6995181270967484e-14,4842000.0,ASK
1280,1712367172.0818725,802.96836501,4812000.0,-7.325061961106637e-14,4842000.0,ASK
1281,1712367180.0688455,802.96836501,4812000.0,-0.0,4842000.0,ASK
1282,1712367184.3150632,802.97047999,4818000.0,2.389728852489353e-14,4842000.0,BID
1283,1712367197.299024,802.99953726,4817000.0,3.283198729734616e-13,4842000.0,BID
1284,1712367200.409263,803.06047999,4817000.0,6.885956379315281e-13,4842000.0,BID
1285,1712367200.4131737,803.11137999,4818000.0,5.751222167235168e-13,4842000.0,BID
1286,1712367200.4688213,803.22336678,4818000.0,-1.2653455974151653e-12,4842000.0,ASK
1287,1712367200.549374,803.37295162,4818000.0,-1.6901682665797306e-12,4842000.0,ASK
1288,1712367204.469163,803.51423838,4818000.0,-1.596407752550355e-12,4842000.0,ASK
1289,1712367204.4722314,803.51423839,4818000.0,-1.1298941740173993e-19,4842000.0,ASK
1290,1712367207.7189426,803.52260469,4818000.0,9.453133598795813e-14,4842000.0,BID
1291,1712367210.0689597,803.52260469,4818000.0,0.0,4842000.0,BID
1292,1712367214.1293552,803.54336449,4817000.0,-2.3455917444602213e-13,4842000.0,ASK
1293,1712367214.133315,803.66777866,4812000.0,-1.405720912748447e-12,4842000.0,ASK
1294,1712367214.1370742,804.56173023,4812000.0,-1.0100508783961213e-11,4842000.0,ASK
1295,1712367214.1394534,804.60328435,4813000.0,-4.69508380716619e-13,4842000.0,ASK
1296,1712367226.5690024,804.60473693,4819000.0,1.6412295186391108e-14,4842000.0,BID
1297,1712367232.3990042,804.63473693,4813000.0,-3.3896161010121017e-13,4842000.0,ASK
1298,1712367234.8289273,804.64465654,4813000.0,-1.1207889923884769e-13,4842000.0,ASK
1299,1712367240.0770764,804.64465654,4813000.0,-0.0,4842000.0,ASK
1300,1712367243.538862,804.65503213,4819000.0,1.1722373820554865e-13,4842000.0,BID
1301,1712367244.5488455,804.65706574,4819000.0,2.297578896760377e-14,4842000.0,BID
1302,1712367262.518978,804.69232513,4819000.0,3.9836168378438097e-13,4842000.0,BID
1303,1712367270.0488183,804.69232513,4819000.0,0.0,4842000.0,BID
1304,1712367274.9089444,804.74146208,4819000.0,5.551493470691626e-13,4842000.0,BID
1305,1712367280.8529434,805.03792325,4815000.0,-3.34941881733934e-12,4842000.0,ASK
1306,1712367280.8563316,805.03896208,4815000.0,-1.1736703158457836e-14,4842000.0,ASK
1307,1712367284.098956,805.0402563,4819000.0,1.4622099824071452e-14,4842000.0,BID
1308,1712367300.0689256,805.0402563,4819000.0,0.0,4842000.0,BID
1309,1712367307.82295,805.09266915,4815000.0,-5.9709776445263e-13,4842000.0,ASK
1310,1712367307.8264737,805.16313604,4815000.0,-8.027730315552959e-13,4842000.0,ASK
1311,1712367308.058966,805.1633058,4819000.0,1.933940178084898e-15,4842000.0,BID
1312,1712367308.0630374,805.16521115,4819000.0,2.17061317121495e-14,4842000.0,BID
1313,1712367308.379002,805.17890009,4819000.0,1.5594716699622358e-13,4842000.0,BID
1314,1712367309.1990707,805.17993764,4819000.0,1.1819978985358126e-14,4842000.0,BID
1315,1712367313.4391518,805.18974725,4815000.0,-1.117530567620938e-13,4842000.0,ASK
1316,1712367313.442741,805.44117248,4815000.0,-2.8642869594001616e-12,4842000.0,ASK
1317,1712367313.445503,805.46192367,4819000.0,2.364017442052054e-13,4842000.0,BID
1318,1712367314.6790953,805.46933016,4815000.0,-8.437622875759423e-14,4842000.0,ASK
1319,1712367317.608951,805.53365886,4819000.0,7.328455323474771e-13,4842000.0,BID
1320,1712367317.624545,805.67684209,4819000.0,1.6311722514644262e-12,4842000.0,BID
1321,1712367330.0723689,805.67684209,4819000.0,0.0,4842000.0,BID
1322,1712367335.9088805,805.69744975,4819000.0,2.347584213452405e-13,4842000.0,BID
1323,1712367339.939098,806.53695521,4819000.0,9.563481564638299e-12,4842000.0,BID
1324,1712367360.066299,806.53695521,4819000.0,0.0,4842000.0,BID
1325,1712367367.170927,806.54318056,4819000.0,7.091461791843423e-14,4842000.0,BID
1326,1712367378.6092143,806.5846622,4819000.0,4.72528396190013e-13,4842000.0,BID
1327,1712367379.2689,806.6046622,4819000.0,2.2782532040162894e-13,4842000.0,BID
1328,1712367380.6990836,806.60611104,4819000.0,1.6504121860166694e-14,4842000.0,BID
1329,1712367381.1589594,806.60818615,4819000.0,2.363813003184105e-14,4842000.0,BID
1330,1712367381.958892,807.15730228,4819000.0,6.255127912752201e-12,4842000.0,BID
1331,1712367381.9788122,807.24704012,4819000.0,1.0222276075084121e-12,4842000.0,BID
1332,1712367385.198701,807.25741288,4818000.0,1.1815886852251796e-13,4842000.0,BID
1333,1712367390.0522163,807.25741288,4818000.0,0.0,4842000.0,BID
1334,1712367399.388857,807.67252288,4818000.0,4.728441432218405e-12,4842000.0,BID
1335,1712367402.481483,807.69327407,4818000.0,2.363729771966273e-13,4842000.0,BID
1336,1712367410.1088817,807.69534962,4818000.0,2.364220716077475e-14,4842000.0,BID
1337,1712367414.3290782,807.70973117,4818000.0,1.638175830015319e-13,4842000.0,BID
1338,1712367415.9189324,807.75331772,4818000.0,4.96486350382745e-13,4842000.0,BID
1339,1712367420.0734687,807.75331772,4818000.0,0.0,4842000.0,BID
1340,1712367420.6390357,807.78445098,4816000.0,-3.546235699850118e-13,4842000.0,ASK
1341,1712367421.6788278,807.80800586,4817000.0,2.6830199073879894e-13,4842000.0,BID
1342,1712367421.680794,807.86303784,4818000.0,6.268420721432299e-13,4842000.0,BID
1343,1712367426.9588685,807.86926449,4818000.0,7.092469121649122e-14,4842000.0,BID
1344,1712367433.2488625,808.0488039,4816000.0,-2.0450446412411e-12,4842000.0,ASK
1345,1712367434.3918965,808.0695594,4818000.0,2.3641563738657773e-13,4842000.0,BID
1346,1712367434.4488852,808.0903149,4818000.0,2.3641563738657773e-13,4842000.0,BID
1347,1712367439.8144128,808.15256847,4818000.0,7.090996329256186e-13,4842000.0,BID
1348,1712367445.4227269,808.18566421,4818000.0,3.769772092652226e-13,4842000.0,BID
1349,1712367445.4424858,808.38063547,4818000.0,2.2208212138985816e-12,4842000.0,BID
1350,1712367445.4504466,808.42482723,4818000.0,5.033664863605934e-13,4842000.0,BID
1351,1712367445.61879,808.50513886,4818000.0,9.147900650934209e-13,4842000.0,BID
1352,1712367445.6205957,808.5615793,4818000.0,6.428851435523845e-13,4842000.0,BID
1353,1712367447.2989273,808.6383718,4818000.0,8.74705395391815e-13,4842000.0,BID
1354,1712367450.0627906,808.6383718,4818000.0,0.0,4842000.0,BID
1355,1712367451.5202355,808.9429991,4817000.0,3.46969043342924e-12,4842000.0,BID
1356,1712367451.525287,809.2439035,4817000.0,3.427286779802448e-12,4842000.0,BID
1357,1712367451.527131,809.5486908,4817000.0,3.471512825806827e-12,4842000.0,BID
1358,1712367451.6127002,809.62234356,4817000.0,8.38901427309777e-13,4842000.0,BID
1359,1712367451.7026474,809.69555867,4817000.0,8.3391661466126e-13,4842000.0,BID
1360,1712367451.7390828,809.7322827,4817000.0,4.1828495203228643e-13,4842000.0,BID
1361,1712367452.978969,811.60574321,4816000.0,-2.1338625950315425e-11,4842000.0,ASK
1362,1712367452.9888115,811.60989603,4816000.0,-4.73004219436745e-14,4842000.0,ASK
1363,1712367452.992114,811.7392827,4816000.0,-1.473708006841092e-12,4842000.0,ASK
1364,1712367453.0887644,811.73943649,4816000.0,-1.7516607730243241e-15,4842000.0,ASK
1365,1712367453.0904818,811.74684761,4816000.0,-8.441230370717544e-14,4842000.0,ASK
1366,1712367458.4688716,812.36584761,4815000.0,-7.050380508550787e-12,4842000.0,ASK
1367,1712367458.5553093,812.67829862,4815000.0,-3.55880211757906e-12,4842000.0,ASK
1368,1712367458.5583663,813.77478875,4815000.0,-1.2488970339856918e-11,4842000.0,ASK
1369,1712367462.5590043,813.77686602,4814000.0,-2.366000633215972e-14,4842000.0,ASK
1370,1712367462.5627923,813.98459348,4814000.0,-2.3660058724946218e-12,4842000.0,ASK
1371,1712367480.0572734,813.98459348,4814000.0,-0.0,4842000.0,ASK
1372,1712367480.8688767,813.99459348,4814000.0,1.1386613274409078e-13,4842000.0,BID
1373,1712367487.35893,814.01536622,4814000.0,2.36531157027192e-13,4842000.0,BID
1374,1712367488.1813695,814.06068062,4814000.0,5.159775485557841e-13,4842000.0,BID
1375,1712367488.2830105,814.10650367,4814000.0,5.217693493993749e-13,4842000.0,BID
1376,1712367488.3633797,814.13201933,4814000.0,2.9053695285822885e-13,4842000.0,BID
1377,1712367488.380303,814.16457176,4814000.0,3.706619315472121e-13,4842000.0,BID
1378,1712367491.9589305,814.19315087,4814000.0,3.254192732935038e-13,4842000.0,BID
1379,1712367491.961989,814.22481542,4814000.0,3.605519853552522e-13,4842000.0,BID
1380,1712367492.764321,814.24481542,4813000.0,-2.2773226548559253e-13,4842000.0,ASK
1381,1712367494.5914328,814.48988434,4814000.0,2.7905050175878445e-12,4842000.0,BID
1382,1712367494.9952738,814.54344404,4815000.0,6.098635909875669e-13,4842000.0,BID
1383,1712367498.2190745,814.76437021,4814000.0,-2.5156008599598665e-12,4842000.0,ASK
1384,1712367498.3648086,815.27986464,4814000.0,-5.869735719460432e-12,4842000.0,ASK
1385,1712367500.2091413,815.29023847,4815000.0,1.1812279038248717e-13,4842000.0,BID
1386,1712367504.2083192,815.42606643,4813000.0,-1.546620452356056e-12,4842000.0,ASK
1387,1712367504.210391,816.46846606,4813000.0,-1.1869401464072708e-11,4842000.0,ASK
1388,1712367504.212174,816.5543014,4813000.0,-9.773738218473866e-13,4842000.0,ASK
1389,1712367508.9790835,816.5563791,4813000.0,2.36579663996796e-14,4842000.0,BID
1390,1712367509.5891943,816.57718642,4812000.0,-2.36924906114595e-13,4842000.0,ASK
1391,1712367510.048973,816.57718642,4812000.0,-0.0,4842000.0,ASK
1392,1712367510.332442,817.74900788,4812000.0,-1.3341182022955675e-11,4842000.0,ASK
1393,1712367510.33436,818.68416996,4812000.0,-1.0646816051862162e-11,4842000.0,ASK
1394,1712367510.3362143,819.69040437,4812000.0,-1.1455974207514095e-11,4842000.0,ASK
1395,1712367511.7040222,819.69455978,4813000.0,4.730932405810448e-14,4842000.0,BID
1396,1712367520.7990098,819.69992192,4812000.0,-6.104793965150066e-14,4842000.0,ASK
1397,1712367529.8089893,819.70471473,4812000.0,-5.4566120176524534e-14,4842000.0,ASK
1398,1712367538.489973,819.71510326,4813000.0,1.182733670715781e-13,4842000.0,BID
1399,1712367539.5490017,819.71718139,4812000.0,-2.3659500652085755e-14,4842000.0,ASK
1400,1712367539.553119,819.95062944,4811000.0,-2.657804993564324e-12,4842000.0,ASK
1401,1712367539.5570478,819.96125586,4812000.0,-1.20981743647031e-13,4842000.0,ASK
1402,1712367539.5598457,819.96333442,4811000.0,-2.3664396200141816e-14,4842000.0,ASK
1403,1712367539.5616727,819.97333442,4812000.0,-1.1384995477846098e-13,4842000.0,ASK
1404,1712367540.068946,819.97333442,4812000.0,-0.0,4842000.0,ASK
1405,1712367546.378989,819.98471714,4812000.0,-1.2956810904968877e-13,4842000.0,ASK
1406,1712367548.028985,820.12923442,4812000.0,-1.6450225161077586e-12,4842000.0,ASK
