,time,acc_trade_volume,trade_price,dev,high,ask_bid
0,1712365207.156119,405881.54613988,639.0,0.0,645.3,ASK
1,1712365230.6354418,405881.54613988,639.0,-0.0,645.3,ASK
2,1712365246.0757568,405897.17602421,639.8,3.150990456261408e-09,645.3,BID
3,1712365260.4461694,405897.17602421,639.8,0.0,645.3,BID
4,1712365290.3954525,405897.17602421,639.8,0.0,645.3,BID
5,1712365301.9855812,406210.01819521,638.8,-6.30689701234411e-08,645.3,ASK
6,1712365301.9871094,406210.01819533,638.8,-2.4185138982003257e-17,645.3,ASK
7,1712365320.6256597,406210.01819533,638.8,-0.0,645.3,ASK
8,1712365349.3174338,406459.23345433,638.8,5.023976293076629e-08,645.3,BID
9,1712365350.6058552,406459.23345433,638.8,0.0,645.3,BID
10,1712365367.2655346,406459.23345523,638.8,1.814282160427974e-16,645.3,BID
11,1712365373.7156053,406537.46609723,638.8,-1.5770556220056877e-08,645.3,ASK
12,1712365380.4421513,406537.46609723,638.8,-0.0,645.3,ASK
13,1712365410.427255,406537.46609723,638.8,-0.0,645.3,ASK
14,1712365418.0257134,406568.74053038,639.3,6.3044047205882985e-09,645.3,BID
15,1712365430.7025476,411915.4547626,639.0,-1.0778085180171864e-06,645.3,ASK
16,1712365440.6406844,411915.4547626,639.0,-0.0,645.3,ASK
17,1712365443.1857686,414278.6462256,639.0,-4.7605024657619403e-07,645.3,ASK
18,1712365443.2056086,415022.35993585,639.0,-1.4981650902596954e-07,645.3,ASK
19,1712365443.7364984,419151.67441555,639.0,-8.318247619921521e-07,645.3,ASK
20,1712365443.7380211,419251.67441485,639.0,-2.0144378934049323e-08,645.3,ASK
21,1712365443.7561903,419251.67441555,639.0,-1.4101172725011362e-16,645.3,ASK
22,1712365449.2355711,419351.67441555,638.9,-2.014437907506104e-08,645.3,ASK
23,1712365449.4959826,419351.67441587,638.8,-6.445546854264714e-17,645.3,ASK
24,1712365453.6962674,419451.67441587,638.8,2.014437907506104e-08,645.3,BID
25,1712365459.0460584,419551.67441587,638.7,-2.014437907506104e-08,645.3,ASK
26,1712365462.115656,419708.21793496,638.8,3.153471990292772e-08,645.3,BID
27,1712365470.595764,419708.21793496,638.8,0.0,645.3,BID
28,1712365500.3956234,419708.21793496,638.8,0.0,645.3,BID
29,1712365513.5558436,419746.04012518,638.6,-7.633219835946656e-09,645.3,ASK
30,1712365530.6357777,419746.04012518,638.6,-0.0,645.3,ASK
31,1712365560.460256,419746.04012518,638.6,-0.0,645.3,ASK
32,1712365567.387019,420032.31772572,638.4,-5.7775850482325686e-08,645.3,ASK
33,1712365567.3881147,420132.31772572,638.5,-2.018175727801951e-08,645.3,ASK
34,1712365567.38924,420445.60093374,638.4,-6.322605663538397e-08,645.3,ASK
35,1712365567.390333,420875.53172489,638.4,-8.67675887333664e-08,645.3,ASK
36,1712365567.3914292,420901.17555814,638.1,-5.175376183291425e-09,645.3,ASK
37,1712365567.3925068,421063.35336792,638.6,-3.2730331928607374e-08,645.3,ASK
38,1712365567.3936253,421223.35336792,638.1,-3.2290811644831224e-08,645.3,ASK
39,1712365567.3944645,427919.69580178,638.0,-1.3514395765066497e-06,645.3,ASK
40,1712365567.39512,428389.84154696,638.1,-9.488367314516845e-08,645.3,ASK
41,1712365590.4357245,428389.84154696,638.1,-0.0,645.3,ASK
42,1712365595.3862965,429957.73116753,637.8,-3.160758540250703e-07,645.3,ASK
43,1712365595.3878024,437033.64296874,637.4,-1.4264555592634455e-06,645.3,ASK
44,1712365619.195853,439815.42954024,637.1,-5.607892001878736e-07,645.3,ASK
45,1712365620.6057556,439815.42954024,637.1,-0.0,645.3,ASK
46,1712365650.6323078,439815.42954024,637.1,-0.0,645.3,ASK
47,1712365680.385651,439815.42954024,637.1,-0.0,645.3,ASK
48,1712365710.455498,439815.42954024,637.1,-0.0,645.3,ASK
49,1712365740.5959966,439815.42954024,637.1,-0.0,645.3,ASK
50,1712365770.6059682,439815.42954024,637.1,-0.0,645.3,ASK
51,1712365787.406442,439823.58872324,637.0,-1.642424410052063e-09,645.3,ASK
52,1712365787.4079823,447429.45078874,636.1,-1.5310422030986803e-06,645.3,ASK
53,1712365787.40951,447438.86523074,637.0,-1.8951051039926447e-09,645.3,ASK
54,1712365787.410975,447598.86523074,636.1,-3.220762490644578e-08,645.3,ASK
55,1712365800.5281782,447598.86523074,636.1,-0.0,645.3,ASK
56,1712365830.4302409,447598.86523074,636.1,-0.0,645.3,ASK
57,1712365855.0661962,447606.41887074,636.0,-1.527099104076181e-09,645.3,ASK
58,1712365855.0678546,447622.13427874,636.0,-3.177141812024472e-09,645.3,ASK
59,1712365860.6241608,447622.13427874,636.0,-0.0,645.3,ASK
60,1712365883.3412597,448097.34520074,636.9,9.60718278919428e-08,645.3,BID
61,1712365883.3759272,450622.13427874,636.9,5.104282972794844e-07,645.3,BID
62,1712365883.3959985,451093.09189256,637.0,9.52119505774294e-08,645.3,BID
63,1712365884.3461778,451095.99369927,636.2,-5.86648710945467e-10,645.3,ASK
64,1712365884.3475242,452036.48811898,636.9,-1.9013666109238373e-07,645.3,ASK
65,1712365886.6362638,452045.91022953,637.2,1.904837075982483e-09,645.3,BID
66,1712365889.6464195,452054.88185953,636.6,-1.8137649059943031e-09,645.3,ASK
67,1712365889.6480412,452058.23414679,636.5,-6.77720880933647e-10,645.3,ASK
68,1712365890.616214,452058.23414679,636.5,-0.0,645.3,ASK
69,1712365898.0415769,452519.62182908,637.2,9.32239793919162e-08,645.3,BID
70,1712365912.416222,452519.62182909,637.2,2.0228805367685658e-18,645.3,BID
71,1712365912.4259477,452990.21006438,637.5,9.50829630540116e-08,645.3,BID
72,1712365912.706082,452990.21006439,637.5,2.0111196034152602e-18,645.3,BID
73,1712365912.7080388,453112.03328843,637.6,2.4614540360068443e-08,645.3,BID
74,1712365913.526425,453133.83328843,638.5,4.404718263513066e-09,645.3,BID
75,1712365913.528328,453233.83328843,638.4,2.0205129649153292e-08,645.3,BID
76,1712365920.4058447,453233.83328843,638.4,0.0,645.3,BID
77,1712365925.0360343,453733.70332707,638.0,-1.0098409803840961e-07,645.3,ASK
78,1712365927.0060875,454636.61159891,638.0,-1.8240616639328499e-07,645.3,ASK
79,1712365927.1329982,457262.92614466,638.0,-5.305699183117656e-07,645.3,ASK
80,1712365950.4058373,457262.92614466,638.0,-0.0,645.3,ASK
81,1712365969.2806478,457394.41282067,637.2,-2.6549243899682665e-08,645.3,ASK
82,1712365980.6302187,457394.41282067,637.2,-0.0,645.3,ASK
83,1712365992.7061017,457714.41282067,638.0,-6.461197882460703e-08,645.3,ASK
84,1712365992.7079003,458957.6308318,637.7,-2.510211744046919e-07,645.3,ASK
85,1712366002.0061653,462849.89301458,637.8,-7.858961304175039e-07,645.3,ASK
86,1712366010.6460872,462849.89301458,637.8,-0.0,645.3,ASK
87,1712366027.0060525,463631.50202015,637.8,-1.5770578149168446e-07,645.3,ASK
88,1712366028.8061583,463647.16372727,638.5,3.160073314464437e-09,645.3,BID
89,1712366040.375888,463647.16372727,638.5,0.0,645.3,BID
90,1712366052.793126,465289.73928572,638.4,3.313895879780176e-07,645.3,BID
91,1712366052.9377308,465651.73631566,638.4,-7.303289397188388e-08,645.3,ASK
92,1712366060.196027,468512.60831189,638.4,-5.771808713525018e-07,645.3,ASK
93,1712366060.215961,468983.71786913,638.4,-9.504634429943829e-08,645.3,ASK
94,1712366060.217358,474004.06816474,638.4,-1.01285557757685e-06,645.3,ASK
95,1712366060.2960846,477982.76490634,638.4,-8.027019926757466e-07,645.3,ASK
96,1712366060.2979157,478884.18573486,638.4,-1.8186163517490705e-07,645.3,ASK
97,1712366062.6464598,479201.48094212,638.4,-6.401430208818701e-08,645.3,ASK
98,1712366065.258659,480661.27415312,638.4,-2.9451325282283057e-07,645.3,ASK
99,1712366065.2602422,480661.27415325,638.4,-2.6222999902651242e-17,645.3,ASK
100,1712366070.4359708,480661.27415325,638.4,-0.0,645.3,ASK
101,1712366094.9360125,482303.8497117,637.7,-3.306649788027061e-07,645.3,ASK
102,1712366095.016188,484760.01014797,637.7,4.944468060645264e-07,645.3,BID
103,1712366095.017632,486807.68688466,637.7,4.1221542671152186e-07,645.3,BID
104,1712366095.0372784,488686.95633623,637.7,3.7831355164833153e-07,645.3,BID
105,1712366095.0561633,489119.3458429,638.5,8.70438296259971e-08,645.3,BID
106,1712366095.058005,489476.25633623,639.2,7.184923707424848e-08,645.3,BID
107,1712366095.075997,489583.89102588,639.2,2.166781442013508e-08,645.3,BID
108,1712366095.077469,490264.95633623,639.2,1.371044669766328e-07,645.3,BID
109,1712366100.4564629,490264.95633623,639.2,0.0,645.3,BID
110,1712366113.6661832,490264.95633696,638.1,-1.4752756752302916e-16,645.3,ASK
111,1712366113.668111,490556.55644496,638.1,-5.8926943935350784e-08,645.3,ASK
112,1712366130.4061036,490556.55644496,638.1,-0.0,645.3,ASK
113,1712366132.6859694,490684.55644496,637.6,-2.5865440424034383e-08,645.3,ASK
114,1712366160.6010942,490684.55644496,637.6,-0.0,645.3,ASK
115,1712366190.6163604,490684.55644496,637.6,-0.0,645.3,ASK
116,1712366197.8260753,491084.55644496,639.3,8.082816832273198e-08,645.3,BID
117,1712366197.906045,491122.54526796,639.3,7.676417449564644e-09,645.3,BID
118,1712366197.908521,491122.5452685,639.3,1.091165057048761e-16,645.3,BID
119,1712366198.2262225,491237.25074526,639.9,2.3178583957739457e-08,645.3,BID
120,1712366200.256035,491279.0397912,639.9,8.4443300982192e-09,645.3,BID
121,1712366211.1962216,491315.2397912,640.6,7.314949233197833e-09,645.3,BID
122,1712366220.4094589,491315.2397912,640.6,0.0,645.3,BID
123,1712366229.9762192,491370.2397912,640.6,1.1112967410405642e-08,645.3,BID
124,1712366245.3460803,491495.2397912,640.6,2.525674411455828e-08,645.3,BID
125,1712366249.3960578,491512.31987818,640.6,3.451099090469106e-09,645.3,BID
126,1712366249.398042,492001.55262292,640.6,9.88514099708958e-08,645.3,BID
127,1712366250.416161,492001.55262292,640.6,0.0,645.3,BID
128,1712366270.0460634,492651.55262292,639.9,-1.313234034880532e-07,645.3,ASK
129,1712366280.636054,492651.55262292,639.9,-0.0,645.3,ASK
130,1712366308.4663365,492920.0350897,639.9,-5.4238567223704496e-08,645.3,ASK
131,1712366308.4759765,494059.7350897,639.9,-2.3024108727185538e-07,645.3,ASK
132,1712366310.6260242,494059.7350897,639.9,-0.0,645.3,ASK
133,1712366340.4160297,494059.7350897,639.9,-0.0,645.3,ASK
134,1712366370.4572115,494059.7350897,639.9,-0.0,645.3,ASK
135,1712366384.7360551,494421.7350897,640.3,-7.311757825623588e-08,645.3,ASK
136,1712366388.286322,494528.5583427,640.3,2.157640210168993e-08,645.3,BID
137,1712366396.0281456,494907.46381946,640.2,7.653218466496097e-08,645.3,BID
138,1712366396.4865177,496488.26681446,640.2,3.192941621397868e-07,645.3,BID
139,1712366396.5059464,496881.95477996,640.2,7.951798515465218e-08,645.3,BID
140,1712366400.4659853,496881.95477996,640.2,0.0,645.3,BID
141,1712366424.6961534,496881.9547806,640.3,1.302049401642729e-16,645.3,BID
142,1712366430.4162643,496881.9547806,640.3,0.0,645.3,BID
143,1712366460.6342502,496881.9547806,640.3,0.0,645.3,BID
144,1712366467.9018545,497038.13157273,640.3,-3.1773757698873626e-08,645.3,ASK
145,1712366490.6058235,497038.13157273,640.3,-0.0,645.3,ASK
146,1712366520.4554434,497038.13157273,640.3,-0.0,645.3,ASK
147,1712366523.215731,497092.63157273,640.9,1.1087656119206094e-08,645.3,BID
148,1712366523.3555543,497092.70447924,640.9,1.483233598960183e-11,645.3,BID
149,1712366550.4068823,497092.70447924,640.9,0.0,645.3,BID
150,1712366580.6019945,497092.70447924,640.9,0.0,645.3,BID
151,1712366595.439774,497690.16407796,641.5,1.2154824659435618e-07,645.3,BID
152,1712366605.5554423,497927.58098204,641.5,-4.83005185030144e-08,645.3,ASK
153,1712366610.6156003,497927.58098204,641.5,-0.0,645.3,ASK
154,1712366623.985546,500497.39663461,642.4,5.227509228640393e-07,645.3,BID
155,1712366640.415526,500497.39663461,642.4,0.0,645.3,BID
156,1712366657.6273625,500497.39663462,642.4,-2.024059512701977e-18,645.3,ASK
157,1712366657.6291702,500597.39663461,642.4,-2.033513312595884e-08,645.3,ASK
158,1712366661.546346,500697.39663461,642.4,-2.03351331279829e-08,645.3,ASK
159,1712366666.0457077,500797.39663461,642.3,-2.03351331279829e-08,645.3,ASK
160,1712366670.405972,500797.39663461,642.3,-0.0,645.3,ASK
161,1712366671.645447,500897.39663461,642.2,-2.0334336269367303e-08,645.3,ASK
162,1712366678.6455758,500997.39663461,642.1,-2.0334336269367303e-08,645.3,ASK
163,1712366700.6356688,500997.39663461,642.1,-0.0,645.3,ASK
164,1712366730.6361864,500997.39663461,642.1,-0.0,645.3,ASK
165,1712366742.9274583,501279.89566592,642.1,5.7587325215139896e-08,645.3,BID
166,1712366746.3456683,501379.89566592,642.0,-2.0384963781328044e-08,645.3,ASK
167,1712366760.4059772,501379.89566592,642.0,-0.0,645.3,ASK
168,1712366768.056679,501399.89566592,642.0,4.0767886560476965e-09,645.3,BID
169,1712366768.0597749,501520.28772287,642.1,2.454064860260423e-08,645.3,BID
170,1712366768.483187,501520.28772289,642.1,4.0697006887766754e-18,645.3,BID
171,1712366774.2597463,501723.39848139,642.4,4.1401981808701966e-08,645.3,BID
172,1712366774.436081,501723.39848141,642.4,4.081565705362032e-18,645.3,BID
173,1712366774.96655,501873.39848139,642.5,3.0575914916276165e-08,645.3,BID
174,1712366777.7760105,501873.39848141,642.5,4.081565705362032e-18,645.3,BID
175,1712366790.39595,501873.39848141,642.5,0.0,645.3,BID
176,1712366820.6360447,501873.39848141,642.5,0.0,645.3,BID
177,1712366850.6160247,501873.39848141,642.5,0.0,645.3,BID
178,1712366880.415885,501873.39848141,642.5,0.0,645.3,BID
179,1712366898.5159972,503429.81871487,642.4,3.1723931869391386e-07,645.3,BID
180,1712366910.4173183,503429.81871487,642.4,0.0,645.3,BID
181,1712366911.226589,504057.49301005,641.6,-1.279104380553132e-07,645.3,ASK
182,1712366911.3062336,507907.89715805,641.6,-7.846535775684014e-07,645.3,ASK
183,1712366911.3460655,508844.8153636,641.6,-1.909296254668831e-07,645.3,ASK
184,1712366911.3484929,509494.8406476,641.6,-1.324652283229727e-07,645.3,ASK
185,1712366911.366203,511329.5247626,641.6,-3.738806107640508e-07,645.3,ASK
186,1712366911.427039,511415.68008759,641.6,-1.7557139817407643e-08,645.3,ASK
187,1712366911.4467697,512697.91871487,641.6,-2.61300655079089e-07,645.3,ASK
188,1712366912.4177492,514851.17391287,641.5,-4.3880053355075883e-07,645.3,ASK
189,1712366912.539416,515273.91403833,641.5,-8.614798319189959e-08,645.3,ASK
190,1712366920.6876256,515433.91403833,641.2,-3.2605557127335656e-08,645.3,ASK
191,1712366920.688777,516465.01403833,641.2,-2.1012243721246898e-07,645.3,ASK
192,1712366920.68988,517541.5142989,640.3,-2.193743171475368e-07,645.3,ASK
193,1712366920.6909957,518186.29661463,640.5,-1.313967914389395e-07,645.3,ASK
194,1712366940.4359596,518186.29661463,640.5,-0.0,645.3,ASK
195,1712366970.627382,518186.29661463,640.5,-0.0,645.3,ASK
196,1712367000.4960608,518186.29661463,640.5,-0.0,645.3,ASK
197,1712367030.4559102,518186.29661463,640.5,-0.0,645.3,ASK
198,1712367060.6258314,518186.29661463,640.5,-0.0,645.3,ASK
199,1712367062.9544797,518843.03564569,640.3,-1.337277042839086e-07,645.3,ASK
200,1712367063.005983,519275.60901808,640.3,8.808223858827912e-08,645.3,BID
201,1712367090.625854,519275.60901808,640.3,0.0,645.3,BID
202,1712367111.8759782,519375.60901808,640.2,-2.0359489537336653e-08,645.3,ASK
203,1712367111.8785982,519535.60901807,640.2,-3.25751832577003e-08,645.3,ASK
204,1712367111.8958466,519535.60901808,640.2,-2.038334612980196e-18,645.3,ASK
205,1712367111.995998,519635.60901808,640.1,-2.0359489537336653e-08,645.3,ASK
206,1712367111.9979966,519835.60901808,640.0,-4.071897907467329e-08,645.3,ASK
207,1712367112.0761747,519935.60901808,639.9,-2.0359489537336653e-08,645.3,ASK
208,1712367120.416026,519935.60901808,639.9,-0.0,645.3,ASK
209,1712367144.6458616,520035.60901808,639.8,-2.03577385871584e-08,645.3,ASK
210,1712367149.4458475,520229.20703149,639.8,3.941217747993873e-08,645.3,BID
211,1712367150.4259648,520229.20703149,639.8,0.0,645.3,BID
212,1712367153.1641145,520229.2070315,639.8,2.038081374945133e-18,645.3,BID
213,1712367180.6157725,520229.2070315,639.8,0.0,645.3,BID
214,1712367210.6458497,520229.2070315,639.8,0.0,645.3,BID
215,1712367221.025787,520229.20703151,640.3,2.03808137494513e-18,645.3,BID
216,1712367226.2658916,520276.33825351,640.8,9.594484067020096e-09,645.3,BID
217,1712367226.3759308,520276.33825354,640.8,6.102394814515941e-18,645.3,BID
218,1712367226.3786223,520980.39953208,641.1,1.4332547369890728e-07,645.3,BID
219,1712367226.495737,521398.04668132,641.1,8.502026361675938e-08,645.3,BID
220,1712367240.4462,521398.04668132,641.1,0.0,645.3,BID
221,1712367270.4217055,521398.04668132,641.1,0.0,645.3,BID
222,1712367300.6258163,521398.04668132,641.1,0.0,645.3,BID
223,1712367330.645858,521398.04668132,641.1,0.0,645.3,BID
224,1712367360.4057107,521398.04668132,641.1,0.0,645.3,BID
225,1712367368.2857194,521758.98069227,641.3,7.474543870372123e-08,645.3,BID
226,1712367368.3660996,525953.31014027,641.3,8.685992041413712e-07,645.3,BID
227,1712367368.3688338,528187.53225286,641.3,4.626826702409005e-07,645.3,BID
228,1712367390.4457471,528187.53225286,641.3,0.0,645.3,BID
229,1712367420.6056995,528187.53225286,641.3,0.0,645.3,BID
230,1712367422.8071709,528920.16370786,640.9,-1.5158318493643298e-07,645.3,ASK
231,1712367434.8657684,528920.16370862,640.9,-1.572373644859968e-16,645.3,ASK
232,1712367450.6157107,528920.16370862,640.9,-0.0,645.3,ASK
233,1712367480.445662,528920.16370862,640.9,-0.0,645.3,ASK
234,1712367510.4157927,528920.16370862,640.9,-0.0,645.3,ASK
235,1712367540.6458397,528920.16370862,640.9,-0.0,645.3,ASK
236,1712367570.606779,528920.16370862,640.9,-0.0,645.3,ASK
237,1712367590.5757415,529154.21270066,640.9,4.842058728445209e-08,645.3,BID
238,1712367600.475569,529154.21270066,640.9,0.0,645.3,BID
239,1712367628.640218,529287.34849366,639.9,-2.7611738634389884e-08,645.3,ASK
240,1712367628.736313,529287.34849445,639.9,-1.6384112554353927e-16,645.3,ASK
241,1712367628.7454543,532663.04191566,639.8,-7.001029727316482e-07,645.3,ASK
242,1712367628.7959075,532939.1866956,639.8,-5.7271131355001344e-08,645.3,ASK
243,1712367628.8168106,540319.1171006,639.8,-1.5305629304574465e-06,645.3,ASK
244,1712367628.8196392,540334.74698493,639.8,-3.241564655757146e-09,645.3,ASK
245,1712367628.822446,544925.05168098,639.8,-9.52007650711563e-07,645.3,ASK
246,1712367630.446912,544925.05168098,639.8,-0.0,645.3,ASK
247,1712367660.625815,544925.05168098,639.8,-0.0,645.3,ASK
248,1712367690.625604,544925.05168098,639.8,-0.0,645.3,ASK
249,1712367720.415735,544925.05168098,639.8,-0.0,645.3,ASK
250,1712367750.415766,544925.05168098,639.8,-0.0,645.3,ASK
251,1712367780.4657283,544925.05168098,639.8,-0.0,645.3,ASK
252,1712367810.4456658,544925.05168098,639.8,-0.0,645.3,ASK
253,1712367830.0857108,544945.83802046,639.8,4.301986661098252e-09,645.3,BID
254,1712367840.4658608,544945.83802046,639.8,0.0,645.3,BID
255,1712367841.165725,545237.51984473,639.8,6.036694747322033e-08,645.3,BID
256,1712367843.4360373,545256.2264718,639.8,3.8715541380069705e-09,645.3,BID
257,1712367870.425697,545256.2264718,639.8,0.0,645.3,BID
258,1712367900.451076,545256.2264718,639.8,0.0,645.3,BID
259,1712367930.4258013,545256.2264718,639.8,0.0,645.3,BID
260,1712367960.6256616,545256.2264718,639.8,0.0,645.3,BID
261,1712367979.625826,546125.05168098,639.8,1.800348779637582e-07,645.3,BID
262,1712367979.6288626,546817.8979649,639.8,1.4356914930093314e-07,645.3,BID
263,1712367990.6156878,546817.8979649,639.8,0.0,645.3,BID
264,1712367997.1315098,547599.39218184,639.8,1.619049384317965e-07,645.3,BID
265,1712368001.0257857,548380.88639878,639.8,1.619049384317965e-07,645.3,BID
266,1712368003.5557392,548502.60115439,639.8,2.5216079129076453e-08,645.3,BID
267,1712368003.5587854,549162.38061572,639.8,1.3668885930269596e-07,645.3,BID
268,1712368020.4256902,549162.38061572,639.8,0.0,645.3,BID
269,1712368050.4057136,549162.38061572,639.8,0.0,645.3,BID
270,1712368074.862753,556989.55656972,638.8,-1.6210801336046562e-06,645.3,ASK
271,1712368074.874241,556989.55657071,638.7,-2.0503725610752184e-16,645.3,ASK
272,1712368074.8759053,556989.55657162,638.7,-1.8847321625029382e-16,645.3,ASK
273,1712368074.8775773,558555.23685871,638.7,-3.242667884169348e-07,645.3,ASK
274,1712368080.6358676,558555.23685871,638.7,-0.0,645.3,ASK
275,1712368091.716673,558555.23685931,638.4,-1.2411223624092006e-16,645.3,ASK
276,1712368091.7191744,560121.40757131,638.4,-3.2396578216695454e-07,645.3,ASK
277,1712368110.595679,560121.40757131,638.4,-0.0,645.3,ASK
278,1712368131.6357305,560152.15161892,638.3,6.358157416586855e-09,645.3,BID
279,1712368140.416411,560152.15161892,638.3,0.0,645.3,BID
280,1712368144.985959,560161.3751815,638.3,1.907511514579583e-09,645.3,BID
281,1712368155.1657825,561803.95073995,637.2,-3.3969865376324724e-07,645.3,ASK
282,1712368155.175872,564213.13632046,637.1,-4.982401534924167e-07,645.3,ASK
283,1712368170.4157722,564213.13632046,637.1,-0.0,645.3,ASK
284,1712368200.5006156,564213.13632046,637.1,-0.0,645.3,ASK
285,1712368216.5360038,566134.61526256,638.3,3.985173606617088e-07,645.3,BID
286,1712368216.539187,566306.94802146,638.3,3.5742049901065353e-08,645.3,BID
287,1712368216.5422971,567442.6565914,638.3,2.355475107516701e-07,645.3,BID
288,1712368230.5321543,567442.6565914,638.3,0.0,645.3,BID
289,1712368256.9359388,567631.30806794,639.8,3.9109853320228674e-08,645.3,BID
290,1712368256.9391282,567639.19127608,639.8,1.634289429928121e-09,645.3,BID
291,1712368257.0166886,568365.36560777,639.8,-1.5054518585390594e-07,645.3,ASK
292,1712368257.0356593,570386.12077678,639.8,-4.1892827824941145e-07,645.3,ASK
293,1712368260.6157885,570386.12077678,639.8,-0.0,645.3,ASK
294,1712368283.7658365,570486.12077678,638.9,-2.0723182683692283e-08,645.3,ASK
295,1712368290.6256669,570486.12077678,638.9,-0.0,645.3,ASK
296,1712368320.4358134,570486.12077678,638.9,-0.0,645.3,ASK
297,1712368350.4077811,570486.12077678,638.9,-0.0,645.3,ASK
298,1712368380.6255462,570486.12077678,638.9,-0.0,645.3,ASK
299,1712368410.6256611,570486.12077678,638.9,-0.0,645.3,ASK
300,1712368440.3756394,570486.12077678,638.9,-0.0,645.3,ASK
301,1712368470.415693,570486.12077678,638.9,-0.0,645.3,ASK
302,1712368500.4372294,570486.12077678,638.9,-0.0,645.3,ASK
303,1712368512.1256914,570937.90307878,638.5,-9.36270851095487e-08,645.3,ASK
304,1712368512.346043,570937.90307905,638.5,-5.594782148097634e-17,645.3,ASK
305,1712368512.3479466,573615.64104678,638.4,-5.549327618541322e-07,645.3,ASK
306,1712368512.645846,575780.63102978,638.4,-4.486711863264114e-07,645.3,ASK
307,1712368512.7519774,576260.48441299,638.4,-9.944451863433168e-08,645.3,ASK
308,1712368513.5255785,577903.05996147,638.4,-3.404063417171234e-07,645.3,ASK
309,1712368513.625653,578615.45168847,638.4,-1.4763562131558297e-07,645.3,ASK
310,1712368530.4456632,578615.45168847,638.4,-0.0,645.3,ASK
311,1712368560.6155794,578615.45168847,638.4,-0.0,645.3,ASK
312,1712368587.9973118,578770.76561093,637.1,-3.21525801601456e-08,645.3,ASK
313,1712368588.0145576,579400.38104482,637.0,-1.3034092750708812e-07,645.3,ASK
314,1712368590.6155384,579400.38104482,637.0,-0.0,645.3,ASK
315,1712368598.5651937,586411.35127282,637.0,-1.451237902177809e-06,645.3,ASK
316,1712368598.725186,587077.92965424,637.0,1.379785936082889e-07,645.3,BID
317,1712368598.8051991,587261.72382258,637.8,3.804452944742217e-08,645.3,BID
318,1712368599.0852983,587928.22382258,637.8,1.3796236902255732e-07,645.3,BID
319,1712368599.1652374,588354.5330907,637.8,8.824401585314444e-08,645.3,BID
320,1712368620.4082346,588354.5330907,637.8,0.0,645.3,BID
321,1712368650.4560826,588354.5330907,637.8,0.0,645.3,BID
322,1712368660.536021,590354.5330907,637.8,4.135023121851698e-07,645.3,BID
323,1712368680.605091,590354.5330907,637.8,0.0,645.3,BID
324,1712368689.765165,590910.3330907,637.1,-1.1488199452394605e-07,645.3,ASK
325,1712368689.7681131,591977.3330907,637.1,-2.2054531874247177e-07,645.3,ASK
326,1712368689.8252432,593354.5330907,637.1,2.846626175933904e-07,645.3,BID
327,1712368710.6114376,593354.5330907,637.1,0.0,645.3,BID
328,1712368740.425217,593354.5330907,637.1,0.0,645.3,BID
329,1712368751.868364,593370.1874426,638.8,3.2344242064251752e-09,645.3,BID
330,1712368770.4050937,593370.1874426,638.8,0.0,645.3,BID
331,1712368781.1854527,593526.70400947,638.8,3.2338606533016694e-08,645.3,BID
332,1712368781.3251994,594370.18744247,638.8,-1.7427598497976617e-07,645.3,ASK
333,1712368781.3285017,594370.1874426,638.8,-2.6867317355911858e-17,645.3,ASK
334,1712368800.5555322,594370.1874426,638.8,-0.0,645.3,ASK
335,1712368830.415899,594370.1874426,638.8,-0.0,645.3,ASK
336,1712368860.6866102,594370.1874426,638.8,-0.0,645.3,ASK
337,1712368890.6406903,594370.1874426,638.8,-0.0,645.3,ASK
338,1712368920.4276242,594370.1874426,638.8,-0.0,645.3,ASK
339,1712368950.3909867,594370.1874426,638.8,-0.0,645.3,ASK
340,1712368980.6187806,594370.1874426,638.8,-0.0,645.3,ASK
341,1712369010.6291564,594370.1874426,638.8,-0.0,645.3,ASK
342,1712369013.9893782,599066.4930146,638.8,-9.81863727287692e-07,645.3,ASK
343,1712369040.399558,599066.4930146,638.8,-0.0,645.3,ASK
344,1712369043.9697611,599222.81143812,639.4,3.26612442347387e-08,645.3,BID
345,1712369070.5105288,599222.81143812,639.4,0.0,645.3,BID
346,1712369100.610508,599222.81143812,639.4,0.0,645.3,BID
347,1712369112.6009293,601466.22833758,638.8,-4.718122902376645e-07,645.3,ASK
348,1712369112.6045103,601466.22833852,638.8,-1.9770239782755795e-16,645.3,ASK
349,1712369130.6212552,601466.22833852,638.8,-0.0,645.3,ASK
350,1712369138.9012096,626092.97022252,638.8,-5.177681684534084e-06,645.3,ASK
351,1712369138.9607704,626966.10541164,638.8,-1.835734543417785e-07,645.3,ASK
352,1712369139.0209224,628286.93757229,638.8,-2.777000919875639e-07,645.3,ASK
353,1712369139.04122,629265.6046949,638.8,-2.057611542713177e-07,645.3,ASK
354,1712369160.4112315,629265.6046949,638.8,-0.0,645.3,ASK
355,1712369190.4744976,629265.6046949,638.8,-0.0,645.3,ASK
356,1712369220.632541,629265.6046949,638.8,-0.0,645.3,ASK
357,1712369250.6325514,629265.6046949,638.8,-0.0,645.3,ASK
358,1712369280.4325652,629265.6046949,638.8,-0.0,645.3,ASK
359,1712369302.4475422,630048.32229039,639.2,1.6395135905704017e-07,645.3,BID
360,1712369302.8929949,630231.65075844,637.8,-3.8400761224517234e-08,645.3,ASK
361,1712369302.8969424,631874.22630692,637.8,-3.440608657309653e-07,645.3,ASK
362,1712369303.012648,632442.07295354,637.8,1.1894357554468629e-07,645.3,BID
363,1712369303.032732,632442.07295355,637.8,2.097096997839884e-18,645.3,BID
364,1712369307.3226368,632758.97915922,637.8,6.638052269755498e-08,645.3,BID
365,1712369310.405007,632758.97915922,637.8,0.0,645.3,BID
366,1712369340.6330545,632758.97915922,637.8,0.0,645.3,BID
367,1712369353.203147,637008.99227622,637.8,8.89810356517404e-07,645.3,BID
368,1712369353.283352,637587.88392956,637.8,1.212005173308693e-07,645.3,BID
369,1712369353.40315,637587.88392958,637.8,4.19223650863219e-18,645.3,BID
370,1712369369.8431983,637603.52848527,639.2,3.275445814600564e-09,645.3,BID
371,1712369370.653255,637603.52848527,639.2,0.0,645.3,BID
372,1712369371.9534426,637991.78710335,637.8,8.123579384808602e-08,645.3,BID
373,1712369386.1636214,638007.43655561,638.9,3.274352759805159e-09,645.3,BID
374,1712369400.4833984,638007.43655561,638.9,0.0,645.3,BID
375,1712369428.0136786,639671.99188261,638.2,-3.502000253257656e-07,645.3,ASK
376,1712369430.3919444,639671.99188261,638.2,-0.0,645.3,ASK
377,1712369431.7239094,639671.99188317,638.2,-1.1778123524344732e-16,645.3,ASK
378,1712369436.3239262,639875.84188317,637.7,-4.28777118176301e-08,645.3,ASK
379,1712369436.3277636,640655.43214417,637.7,-1.639786438410439e-07,645.3,ASK
380,1712369460.6139565,640655.43214417,637.7,-0.0,645.3,ASK
381,1712369490.6142168,640655.43214417,637.7,-0.0,645.3,ASK
382,1712369518.7545712,640664.85425344,636.8,-1.981580577158335e-09,645.3,ASK
383,1712369518.7586713,640681.10166317,637.0,-3.417021669720399e-09,645.3,ASK
384,1712369520.434359,640681.10166317,637.0,-0.0,645.3,ASK
385,1712369522.3044806,640681.10166445,636.8,-2.6919530659067394e-16,645.3,ASK
386,1712369550.7150576,640681.10166445,636.8,-0.0,645.3,ASK
387,1712369580.6048934,640681.10166445,636.8,-0.0,645.3,ASK
388,1712369610.6350827,640681.10166445,636.8,-0.0,645.3,ASK
389,1712369640.5346706,640681.10166445,636.8,-0.0,645.3,ASK
390,1712369652.9954035,640720.69425045,636.0,-8.326758626763075e-09,645.3,ASK
391,1712369653.0053704,640739.69425045,636.0,-3.995910090554862e-09,645.3,ASK
392,1712369653.5844748,641211.46654145,635.9,-9.921892937110997e-08,645.3,ASK
393,1712369657.7157214,641211.46654169,635.9,-5.0484831486118655e-17,645.3,ASK
394,1712369657.720223,641683.46150707,635.6,-9.926576025541054e-08,645.3,ASK
395,1712369664.2954469,641692.90883819,635.1,-1.986878197438409e-09,645.3,ASK
396,1712369664.3058176,641736.85202358,635.4,-9.241737784785106e-09,645.3,ASK
397,1712369664.3092022,641752.59261857,635.3,-3.3104211764082115e-09,645.3,ASK
398,1712369664.3129914,641768.33569161,635.2,-3.310942337738301e-09,645.3,ASK
399,1712369664.3162813,642238.26050364,635.1,-9.883038411541909e-08,645.3,ASK
400,1712369664.317967,642264.62330861,635.3,-5.544389389209209e-09,645.3,ASK
401,1712369664.3196983,642280.36886049,635.1,-3.3114636651884596e-09,645.3,ASK
402,1712369664.3215857,643390.22672864,635.0,-2.3341538181169818e-07,645.3,ASK
403,1712369664.323332,643862.44457847,635.3,-9.931263531976573e-08,645.3,ASK
404,1712369664.3250709,644022.44457847,635.2,-3.364976918361989e-08,645.3,ASK
405,1712369664.3268166,651683.46150707,635.0,-1.6111965709949727e-06,645.3,ASK
406,1712369668.135614,651699.21201896,634.9,-3.3125068101491e-09,645.3,ASK
407,1712369668.139468,651856.66318396,634.8,-3.311372099963293e-08,645.3,ASK
408,1712369668.143476,651872.41617702,634.8,-3.313028627610615e-09,645.3,ASK
409,1712369668.145591,652345.22941579,634.5,-9.943785219731468e-08,645.3,ASK
410,1712369668.1473916,652921.10478201,634.4,-1.2111295719897612e-07,645.3,ASK
411,1712369668.1491754,654976.60124456,635.0,-4.322936345159698e-07,645.3,ASK
412,1712369668.15098,655449.1166013,634.9,-9.937520431260149e-08,645.3,ASK
413,1712369668.1529684,655922.15349817,634.2,-9.948488996882193e-08,645.3,ASK
414,1712369668.154783,655931.60529401,634.8,-1.9878171774281856e-09,645.3,ASK
415,1712369668.1566503,655939.65638199,634.2,-1.6932328262594975e-09,645.3,ASK
416,1712369668.158616,661683.46150707,634.0,-1.2079857293414791e-06,645.3,ASK
417,1712369670.4252474,661683.46150707,634.0,-0.0,645.3,ASK
418,1712369670.5654132,664639.24187329,633.6,-6.198953562749801e-07,645.3,ASK
419,1712369670.568611,665112.50263997,633.9,-9.925370468146296e-08,645.3,ASK
420,1712369670.5718384,667258.46150707,634.0,-4.500570988545987e-07,645.3,ASK
421,1712369670.575025,671683.46150707,633.6,-9.28024620119078e-07,645.3,ASK
422,1712369672.7957306,672157.02109665,633.5,-9.931637473983573e-08,645.3,ASK
423,1712369672.799912,672183.73442366,633.3,-5.602401163956245e-09,645.3,ASK
424,1712369672.8039966,673771.51325462,633.0,-3.329938636010866e-07,645.3,ASK
425,1712369672.8057733,673779.72399662,633.0,-1.7219820848516927e-09,645.3,ASK
426,1712369672.8075922,681683.46150707,633.0,-1.6575961583403894e-06,645.3,ASK
427,1712369677.4559042,684257.36150707,633.0,-5.398062304462184e-07,645.3,ASK
428,1712369677.4600878,684266.84467444,632.7,-1.9888390499522486e-09,645.3,ASK
429,1712369677.4632738,684335.62718072,632.0,-1.4425278929114562e-08,645.3,ASK
430,1712369677.466407,684519.85013773,632.4,-3.863580558111817e-08,645.3,ASK
431,1712369677.4699454,687376.61262728,633.0,-5.991290224033914e-07,645.3,ASK
432,1712369677.4725993,688033.45079576,632.1,-1.3775412243693585e-07,645.3,ASK
433,1712369677.474388,688824.46487581,632.1,-1.658939076038833e-07,645.3,ASK
434,1712369677.476223,689506.67620522,631.1,-1.4307545984558772e-07,645.3,ASK
435,1712369677.478047,690085.35424029,631.4,-1.213621386818192e-07,645.3,ASK
436,1712369677.47991,690093.26629343,632.2,-1.659340137764386e-09,645.3,ASK
437,1712369677.4818618,691675.54477444,632.0,-3.318403132795244e-07,645.3,ASK
438,1712369677.4837606,691683.46150707,631.7,-1.6603215348100399e-09,645.3,ASK
439,1712369680.5452983,694851.56150707,631.3,-6.644236833896563e-07,645.3,ASK
440,1712369680.5472388,701683.46150707,631.3,-1.4328070965404631e-06,645.3,ASK
441,1712369682.8958435,703583.09741019,631.7,-3.983974886683701e-07,645.3,ASK
442,1712369682.8983357,709784.1262744,631.7,-1.3004988601256334e-06,645.3,ASK
443,1712369682.9007404,711683.46150707,631.8,-3.983344311361162e-07,645.3,ASK
444,1712369686.3689733,715827.14437288,631.3,-8.690259248445776e-07,645.3,ASK
445,1712369686.373229,718702.41548406,631.3,-6.030107075010485e-07,645.3,ASK
446,1712369686.3809874,720099.93023233,631.7,-2.930910945478224e-07,645.3,ASK
447,1712369686.3828304,721683.46150707,631.5,-3.321030530366711e-07,645.3,ASK
448,1712369686.7654295,721691.5069401,633.9,1.687312978837844e-09,645.3,BID
449,1712369688.45667,723275.28901168,631.4,-3.321556509219196e-07,645.3,ASK
450,1712369688.4586234,723518.38781918,631.3,-5.098343016532584e-08,645.3,ASK
451,1712369688.460532,728269.68781918,631.4,-9.964572604681831e-07,645.3,ASK
452,1712369688.4658823,730324.93165916,631.4,-4.310320641467802e-07,645.3,ASK
453,1712369688.468304,731691.5069401,631.1,-2.86602374227911e-07,645.3,ASK
454,1712369690.1515334,733275.0069401,631.5,-3.320964940019345e-07,645.3,ASK
455,1712369690.155819,734289.40233415,631.2,-2.1274212434211085e-07,645.3,ASK
456,1712369690.1578453,735872.90233415,631.5,-3.320964940019345e-07,645.3,ASK
457,1712369690.159802,741691.5069401,631.2,-1.2202956675841398e-06,645.3,ASK
458,1712369696.751064,741738.84795319,633.7,9.928502980539442e-09,645.3,BID
459,1712369700.4656608,741738.84795319,633.7,0.0,645.3,BID
460,1712369720.945751,741750.89267852,633.7,-2.5095551807193376e-09,645.3,ASK
461,1712369721.442653,742417.39704666,633.7,-1.3886821361353357e-07,645.3,ASK
462,1712369724.479711,743083.89704666,633.7,1.388673034982674e-07,645.3,BID
463,1712369724.5359864,743083.90141479,633.7,9.101131801980644e-13,645.3,BID
464,1712369724.539477,744639.09704666,634.0,3.240297431509086e-07,645.3,BID
465,1712369724.915763,745305.59704666,634.0,1.388673034982674e-07,645.3,BID
466,1712369725.2464151,745911.62389959,633.7,1.2626753925570185e-07,645.3,BID
467,1712369725.2502704,746585.79704666,634.0,1.404660270435862e-07,645.3,BID
468,1712369725.405739,747191.79704666,633.7,-1.2626194436601657e-07,645.3,ASK
469,1712369727.539638,748500.19704666,634.0,2.72609122126236e-07,645.3,BID
470,1712369727.7288296,748530.33287367,634.0,6.278891276179098e-09,645.3,BID
471,1712369727.7309327,749669.79704666,634.0,2.3741082841109825e-07,645.3,BID
472,1712369727.7559812,751405.60398485,634.0,3.61660658514675e-07,645.3,BID
473,1712369727.760695,753883.51916929,634.1,5.162811702334453e-07,645.3,BID
474,1712369727.764892,754790.59704666,634.0,1.8899243644908045e-07,645.3,BID
475,1712369730.4075184,754790.59704666,634.0,0.0,645.3,BID
476,1712369753.6564348,754806.36991732,634.0,-3.280669819295245e-09,645.3,ASK
477,1712369753.8959148,754806.36991733,634.0,2.0823818777663025e-18,645.3,BID
478,1712369754.0357337,755393.27122931,634.0,-1.220722253183214e-07,645.3,ASK
479,1712369754.1357896,756816.69462331,634.0,-2.960641895475444e-07,645.3,ASK
480,1712369760.635812,756816.69462331,634.0,-0.0,645.3,ASK
481,1712369769.8960085,757448.09462331,634.5,1.312926276380596e-07,645.3,BID
482,1712369790.6161437,757448.09462331,634.5,0.0,645.3,BID
483,1712369802.336298,757605.69903623,634.5,3.2769359942658466e-08,645.3,BID
484,1712369802.4563425,757617.59903623,634.5,2.4742669072118158e-09,645.3,BID
485,1712369805.9961348,758248.99903623,634.4,1.3128169119416313e-07,645.3,BID
486,1712369820.446213,758248.99903623,634.4,0.0,645.3,BID
487,1712369826.3162403,759924.73438833,634.5,3.483847510168967e-07,645.3,BID
488,1712369826.5363417,764837.07345184,634.5,1.02127344834423e-06,645.3,BID
489,1712369843.616336,766929.67345184,634.5,4.350507549204281e-07,645.3,BID
490,1712369850.4209633,766929.67345184,634.5,0.0,645.3,BID
491,1712369854.319199,769360.53903801,634.5,5.047980053250301e-07,645.3,BID
492,1712369854.3213654,770386.86128635,634.8,2.131279601514006e-07,645.3,BID
493,1712369854.3281918,771719.20403876,634.9,2.7667673920445733e-07,645.3,BID
494,1712369854.3362772,772785.75285635,634.9,2.2148148328902405e-07,645.3,BID
495,1712369854.350848,773353.04600706,634.9,1.1780513597385321e-07,645.3,BID
496,1712369880.5964942,773353.04600706,634.9,0.0,645.3,BID
497,1712369888.8840966,775503.23315261,634.8,4.461340803766862e-07,645.3,BID
498,1712369896.686607,775511.36339261,634.6,-1.686912301161708e-09,645.3,ASK
499,1712369896.691281,776285.9507481,634.5,-1.607161582321349e-07,645.3,ASK
500,1712369910.6464834,776285.9507481,634.5,-0.0,645.3,ASK
501,1712369940.4066043,776285.9507481,634.5,-0.0,645.3,ASK
502,1712369948.486786,776539.62140871,634.8,5.2612830264366263e-08,645.3,BID
503,1712369959.686928,776836.35820694,634.8,6.154500784961888e-08,645.3,BID
504,1712369959.726738,777057.71866101,634.8,4.591149788162367e-08,645.3,BID
505,1712369965.596947,777166.4114859,634.5,-2.254354970787673e-08,645.3,ASK
506,1712369970.2954729,778607.92413287,634.5,-2.9897844723772644e-07,645.3,ASK
507,1712369970.3253715,783062.61910813,634.5,-9.239306983677462e-07,645.3,ASK
508,1712369970.3343992,783859.75924563,634.5,-1.653316889321633e-07,645.3,ASK
509,1712369970.4267294,783859.75924563,634.5,-0.0,645.3,ASK
510,1712369972.2771835,786624.07576266,634.5,-5.727650694220096e-07,645.3,ASK
511,1712369972.2819228,788408.61751513,634.5,-3.697562035472352e-07,645.3,ASK
512,1712369972.4573505,788886.81751513,633.9,9.908281287987977e-08,645.3,BID
513,1712369972.5169566,789198.96751513,633.9,6.467733174496178e-08,645.3,BID
514,1712369996.047109,790032.05460066,634.2,1.726152484487784e-07,645.3,BID
515,1712369996.061674,790837.34385637,634.2,1.668555513125824e-07,645.3,BID
516,1712370000.4470682,790837.34385637,634.2,0.0,645.3,BID
517,1712370030.4169908,790837.34385637,634.2,0.0,645.3,BID
518,1712370045.9749165,795598.24596608,634.3,9.88304834589758e-07,645.3,BID
519,1712370045.9875755,797194.73678603,634.3,3.314118961859638e-07,645.3,BID
520,1712370050.3271794,797983.00732047,634.3,1.6363528638044133e-07,645.3,BID
521,1712370060.6472511,797983.00732047,634.3,0.0,645.3,BID
522,1712370060.8670964,797992.46656688,634.3,1.961777618590901e-09,645.3,BID
523,1712370060.967548,799222.36656688,634.3,2.550721472420623e-07,645.3,BID
524,1712370071.8928382,800778.94511633,634.3,3.228228579227144e-07,645.3,BID
525,1712370071.9333382,805420.8246733,634.3,9.626914268114003e-07,645.3,BID
526,1712370072.7193472,806674.0246733,634.3,2.599043946042236e-07,645.3,BID
527,1712370072.8577929,807707.0246733,634.3,2.142365461428127e-07,645.3,BID
528,1712370072.9416544,808970.95959453,634.3,2.621307377285759e-07,645.3,BID
529,1712370073.0172577,809128.61370141,634.3,3.2696293652654054e-08,645.3,BID
530,1712370073.1685452,809670.71370141,634.3,1.124275233920753e-07,645.3,BID
531,1712370074.667332,810814.11370141,634.3,2.371326881507233e-07,645.3,BID
532,1712370081.1672876,811397.1137014,634.3,1.2090988034764273e-07,645.3,BID
533,1712370081.2675004,811839.26465573,634.3,9.16988318774499e-08,645.3,BID
534,1712370090.6475203,811839.26465573,634.3,0.0,645.3,BID
535,1712370120.439433,811839.26465573,634.3,0.0,645.3,BID
536,1712370150.4375398,811839.26465573,634.3,0.0,645.3,BID
537,1712370173.387813,811967.26465573,634.6,2.6497951707698004e-08,645.3,BID
538,1712370179.8876631,811992.86465573,634.6,5.299590341534781e-09,645.3,BID
539,1712370180.467734,811992.86465573,634.6,0.0,645.3,BID
540,1712370210.4178836,811992.86465573,634.6,0.0,645.3,BID
541,1712370228.0379798,811999.26465573,634.6,1.3248708511915335e-09,645.3,BID
542,1712370228.042981,812235.46465573,634.9,4.889601485160002e-08,645.3,BID
543,1712370228.4178038,812235.52233411,634.9,1.1940063198687979e-11,645.3,BID
544,1712370228.778011,812395.52233411,635.1,3.3121771279667846e-08,645.3,BID
545,1712370235.288029,812427.52233411,635.1,6.624354255933569e-09,645.3,BID
546,1712370235.8079176,812435.52233411,635.1,1.6560885639833923e-09,645.3,BID
547,1712370240.6509628,812435.52233411,635.1,0.0,645.3,BID
548,1712370270.6379397,812435.52233411,635.1,0.0,645.3,BID
549,1712370300.4219134,812435.52233411,635.1,0.0,645.3,BID
550,1712370330.4081862,812435.52233411,635.1,0.0,645.3,BID
551,1712370352.4982858,812908.26106717,634.6,-9.937759297246477e-08,645.3,ASK
552,1712370352.5008595,813065.91517405,634.3,-3.3141531607857815e-08,645.3,ASK
553,1712370352.5037496,814002.42925983,634.0,-1.968709333953009e-07,645.3,ASK
554,1712370355.5682669,814753.4392005,634.0,-1.5787485768108388e-07,645.3,ASK
555,1712370360.628275,814753.4392005,634.0,-0.0,645.3,ASK
556,1712370390.6386356,814753.4392005,634.0,-0.0,645.3,ASK
557,1712370420.4284904,814753.4392005,634.0,-0.0,645.3,ASK
558,1712370445.408742,815652.58818076,634.0,-1.889577758026716e-07,645.3,ASK
559,1712370445.4186285,815732.75187473,634.1,-1.6846544505125318e-08,645.3,ASK
560,1712370445.422622,815813.00818387,634.0,-1.6866007749730377e-08,645.3,ASK
561,1712370450.3939722,815813.00818387,634.0,-0.0,645.3,ASK
562,1712370480.1422298,818221.96283031,633.0,-5.06174693697862e-07,645.3,ASK
563,1712370480.1449857,825777.91382321,633.0,-1.587672555429541e-06,645.3,ASK
564,1712370480.334448,825968.61811258,633.0,4.007119245743116e-08,645.3,BID
565,1712370480.3710723,832156.40334478,633.0,1.3001906446041435e-06,645.3,BID
566,1712370480.3734648,832418.35793641,633.0,5.5042458095684353e-08,645.3,BID
567,1712370480.6386416,832418.35793641,633.0,0.0,645.3,BID
568,1712370481.5987482,832834.84764623,633.0,8.732084738075983e-08,645.3,BID
569,1712370481.8787203,839022.63287843,633.0,1.2973253291644296e-06,645.3,BID
570,1712370482.5353196,840635.61633292,633.0,3.3817661934093255e-07,645.3,BID
571,1712370484.008737,840920.56160229,633.0,5.974136165159643e-08,645.3,BID
572,1712370484.1287315,841133.36136883,633.0,4.461540225021629e-08,645.3,BID
573,1712370485.0639353,841552.76990667,633.0,8.79328061640255e-08,645.3,BID
574,1712370485.196678,841812.36422992,633.0,5.4426305733269343e-08,645.3,BID
575,1712370495.699071,843333.2078255,633.0,3.188586617351092e-07,645.3,BID
576,1712370495.7230053,847857.33811931,633.0,9.485249733712934e-07,645.3,BID
577,1712370505.5196416,847967.33064944,633.0,2.3060932143204712e-08,645.3,BID
578,1712370505.524855,848079.11521031,633.0,2.34366476508516e-08,645.3,BID
579,1712370505.5987844,848079.1152113,633.0,2.075616241535193e-16,645.3,BID
580,1712370510.6386704,848079.1152113,633.0,0.0,645.3,BID
581,1712370514.508788,849561.27432483,633.0,3.1010358822223804e-07,645.3,BID
582,1712370514.529471,850215.86734806,633.0,1.3695671637128792e-07,645.3,BID
583,1712370514.9286842,850677.66734806,633.0,9.66197459731118e-08,645.3,BID
584,1712370527.718635,850769.93537932,633.0,1.9304707106524047e-08,645.3,BID
585,1712370533.6406898,851006.97709866,633.4,-4.9594869440568825e-08,645.3,ASK
586,1712370540.4386787,851006.97709866,633.4,-0.0,645.3,ASK
587,1712370570.429794,851006.97709866,633.4,-0.0,645.3,ASK
588,1712370592.269251,851167.68265549,633.7,3.3610461630101244e-08,645.3,BID
589,1712370592.3605454,851167.68265551,633.7,4.187763752239119e-18,645.3,BID
590,1712370592.365537,851626.7498376,633.8,9.601074296138377e-08,645.3,BID
591,1712370600.5293715,851626.7498376,633.8,0.0,645.3,BID
592,1712370630.4875495,851626.7498376,633.8,0.0,645.3,BID
593,1712370634.1025963,852626.7498376,633.0,-2.111242551975179e-07,645.3,ASK
594,1712370634.179485,854066.59232247,633.0,3.039856722199209e-07,645.3,BID
595,1712370634.185752,855009.85194247,633.0,1.991449847303747e-07,645.3,BID
596,1712370634.219217,855486.45194247,633.8,1.0062182002715665e-07,645.3,BID
597,1712370644.3414154,856138.65194247,633.7,1.376952392398113e-07,645.3,BID
598,1712370660.6390383,856138.65194247,633.7,0.0,645.3,BID
599,1712370665.8890977,860506.64531569,633.2,9.216334598527104e-07,645.3,BID
600,1712370665.9094186,860876.49148763,633.2,7.803642953035151e-08,645.3,BID
601,1712370665.9139872,861910.22631867,633.2,2.181149391715659e-07,645.3,BID
602,1712370674.7092352,861970.22631867,633.3,1.2659819479167014e-08,645.3,BID
603,1712370690.669264,861970.22631867,633.3,0.0,645.3,BID
604,1712370699.3491528,862020.22631867,634.1,1.0541636378706656e-08,645.3,BID
605,1712370720.4192386,862020.22631867,634.1,0.0,645.3,BID
606,1712370720.8196115,864796.98924033,634.3,5.854285873312178e-07,645.3,BID
607,1712370722.9940677,866162.96340834,634.4,-2.879901345812434e-07,645.3,ASK
608,1712370722.9986324,867636.09017293,634.4,-3.1058125777558135e-07,645.3,ASK
609,1712370742.35895,867893.49017293,634.5,5.426798132586613e-08,645.3,BID
610,1712370742.5693977,868832.28688168,634.5,1.979277477049416e-07,645.3,BID
611,1712370744.759385,868988.58688168,634.7,3.295293504752196e-08,645.3,BID
612,1712370750.4593832,868988.58688168,634.7,0.0,645.3,BID
613,1712370760.749805,869147.266347,634.6,3.3423450053184205e-08,645.3,BID
614,1712370771.2001507,869197.766347,634.7,1.0637067778626012e-08,645.3,BID
615,1712370780.6099148,869197.766347,634.7,0.0,645.3,BID
616,1712370787.9596095,869833.2839972,635.0,1.33858520821902e-07,645.3,BID
617,1712370810.649706,869833.2839972,635.0,0.0,645.3,BID
618,1712370812.7395356,871161.67115693,633.9,2.7977323230196893e-07,645.3,BID
619,1712370812.7427344,873387.17418083,633.9,4.687158935056405e-07,645.3,BID
620,1712370818.1400971,873508.80599294,633.9,2.5617023603016693e-08,645.3,BID
621,1712370818.145551,874682.35166157,634.1,2.471618778920736e-07,645.3,BID
622,1712370836.6097128,875080.84470919,634.1,8.392710450855776e-08,645.3,BID
623,1712370836.6153183,875208.65166157,634.0,2.6917577391579306e-08,645.3,BID
624,1712370838.7095375,875546.15166157,634.1,7.108128470701354e-08,645.3,BID
625,1712370839.959926,875566.70086214,634.1,4.327892077701941e-09,645.3,BID
626,1712370839.965345,875735.75166157,634.1,3.560399408661327e-08,645.3,BID
627,1712370840.469398,875735.75166157,634.1,0.0,645.3,BID
628,1712370840.9995708,875855.95166157,634.1,2.5295532289653868e-08,645.3,BID
629,1712370844.9996457,877601.65641868,633.1,-3.673754663202584e-07,645.3,ASK
630,1712370845.0052862,883938.78882117,633.1,-1.3336201107409312e-06,645.3,ASK
631,1712370848.369766,884926.17892087,633.1,-2.0779166513689285e-07,645.3,ASK
632,1712370850.2793725,884941.95179153,634.0,3.319327446607838e-09,645.3,BID
633,1712370850.44927,885572.68920064,632.5,-1.3273576121829864e-07,645.3,ASK
634,1712370870.2798116,886119.65485418,632.5,-1.1510638394723517e-07,645.3,ASK
635,1712370870.2860775,887404.64004699,632.5,-2.704191716844159e-07,645.3,ASK
636,1712370870.3644557,887722.87634619,632.5,6.697135259697379e-08,645.3,BID
637,1712370870.4421034,887722.87634619,632.5,0.0,645.3,BID
638,1712370900.6292474,887722.87634619,632.5,0.0,645.3,BID
639,1712370914.839694,887906.08699615,632.7,-3.9248719147668994e-08,645.3,ASK
640,1712370916.699185,887921.86235503,633.9,3.379512218706894e-09,645.3,BID
641,1712370930.6388586,887921.86235503,633.9,0.0,645.3,BID
642,1712370937.9089987,888920.17490435,633.5,2.138600128417037e-07,645.3,BID
643,1712370960.4288204,888920.17490435,633.5,0.0,645.3,BID
644,1712370990.4214773,888920.17490435,633.5,0.0,645.3,BID
645,1712371020.658607,888920.17490435,633.5,0.0,645.3,BID
646,1712371050.6481702,888920.17490435,633.5,0.0,645.3,BID
647,1712371068.5982163,889710.4388525,633.5,1.6926859664247938e-07,645.3,BID
648,1712371080.398018,889710.4388525,633.5,0.0,645.3,BID
649,1712371105.528124,890103.22222685,632.6,-8.412222535090997e-08,645.3,ASK
650,1712371110.4178896,890103.22222685,632.6,-0.0,645.3,ASK
651,1712371140.6620758,890103.22222685,632.6,-0.0,645.3,ASK
652,1712371153.8579714,892860.10624681,632.3,-5.90409098395891e-07,645.3,ASK
653,1712371153.861276,893257.71174378,632.6,-8.515044567839405e-08,645.3,ASK
654,1712371153.867925,894048.22557777,632.5,-1.6929495641326513e-07,645.3,ASK
655,1712371170.6278305,894048.22557777,632.5,-0.0,645.3,ASK
656,1712371200.5276625,894048.22557777,632.5,-0.0,645.3,ASK
657,1712371230.4117205,894048.22557777,632.5,-0.0,645.3,ASK
658,1712371250.0076811,894063.96369549,635.4,3.401228067201358e-09,645.3,BID
659,1712371260.6527452,894063.96369549,635.4,0.0,645.3,BID
660,1712371290.6575463,894063.96369549,635.4,0.0,645.3,BID
661,1712371298.3799317,894157.51703932,635.4,2.0218146592286213e-08,645.3,BID
662,1712371298.391747,894302.02681868,635.4,3.123052350145092e-08,645.3,BID
663,1712371320.4372883,894302.02681868,635.4,0.0,645.3,BID
664,1712371323.9174209,894522.60703828,635.4,4.766881916684328e-08,645.3,BID
665,1712371325.8075373,894857.54957937,635.4,7.238326016473005e-08,645.3,BID
666,1712371325.813388,895174.26251457,635.4,6.844372384445941e-08,645.3,BID
667,1712371350.4372993,895174.26251457,635.4,0.0,645.3,BID
668,1712371380.617137,895174.26251457,635.4,0.0,645.3,BID
669,1712371410.6471882,895174.26251457,635.4,0.0,645.3,BID
670,1712371435.7574298,895364.48199313,634.1,-4.110274280644515e-08,645.3,ASK
671,1712371440.476924,895364.48199313,634.1,-0.0,645.3,ASK
672,1712371470.3970854,895364.48199313,634.1,-0.0,645.3,ASK
673,1712371500.4367409,895364.48199313,634.1,-0.0,645.3,ASK
674,1712371524.7371905,895544.58199313,635.9,3.931006339805029e-08,645.3,BID
675,1712371524.7571046,895597.18199313,635.9,1.1480895806415664e-08,645.3,BID
676,1712371524.897197,896411.71321095,636.0,1.777860844651815e-07,645.3,BID
677,1712371524.9016454,896430.71321095,636.0,4.14709164110255e-09,645.3,BID
678,1712371524.9060647,896430.74352217,635.9,6.6159687892245474e-12,645.3,BID
679,1712371525.0369024,896652.52061317,636.0,-4.8406837909164464e-08,645.3,ASK
680,1712371525.9971309,897739.43447022,636.0,-2.372384932195062e-07,645.3,ASK
681,1712371530.4178903,897739.43447022,636.0,-0.0,645.3,ASK
682,1712371549.807136,899385.14916063,636.0,-3.590884379265266e-07,645.3,ASK
683,1712371560.4392254,899385.14916063,636.0,-0.0,645.3,ASK
684,1712371590.416783,899385.14916063,636.0,-0.0,645.3,ASK
685,1712371620.6170652,899385.14916063,636.0,-0.0,645.3,ASK
686,1712371650.6274529,899385.14916063,636.0,-0.0,645.3,ASK
687,1712371680.4330697,899385.14916063,636.0,-0.0,645.3,ASK
688,1712371710.4266908,899385.14916063,636.0,-0.0,645.3,ASK
689,1712371739.9773693,899456.82886813,636.0,1.563665763531946e-08,645.3,BID
690,1712371740.3754098,900128.23125012,636.2,1.4646389541573078e-07,645.3,BID
691,1712371740.4293208,900497.36907355,636.2,8.052602286664086e-08,645.3,BID
692,1712371740.515591,900497.36907355,636.2,0.0,645.3,BID
693,1712371741.077269,900861.81812958,636.2,7.949091606422335e-08,645.3,BID
694,1712371741.9367943,901479.03328515,636.2,1.346223767443002e-07,645.3,BID
695,1712371743.979982,901997.81987461,636.2,1.1315387035772893e-07,645.3,BID
696,1712371744.003867,902576.01987461,636.2,1.2611268134151666e-07,645.3,BID
697,1712371744.207042,902867.89723877,636.2,6.3662118673674e-08,645.3,BID
698,1712371744.5470378,903215.73649724,636.2,7.586811062175526e-08,645.3,BID
699,1712371744.866786,903746.50718169,636.2,1.1576775197761769e-07,645.3,BID
700,1712371745.4798636,904187.90718169,636.2,9.627488333475076e-08,645.3,BID
701,1712371745.4966035,904855.78374776,636.2,1.4567226660716197e-07,645.3,BID
702,1712371746.336795,905137.58374776,636.2,6.146411899351114e-08,645.3,BID
703,1712371746.6566274,905688.092615,636.2,1.2007289752665866e-07,645.3,BID
704,1712371747.476835,906617.892615,636.2,2.028010569203693e-07,645.3,BID
705,1712371748.3666792,906870.68440144,636.2,5.513706331555979e-08,645.3,BID
706,1712371748.4872513,907652.70758724,636.2,1.70569077883931e-07,645.3,BID
707,1712371748.7067764,907906.20758724,636.2,5.5291533587127376e-08,645.3,BID
708,1712371749.5072818,908365.62994877,636.2,1.0020578671879354e-07,645.3,BID
709,1712371749.7489293,908684.82994877,636.2,6.962152868247923e-08,645.3,BID
710,1712371750.237981,909118.44589513,636.2,9.457708347960814e-08,645.3,BID
711,1712371750.9578583,910259.44589513,636.2,2.488664292817055e-07,645.3,BID
712,1712371751.3967595,910666.90097896,636.2,8.887107081983643e-08,645.3,BID
713,1712371751.6424763,913143.07586155,636.2,5.400848390072196e-07,645.3,BID
714,1712371751.8767824,914118.78420777,636.2,2.1281424377223578e-07,645.3,BID
715,1712371752.1367874,915020.78420777,636.2,1.967375277932501e-07,645.3,BID
716,1712371760.146934,915302.48420777,636.2,6.14423077376379e-08,645.3,BID
717,1712371763.946638,915645.38420777,636.2,7.479079631963418e-08,645.3,BID
718,1712371765.0468109,916251.18420777,636.2,1.321325879569402e-07,645.3,BID
719,1712371766.258026,916856.98420777,636.2,1.321325879569148e-07,645.3,BID
720,1712371768.1967452,917138.88420777,636.2,6.148593024935895e-08,645.3,BID
721,1712371768.2365952,917330.16036909,636.2,4.17197329311396e-08,645.3,BID
722,1712371770.445639,917330.16036909,636.2,0.0,645.3,BID
723,1712371771.756873,917494.56036909,636.2,3.5774144372085844e-08,645.3,BID
724,1712371776.5383773,928159.29829109,636.2,2.320692664916684e-06,645.3,BID
725,1712371776.5568137,932423.20802309,636.2,9.27845026412405e-07,645.3,BID
726,1712371776.5617075,944270.72501291,636.2,2.578070457693421e-06,645.3,BID
727,1712371776.616846,944553.38394366,636.2,6.150779438391111e-08,645.3,BID
728,1712371776.6567354,944939.10762993,636.2,8.39351267662185e-08,645.3,BID
729,1712371776.816726,945762.63349949,636.6,1.792027576143693e-07,645.3,BID
730,1712371779.426709,946010.11671838,636.7,5.3853408772783273e-08,645.3,BID
731,1712371781.9967966,946872.00545444,636.7,1.875506817305517e-07,645.3,BID
732,1712371782.0968175,946872.00545446,636.7,4.3571853235271135e-18,645.3,BID
733,1712371782.1018674,947088.60960695,637.1,4.713399162270107e-08,645.3,BID
734,1712371782.136861,947306.06041237,637.1,4.7318226927784886e-08,645.3,BID
735,1712371800.480054,947306.06041237,637.1,0.0,645.3,BID
736,1712371830.3992908,947306.06041237,637.1,0.0,645.3,BID
737,1712371843.7472658,947427.30192547,636.6,2.6454742525735283e-08,645.3,BID
738,1712371843.753735,947653.40281578,636.7,4.933492402934728e-08,645.3,BID
739,1712371860.332535,948697.69870229,636.3,2.278640219173226e-07,645.3,BID
740,1712371860.3374896,948786.83382334,636.4,1.944916899407931e-08,645.3,BID
741,1712371860.6270337,948786.83382334,636.4,0.0,645.3,BID
742,1712371890.6177187,948786.83382334,636.4,0.0,645.3,BID
743,1712371911.8466606,949295.25291669,636.4,1.109135874847271e-07,645.3,BID
744,1712371911.851688,951543.7178433,636.4,4.905113018095198e-07,645.3,BID
745,1712371920.4264717,951543.7178433,636.4,0.0,645.3,BID
746,1712371950.441495,951543.7178433,636.4,0.0,645.3,BID
747,1712371960.6067405,951570.26597343,637.3,5.789361192316993e-09,645.3,BID
748,1712371960.623377,952719.74229026,637.3,2.5066675308373925e-07,645.3,BID
749,1712371980.6366868,952719.74229026,637.3,0.0,645.3,BID
750,1712372010.61663,952719.74229026,637.3,0.0,645.3,BID
751,1712372040.4151163,952719.74229026,637.3,0.0,645.3,BID
752,1712372070.4165864,952719.74229026,637.3,0.0,645.3,BID
753,1712372100.6238167,952719.74229026,637.3,0.0,645.3,BID
754,1712372130.6166198,952719.74229026,637.3,0.0,645.3,BID
755,1712372132.1567998,952876.57580665,637.0,3.441332313419192e-08,645.3,BID
756,1712372160.4266927,952876.57580665,637.0,0.0,645.3,BID
757,1712372172.8578196,953074.83640506,636.9,4.350254099697417e-08,645.3,BID
758,1712372172.864318,953925.80629344,637.0,1.8672067346372245e-07,645.3,BID
759,1712372190.434354,953925.80629344,637.0,0.0,645.3,BID
760,1712372220.646579,953925.80629344,637.0,0.0,645.3,BID
761,1712372250.626562,953925.80629344,637.0,0.0,645.3,BID
762,1712372280.446549,953925.80629344,637.0,0.0,645.3,BID
763,1712372310.4167109,953925.80629344,637.0,0.0,645.3,BID
764,1712372340.4531603,953925.80629344,637.0,0.0,645.3,BID
765,1712372370.4188466,953925.80629344,637.0,0.0,645.3,BID
766,1712372400.5520554,953925.80629344,637.0,0.0,645.3,BID
767,1712372430.4898307,953925.80629344,637.0,0.0,645.3,BID
768,1712372433.436735,954082.98956914,636.2,-3.4627157040282045e-08,645.3,ASK
769,1712372435.2271245,955801.50388919,637.3,3.785852214324275e-07,645.3,BID
770,1712372435.547022,956003.28765283,637.3,4.4452554132273014e-08,645.3,BID
771,1712372435.5534933,957535.46091694,637.3,3.375346645054696e-07,645.3,BID
772,1712372443.017393,957803.92832417,637.6,5.914282565336891e-08,645.3,BID
773,1712372443.0218363,957953.92832416,637.7,3.30446959612563e-08,645.3,BID
774,1712372443.0367117,957953.92832417,637.7,2.179915051978764e-18,645.3,BID
775,1712372460.6468265,957953.92832417,637.7,0.0,645.3,BID
776,1712372490.63687,957953.92832417,637.7,0.0,645.3,BID
777,1712372520.4741828,957953.92832417,637.7,0.0,645.3,BID
778,1712372526.5317297,958388.45222366,637.1,-9.56706302139362e-08,645.3,ASK
779,1712372526.6767294,958738.73447705,637.1,-7.712285555274748e-08,645.3,ASK
780,1712372526.686793,959052.65693766,637.1,-6.911739418731752e-08,645.3,ASK
781,1712372526.7469258,959052.6569382,637.1,-1.1890482610524436e-16,645.3,ASK
782,1712372526.75319,959837.58629454,637.0,-1.7282061189867882e-07,645.3,ASK
783,1712372550.4128752,959837.58629454,637.0,-0.0,645.3,ASK
784,1712372558.377205,960485.60743654,637.6,1.426393702203873e-07,645.3,BID
785,1712372580.6324062,960485.60743654,637.6,0.0,645.3,BID
786,1712372610.6470914,960485.60743654,637.6,0.0,645.3,BID
787,1712372640.4453964,960485.60743654,637.6,0.0,645.3,BID
788,1712372670.4878266,960485.60743654,637.6,0.0,645.3,BID
789,1712372676.438713,960563.78872467,638.9,1.7207332996684845e-08,645.3,BID
790,1712372700.64684,960563.78872467,638.9,0.0,645.3,BID
791,1712372713.7569191,964827.69845667,639.0,-9.419528107960578e-07,645.3,ASK
792,1712372713.842286,966732.27052467,639.0,-4.207446042659809e-07,645.3,ASK
793,1712372713.863228,968636.84259267,639.0,-4.207446042659809e-07,645.3,ASK
794,1712372721.3312385,968793.34267877,639.3,3.4572893249907254e-08,645.3,BID
795,1712372721.5970075,968840.92092877,639.0,-1.0510650819818042e-08,645.3,ASK
796,1712372730.616831,968840.92092877,639.0,-0.0,645.3,ASK
797,1712372760.4645894,968840.92092877,639.0,-0.0,645.3,ASK
798,1712372790.4064796,968840.92092877,639.0,-0.0,645.3,ASK
799,1712372804.8071835,972805.07843787,639.0,-8.747116211723178e-07,645.3,ASK
800,1712372804.9468646,973455.51562323,639.0,1.4352229031539446e-07,645.3,BID
801,1712372804.9530442,975348.41930823,639.0,4.176788755816419e-07,645.3,BID
802,1712372804.9668837,976214.31807438,639.0,1.910649896658941e-07,645.3,BID
803,1712372805.107179,976214.3180744,639.3,4.392585744961651e-18,645.3,BID
1004,1712372805.1121914,976378.48516438,639.4,3.6224307709768984e-08,645.3,BID
804,1712372805.1121914,976378.48516438,639.4,3.622430770976898e-08,645.3,BID
805,1712372820.6368206,976378.48516438,639.4,0.0,645.3,BID
806,1712372823.597064,979313.65437738,639.0,-6.469724901615606e-07,645.3,ASK
807,1712372823.6038637,979313.65437768,639.0,-6.612675824587635e-17,645.3,ASK
808,1712372849.7570417,979331.57613042,639.0,3.950327956173161e-09,645.3,BID
809,1712372849.8175972,979659.94533563,639.0,-7.237941902843635e-08,645.3,ASK
810,1712372849.8227775,980131.3249567,639.0,-1.0390189632146048e-07,645.3,ASK
811,1712372850.0570543,980146.97440896,639.0,3.449465554991396e-09,645.3,BID
812,1712372850.6483788,980146.97440896,639.0,0.0,645.3,BID
813,1712372880.415051,980146.97440896,639.0,0.0,645.3,BID
814,1712372888.2467656,980422.6925749,639.0,-6.074179125428322e-08,645.3,ASK
815,1712372910.482765,980422.6925749,639.0,-0.0,645.3,ASK
816,1712372940.6396658,980422.6925749,639.0,-0.0,645.3,ASK
817,1712372970.6150954,980422.6925749,639.0,-0.0,645.3,ASK
818,1712373000.4797204,980422.6925749,639.0,-0.0,645.3,ASK
819,1712373007.5339184,980438.32001668,639.9,3.458910412048481e-09,645.3,BID
820,1712373030.433534,980438.32001668,639.9,0.0,645.3,BID
821,1712373060.6131127,980438.32001668,639.9,0.0,645.3,BID
822,1712373090.6223626,980438.32001668,639.9,0.0,645.3,BID
823,1712373120.4278286,980438.32001668,639.9,0.0,645.3,BID
824,1712373150.450088,980438.32001668,639.9,0.0,645.3,BID
825,1712373173.651362,983447.07333854,639.7,6.659429805827238e-07,645.3,BID
826,1712373180.6009982,983447.07333854,639.7,0.0,645.3,BID
827,1712373210.6108508,983447.07333854,639.7,0.0,645.3,BID
828,1712373240.392619,983447.07333854,639.7,0.0,645.3,BID
829,1712373249.9002352,983447.07333855,639.0,-2.215001810065989e-18,645.3,ASK
830,1712373249.9072027,984067.07333855,639.0,-1.3716938157173994e-07,645.3,ASK
831,1712373249.911908,984808.97333854,638.6,-1.6413865191401254e-07,645.3,ASK
832,1712373270.4322786,984808.97333854,638.6,-0.0,645.3,ASK
833,1712373300.4405284,984808.97333854,638.6,-0.0,645.3,ASK
834,1712373330.4192052,984808.97333854,638.6,-0.0,645.3,ASK
835,1712373360.5986948,984808.97333854,638.6,-0.0,645.3,ASK
836,1712373390.6282203,984808.97333854,638.6,-0.0,645.3,ASK
837,1712373420.4342856,984808.97333854,638.6,-0.0,645.3,ASK
838,1712373442.3979254,984824.60078032,639.9,3.463358263580613e-09,645.3,BID
839,1712373450.5007584,984824.60078032,639.9,0.0,645.3,BID
840,1712373452.4376674,988047.58671532,639.9,7.142775119879258e-07,645.3,BID
841,1712373453.4777932,988047.58671602,639.9,1.5513504423484648e-16,645.3,BID
842,1712373453.4849513,989668.24779302,639.9,3.591705906266104e-07,645.3,BID
843,1712373480.467252,989668.24779302,639.9,0.0,645.3,BID
844,1712373510.418871,989668.24779302,639.9,0.0,645.3,BID
845,1712373540.646868,989668.24779302,639.9,0.0,645.3,BID
846,1712373570.6067188,989668.24779302,639.9,0.0,645.3,BID
847,1712373581.8579483,989676.16259526,640.0,1.752872875635372e-09,645.3,BID
848,1712373600.4661863,989676.16259526,640.0,0.0,645.3,BID
849,1712373607.674029,989687.24779302,640.0,2.457427862720274e-09,645.3,BID
850,1712373607.6811604,989691.78546822,640.3,1.0059368998125871e-09,645.3,BID
851,1712373630.4257908,989691.78546822,640.3,0.0,645.3,BID
852,1712373660.615884,989691.78546822,640.3,0.0,645.3,BID
853,1712373690.5988872,989691.78546822,640.3,0.0,645.3,BID
854,1712373720.4638746,989691.78546822,640.3,0.0,645.3,BID
855,1712373750.415537,989691.78546822,640.3,0.0,645.3,BID
856,1712373755.065681,989701.78546822,640.3,-2.216850315320844e-09,645.3,ASK
857,1712373755.077712,989716.78546822,640.3,-3.325275472981267e-09,645.3,ASK
858,1712373778.7654352,989730.50913612,640.3,3.042331751138839e-09,645.3,BID
859,1712373778.7740517,989777.51731529,640.4,1.0421009681584955e-08,645.3,BID
860,1712373778.7793815,989825.30777989,640.5,1.0594430651776444e-08,645.3,BID
861,1712373780.5951345,989825.30777989,640.5,0.0,645.3,BID
862,1712373810.6152954,989825.30777989,640.5,0.0,645.3,BID
863,1712373817.114958,989825.3077799,640.5,2.219405877938217e-18,645.3,BID
864,1712373817.1205504,990143.22802516,640.9,7.047682363820229e-08,645.3,BID
865,1712373840.4147604,990143.22802516,640.9,0.0,645.3,BID
866,1712373870.414517,990143.22802516,640.9,0.0,645.3,BID
867,1712373900.5950987,990143.22802516,640.9,0.0,645.3,BID
868,1712373902.9946055,990214.13963718,640.9,1.5775339096835632e-08,645.3,BID
869,1712373903.0067198,991074.94330727,640.9,1.914985346496005e-07,645.3,BID
870,1712373929.784775,994699.80430427,640.9,-8.064040539714197e-07,645.3,ASK
871,1712373930.323978,996248.42585621,640.9,-3.4451381682923925e-07,645.3,ASK
872,1712373930.3273056,1004912.16730721,640.9,-1.927377693773312e-06,645.3,ASK
873,1712373930.6199143,1004912.16730721,640.9,-0.0,645.3,ASK
874,1712373960.4442985,1004912.16730721,640.9,-0.0,645.3,ASK
875,1712373990.3942833,1004912.16730721,640.9,-0.0,645.3,ASK
876,1712373995.6002195,1004927.7703654,640.9,3.4638376748202102e-09,645.3,BID
877,1712374020.608105,1004927.7703654,640.9,0.0,645.3,BID
878,1712374050.63449,1004927.7703654,640.9,0.0,645.3,BID
879,1712374080.4239757,1004927.7703654,640.9,0.0,645.3,BID
880,1712374110.4193308,1004927.7703654,640.9,0.0,645.3,BID
881,1712374140.6237998,1004927.7703654,640.9,0.0,645.3,BID
882,1712374158.4937086,1004945.57859344,640.9,3.9533707762523814e-09,645.3,BID
1082,1712374158.4937086,1004945.57859344,640.9,3.953370776252381e-09,645.3,BID
883,1712374160.5837948,1005125.57859344,640.1,-3.9959435499542455e-08,645.3,ASK
884,1712374160.5895722,1005281.80418319,640.1,-3.468159098329178e-08,645.3,ASK
885,1712374160.5952294,1008406.31597822,640.1,-6.936318196725551e-07,645.3,ASK
886,1712374160.5990355,1009968.57187573,640.1,-3.468159098351663e-07,645.3,ASK
887,1712374160.6023197,1148643.38868119,639.1,-3.078537443082584e-05,645.3,ASK
888,1712374161.853539,1148651.43411422,639.2,-1.786060901267207e-09,645.3,ASK
889,1712374170.6235244,1148651.43411422,639.2,-0.0,645.3,ASK
890,1712374200.5233922,1148651.43411422,639.2,-0.0,645.3,ASK
891,1712374207.4934878,1148667.05667319,640.1,3.423137298189293e-09,645.3,BID
892,1712374230.40125,1148667.05667319,640.1,0.0,645.3,BID
893,1712374260.61298,1148667.05667319,640.1,0.0,645.3,BID
894,1712374290.6230474,1148667.05667319,640.1,0.0,645.3,BID
895,1712374320.4422138,1148667.05667319,640.1,0.0,645.3,BID
896,1712374350.4190545,1148667.05667319,640.1,0.0,645.3,BID
897,1712374380.6023996,1148667.05667319,640.1,0.0,645.3,BID
898,1712374395.3777778,1148759.37630613,640.8,2.0228573758432042e-08,645.3,BID
899,1712374410.6622643,1148759.37630613,640.8,0.0,645.3,BID
900,1712374440.4459145,1148759.37630613,640.8,0.0,645.3,BID
901,1712374451.7920802,1148851.83124961,640.5,2.0257959671745923e-08,645.3,BID
902,1712374468.4424784,1152792.24013572,639.2,-8.633896825895319e-07,645.3,ASK
903,1712374468.450003,1153105.13124961,639.2,-6.855810331230757e-08,645.3,ASK
904,1712374468.7222292,1153105.15258878,639.2,-4.675661762649089e-12,645.3,ASK
905,1712374470.4192677,1153105.15258878,639.2,-0.0,645.3,ASK
906,1712374477.262127,1153190.60839479,639.1,-1.8712976574541752e-08,645.3,ASK
907,1712374477.3420024,1154061.81227788,639.1,-1.9077484160664626e-07,645.3,ASK
908,1712374477.3820722,1154691.34027363,639.1,-1.378530399224076e-07,645.3,ASK
909,1712374500.6219275,1154691.34027363,639.1,-0.0,645.3,ASK
910,1712374530.6319094,1154691.34027363,639.1,-0.0,645.3,ASK
911,1712374560.4640284,1154691.34027363,639.1,-0.0,645.3,ASK
912,1712374570.2928166,1154741.12277991,639.1,-1.0908621083349587e-08,645.3,ASK
913,1712374588.6718535,1154891.04781691,639.2,3.285241225796205e-08,645.3,BID
914,1712374590.4316232,1154891.04781691,639.2,0.0,645.3,BID
915,1712374609.7417974,1154891.04781739,639.2,1.0514753174828448e-16,645.3,BID
916,1712374609.8116472,1154971.04781739,639.9,1.7529556918544534e-08,645.3,BID
917,1712374610.165707,1155547.14714039,639.9,1.2623457341580665e-07,645.3,BID
918,1712374610.171682,1155547.14714084,639.9,9.861726291578547e-17,645.3,BID
919,1712374620.6216547,1155547.14714084,639.9,0.0,645.3,BID
920,1712374650.6519775,1155547.14714084,639.9,0.0,645.3,BID
921,1712374679.6417456,1159387.62820929,639.1,-8.41446734937554e-07,645.3,ASK
922,1712374679.6498048,1164546.84958205,639.2,-1.1303818197653364e-06,645.3,ASK
923,1712374679.6571891,1166396.40222136,639.1,-4.052356987846454e-07,645.3,ASK
924,1712374679.6605072,1166810.59884188,639.1,-9.075019190222424e-08,645.3,ASK
925,1712374679.7215106,1176220.42569488,639.1,2.0616865285005058e-06,645.3,BID
926,1712374679.7275014,1185589.94039668,639.1,2.0528541641687747e-06,645.3,BID
927,1712374680.4289613,1185589.94039668,639.1,0.0,645.3,BID
928,1712374710.4147153,1185589.94039668,639.1,0.0,645.3,BID
929,1712374740.4778976,1185589.94039668,639.1,0.0,645.3,BID
930,1712374770.4713922,1185589.94039668,639.1,0.0,645.3,BID
931,1712374800.4710782,1185589.94039668,639.1,0.0,645.3,BID
932,1712374830.4420722,1185589.94039668,639.1,0.0,645.3,BID
933,1712374836.6920063,1185636.88140747,639.7,-1.0248822181981534e-08,645.3,ASK
934,1712374860.6115406,1185636.88140747,639.7,-0.0,645.3,ASK
935,1712374873.169832,1187707.49493268,639.7,-4.520825252900228e-07,645.3,ASK
936,1712374873.1733863,1191205.78140747,639.7,-7.637901348831984e-07,645.3,ASK
937,1712374873.3014004,1191573.37676304,639.7,-8.025806583778201e-08,645.3,ASK
938,1712374873.30882,1192358.68587465,639.7,-1.7145861455432184e-07,645.3,ASK
939,1712374875.1316216,1192570.38587465,639.7,-4.6221020696835616e-08,645.3,ASK
940,1712374875.1387963,1193324.26177812,639.7,-1.645957191173315e-07,645.3,ASK
941,1712374875.1516652,1193512.56177812,639.7,-4.1112036831451177e-08,645.3,ASK
942,1712374875.1714022,1193700.86177812,639.7,-4.1112036831451177e-08,645.3,ASK
943,1712374875.1912627,1194882.19269521,639.7,-2.579231023553999e-07,645.3,ASK
944,1712374875.194699,1195740.30852621,639.7,-1.873546980866485e-07,645.3,ASK
945,1712374875.47159,1195905.90852621,639.7,-3.6155885816731074e-08,645.3,ASK
946,1712374875.4794905,1207585.83027597,639.7,-2.55010819524418e-06,645.3,ASK
947,1712374879.2014089,1208263.67926767,639.7,-1.479965624690644e-07,645.3,ASK
948,1712374879.2212982,1208263.67926768,639.7,-2.1858847896314295e-18,645.3,ASK
949,1712374890.6115675,1208263.67926768,639.7,-0.0,645.3,ASK
950,1712374920.4024668,1208263.67926768,639.7,-0.0,645.3,ASK
951,1712374950.4211948,1208263.67926768,639.7,-0.0,645.3,ASK
952,1712374980.592645,1208263.67926768,639.7,-0.0,645.3,ASK
953,1712375010.6135669,1208263.67926768,639.7,-0.0,645.3,ASK
954,1712375040.4054737,1208263.67926768,639.7,-0.0,645.3,ASK
955,1712375070.4281542,1208263.67926768,639.7,-0.0,645.3,ASK
956,1712375100.428084,1208263.67926768,639.7,-0.0,645.3,ASK
957,1712375111.355776,1208349.1350737,639.3,1.8710846664678346e-08,645.3,BID
958,1712375111.3656108,1211088.71650645,639.3,5.9984090608915e-07,645.3,BID
959,1712375111.369571,1213959.56377388,640.0,6.285820182429137e-07,645.3,BID
960,1712375111.373021,1216399.56377388,639.9,5.342465069156048e-07,645.3,BID
961,1712375111.376481,1220824.56377388,639.4,9.688691775006357e-07,645.3,BID
962,1712375111.3799455,1230824.56377388,639.9,2.1895348644082163e-06,645.3,BID
963,1712375130.413469,1230824.56377388,639.9,0.0,645.3,BID
964,1712375143.436457,1236796.88085132,638.2,-1.3035402306237831e-06,645.3,ASK
965,1712375143.4445026,1237453.13085132,638.9,-1.432355759506232e-07,645.3,ASK
966,1712375143.4512808,1238793.57193561,638.2,-2.92569677312221e-07,645.3,ASK
967,1712375160.5872746,1238793.57193561,638.2,-0.0,645.3,ASK
968,1712375190.657123,1238793.57193561,638.2,-0.0,645.3,ASK
969,1712375220.5197213,1238793.57193561,638.2,-0.0,645.3,ASK
970,1712375250.4084358,1238793.57193561,638.2,-0.0,645.3,ASK
971,1712375280.6086943,1238793.57193561,638.2,-0.0,645.3,ASK
972,1712375310.619203,1238793.57193561,638.2,-0.0,645.3,ASK
973,1712375318.7453775,1238822.22523061,638.8,6.247040025588609e-09,645.3,BID
974,1712375318.819623,1238822.22523074,638.8,2.8325269793489623e-17,645.3,BID
975,1712375318.8257294,1239400.90326561,638.9,1.2616436768450024e-07,645.3,BID
976,1712375318.8391728,1239400.90326581,638.9,4.360467159965517e-17,645.3,BID
977,1712375329.359363,1239705.95129581,639.0,6.650708943355574e-08,645.3,BID
978,1712375329.3694513,1239705.95129674,639.0,2.027439561921103e-16,645.3,BID
979,1712375334.220101,1240496.95326458,639.1,1.72455592049787e-07,645.3,BID
980,1712375334.2335832,1240833.00164274,639.1,7.32658379740781e-08,645.3,BID
981,1712375334.2994409,1240833.00164348,639.1,1.6132205627905022e-16,645.3,BID
982,1712375340.4495966,1240833.00164348,639.1,0.0,645.3,BID
983,1712375370.4101565,1240833.00164348,639.1,0.0,645.3,BID
984,1712375400.4604895,1240833.00164348,639.1,0.0,645.3,BID
985,1712375430.430711,1240833.00164348,639.1,0.0,645.3,BID
986,1712375460.610539,1240833.00164348,639.1,0.0,645.3,BID
987,1712375474.7863052,1241323.86008788,640.0,1.0760890819710813e-07,645.3,BID
988,1712375474.7902398,1244797.44839588,640.0,7.615006925409996e-07,645.3,BID
989,1712375490.641009,1244797.44839588,640.0,0.0,645.3,BID
990,1712375510.0213256,1246343.40066707,640.0,-3.387244446950385e-07,645.3,ASK
991,1712375510.0295956,1252390.20121054,640.0,-1.3248786488679526e-06,645.3,ASK
992,1712375520.4212434,1252390.20121054,640.0,-0.0,645.3,ASK
993,1712375550.4225194,1252390.20121054,640.0,-0.0,645.3,ASK
994,1712375574.909908,1252400.20121054,640.8,2.1887104319334884e-09,645.3,BID
995,1712375580.6418772,1252400.20121054,640.8,0.0,645.3,BID
996,1712375610.612053,1252400.20121054,640.8,0.0,645.3,BID
997,1712375640.4421685,1252400.20121054,640.8,0.0,645.3,BID
998,1712375670.4325683,1252400.20121054,640.8,0.0,645.3,BID
999,1712375696.0029707,1252840.59823068,639.3,-9.639002002780129e-08,645.3,ASK
1000,1712375700.44307,1252840.59823068,639.3,-0.0,645.3,ASK
1201,1712375711.1269913,1253840.59823068,640.5,2.1902757009178202e-07,645.3,BID
1202,1712375730.447671,1253840.59823068,640.5,0.0,645.3,BID
1203,1712375757.2132318,1253856.21103317,640.5,3.419154528261562e-09,645.3,BID
1204,1712375760.6345763,1253856.21103317,640.5,0.0,645.3,BID
1205,1712375779.503662,1253871.82383566,640.5,3.419147040386342e-09,645.3,BID
1206,1712375790.613459,1253871.82383566,640.5,0.0,645.3,BID
1207,1712375793.7235377,1253903.04944066,640.5,6.838279109625854e-09,645.3,BID
1208,1712375820.4336395,1253903.04944066,640.5,0.0,645.3,BID
1209,1712375835.2138944,1253934.27504565,640.5,6.838249156464333e-09,645.3,BID
1210,1712375845.023768,1253949.27504565,640.5,3.284923939174614e-09,645.3,BID
1211,1712375849.2838333,1254417.65912059,640.5,1.025737373665447e-07,645.3,BID
1212,1712375850.460636,1254417.65912059,640.5,0.0,645.3,BID
1213,1712375880.644299,1254417.65912059,640.5,0.0,645.3,BID
1214,1712375910.6441731,1254417.65912059,640.5,0.0,645.3,BID
1215,1712375911.7743924,1254448.88472558,640.5,6.837755591052421e-09,645.3,BID
1216,1712375940.4342394,1254448.88472558,640.5,0.0,645.3,BID
1217,1712375953.6747997,1254480.11033057,640.5,6.8377256446691485e-09,645.3,BID
1218,1712375956.754614,1254636.23835555,640.5,3.4188628229871795e-08,645.3,BID
1219,1712375970.424417,1254636.23835555,640.5,0.0,645.3,BID
1220,1712376000.544534,1254636.23835555,640.5,0.0,645.3,BID
1221,1712376030.4857085,1254636.23835555,640.5,0.0,645.3,BID
1222,1712376040.0958245,1254652.43835555,640.4,3.5578017663937912e-09,645.3,BID
1223,1712376060.6330228,1254652.43835555,640.4,0.0,645.3,BID
1224,1712376064.6752348,1254948.54316505,640.4,6.502961814904038e-08,645.3,BID
1225,1712376089.875378,1254967.39634659,640.0,-4.140477145619653e-09,645.3,ASK
1226,1712376090.6353476,1254967.39634659,640.0,-0.0,645.3,ASK
1227,1712376094.3756104,1255009.41197618,640.0,-9.226933305742853e-09,645.3,ASK
1228,1712376120.435364,1255009.41197618,640.0,-0.0,645.3,ASK
1229,1712376150.4458115,1255009.41197618,640.0,-0.0,645.3,ASK
1230,1712376180.615635,1255009.41197618,640.0,-0.0,645.3,ASK
1231,1712376210.6257222,1255009.41197618,640.0,-0.0,645.3,ASK
1232,1712376240.4667506,1255009.41197618,640.0,-0.0,645.3,ASK
1233,1712376270.438944,1255009.41197618,640.0,-0.0,645.3,ASK
1234,1712376300.6262105,1255009.41197618,640.0,-0.0,645.3,ASK
1235,1712376330.636305,1255009.41197618,640.0,-0.0,645.3,ASK
1236,1712376360.4191868,1255009.41197618,640.0,-0.0,645.3,ASK
1237,1712376390.5787137,1255009.41197618,640.0,-0.0,645.3,ASK
1238,1712376409.0965254,1255309.41197618,640.0,6.656009896636028e-08,645.3,BID
1239,1712376420.6186447,1255309.41197618,640.0,0.0,645.3,BID
1240,1712376450.6371794,1255309.41197618,640.0,0.0,645.3,BID
1241,1712376480.436554,1255309.41197618,640.0,0.0,645.3,BID
1242,1712376510.4265964,1255309.41197618,640.0,0.0,645.3,BID
1243,1712376540.6371455,1255309.41197618,640.0,0.0,645.3,BID
1244,1712376570.6367404,1255309.41197618,640.0,0.0,645.3,BID
1245,1712376600.4527333,1255309.41197618,640.0,0.0,645.3,BID
1246,1712376611.4950068,1255325.84132995,639.1,-3.6498844358590645e-09,645.3,ASK
1247,1712376611.496955,1256855.36424737,639.1,-3.397931512571085e-07,645.3,ASK
1248,1712376611.498228,1257691.13450237,639.1,-1.856716270406516e-07,645.3,ASK
1249,1712376611.7070088,1259514.90654537,639.1,-4.05162448112147e-07,645.3,ASK
1250,1712376612.937234,1259514.9065462,639.1,-1.843988912964966e-16,645.3,ASK
1251,1712376612.9404354,1259694.95977932,638.7,-3.999995997386712e-08,645.3,ASK
1252,1712376612.9438496,1261260.6400674,638.9,-3.478257389207e-07,645.3,ASK
1253,1712376630.467502,1261260.6400674,638.9,-0.0,645.3,ASK
1254,1712376638.8174062,1261570.86187599,638.5,6.885955161202316e-08,645.3,BID
1255,1712376647.957115,1261784.80724699,638.7,4.7489189697831263e-08,645.3,BID
1256,1712376660.6170075,1261784.80724699,638.7,0.0,645.3,BID
1257,1712376665.6073935,1261784.80724772,638.7,1.620083066902115e-16,645.3,BID
1258,1712376685.0870464,1262511.71565372,638.7,-1.6133897368400425e-07,645.3,ASK
1259,1712376685.1077602,1262511.71565469,638.7,-2.1528759351560483e-16,645.3,ASK
1260,1712376690.6271408,1262511.71565469,638.7,-0.0,645.3,ASK
1261,1712376720.492978,1262511.71565469,638.7,-0.0,645.3,ASK
1262,1712376750.4330926,1262511.71565469,638.7,-0.0,645.3,ASK
1263,1712376780.6274524,1262511.71565469,638.7,-0.0,645.3,ASK
1264,1712376810.647357,1262511.71565469,638.7,-0.0,645.3,ASK
1265,1712376840.415244,1262511.71565469,638.7,-0.0,645.3,ASK
1266,1712376870.4521084,1262511.71565469,638.7,-0.0,645.3,ASK
1267,1712376900.4881675,1262511.71565469,638.7,-0.0,645.3,ASK
1268,1712376919.2772765,1262888.44648669,639.4,8.441771758359699e-08,645.3,BID
1269,1712376930.4370513,1262888.44648669,639.4,0.0,645.3,BID
1270,1712376960.627247,1262888.44648669,639.4,0.0,645.3,BID
1271,1712376990.627231,1262888.44648669,639.4,0.0,645.3,BID
1272,1712377020.4060843,1262888.44648669,639.4,0.0,645.3,BID
1273,1712377035.2256582,1263229.44648669,638.7,-7.640704061903954e-08,645.3,ASK
1274,1712377036.8858652,1263858.04648669,638.7,-1.4084887311764685e-07,645.3,ASK
1275,1712377037.2911706,1265153.99484643,638.6,-2.903799969584437e-07,645.3,ASK
1276,1712377037.2931144,1270772.46409864,638.6,-1.2589167400892744e-06,645.3,ASK
1277,1712377037.2956676,1271368.54438672,638.6,-1.3356226036228698e-07,645.3,ASK
1278,1712377050.419778,1271368.54438672,638.6,-0.0,645.3,ASK
1279,1712377071.5249734,1276845.40364422,638.6,-1.2256992101747017e-06,645.3,ASK
1280,1712377071.6313753,1278689.74116629,638.6,-4.127553654041848e-07,645.3,ASK
1281,1712377080.627802,1278689.74116629,638.6,-0.0,645.3,ASK
1282,1712377081.1249423,1284031.21008006,638.6,-1.194149932933965e-06,645.3,ASK
1283,1712377081.144724,1285829.95975089,638.6,-4.021322286926285e-07,645.3,ASK
1284,1712377088.8426557,1287583.74067995,638.6,-3.920789229754508e-07,645.3,ASK
1285,1712377088.894564,1292791.67287088,638.6,-1.1642961846115569e-06,645.3,ASK
1286,1712377096.9113662,1297869.40675703,638.6,-1.1351887799947451e-06,645.3,ASK
1287,1712377096.984234,1299579.34316287,638.6,-3.822769499025493e-07,645.3,ASK
1288,1712377109.6940682,1301931.56585001,638.6,-5.258678107912614e-07,645.3,ASK
1289,1712377110.671199,1301931.56585001,638.6,-0.0,645.3,ASK
1290,1712377115.293995,1304481.18092614,638.6,-5.681121780921517e-07,645.3,ASK
1291,1712377140.4033773,1304481.18092614,638.6,-0.0,645.3,ASK
1292,1712377153.5034225,1304656.60992422,638.6,-3.907539092361077e-08,645.3,ASK
1293,1712377170.422666,1304656.60992422,638.6,-0.0,645.3,ASK
1294,1712377178.75267,1304672.25937648,639.0,3.485701979541649e-09,645.3,BID
1295,1712377200.4522429,1304672.25937648,639.0,0.0,645.3,BID
1296,1712377230.413357,1304672.25937648,639.0,0.0,645.3,BID
1297,1712377260.621197,1304672.25937648,639.0,0.0,645.3,BID
1298,1712377290.6110585,1304672.25937648,639.0,0.0,645.3,BID
1299,1712377298.6509771,1304872.25937648,639.0,4.500610634381807e-08,645.3,BID
1300,1712377302.5008094,1306437.20460339,639.0,3.521604565228229e-07,645.3,BID
1301,1712377320.4608026,1306437.20460339,639.0,0.0,645.3,BID
1302,1712377331.4205325,1308002.1498303,639.0,3.520711045965227e-07,645.3,BID
1303,1712377350.5613525,1308002.1498303,639.0,0.0,645.3,BID
1304,1712377380.599664,1308002.1498303,639.0,0.0,645.3,BID
1305,1712377410.6195168,1308002.1498303,639.0,0.0,645.3,BID
1306,1712377411.2597003,1308917.74059096,638.6,-2.059372688324995e-07,645.3,ASK
1307,1712377411.262367,1313221.5611204,638.6,-9.680275112639694e-07,645.3,ASK
1308,1712377411.2663543,1317664.83649512,638.6,-9.993940903038757e-07,645.3,ASK
1309,1712377411.26784,1318002.1498303,638.6,-7.586947135380618e-08,645.3,ASK
1310,1712377411.899227,1318170.43817145,639.0,3.785189065017164e-08,645.3,BID
1311,1712377421.919051,1318220.91626221,639.0,1.1353675237517706e-08,645.3,BID
1312,1712377429.169712,1318239.54541221,638.6,-4.190121216264354e-09,645.3,ASK
1313,1712377431.799748,1318477.96712741,638.6,-5.36264879117358e-08,645.3,ASK
1314,1712377440.4219694,1318477.96712741,638.6,-0.0,645.3,ASK
1315,1712377447.479656,1318704.87871074,639.0,5.0960914458289844e-08,645.3,BID
1316,1712377447.5789852,1320417.15579774,638.6,-3.845515723742784e-07,645.3,ASK
1317,1712377447.6586568,1322734.92985874,638.6,-5.205370476150479e-07,645.3,ASK
1318,1712377447.678759,1322734.92985885,638.6,-2.4733286362038426e-17,645.3,ASK
1319,1712377470.4105494,1322734.92985885,638.6,-0.0,645.3,ASK
1320,1712377482.6244593,1322932.72665242,638.3,-4.439506684454408e-08,645.3,ASK
1321,1712377500.6023476,1322932.72665242,638.3,-0.0,645.3,ASK
1322,1712377515.1179707,1325547.82474266,638.3,-5.874647794219218e-07,645.3,ASK
1323,1712377530.592463,1325547.82474266,638.3,-0.0,645.3,ASK
1324,1712377531.6245153,1326224.57785472,638.3,-1.5197119957860586e-07,645.3,ASK
1325,1712377531.7280364,1326721.41847692,638.3,-1.1157017826678845e-07,645.3,ASK
1326,1712377537.5776625,1326827.21847692,638.3,-2.3758373074111945e-08,645.3,ASK
1327,1712377538.6477437,1326933.01847692,638.3,-2.3758373074164253e-08,645.3,ASK
1328,1712377539.7276266,1327072.21847692,638.3,-3.1258653420804334e-08,645.3,ASK
1329,1712377543.3876991,1330640.54621792,638.3,-8.013011504870775e-07,645.3,ASK
1330,1712377544.3917482,1330699.31853235,638.6,1.3197869306795605e-08,645.3,BID
1331,1712377555.258369,1330699.3185332,638.3,-1.908899225343344e-16,645.3,ASK
1332,1712377555.2610917,1330859.3185332,638.1,-3.5929486690591725e-08,645.3,ASK
1333,1712377555.2637577,1331780.19442342,638.1,-2.067912377583732e-07,645.3,ASK
1334,1712377555.3075178,1336463.98994742,638.1,-1.0517898058813615e-06,645.3,ASK
1335,1712377555.357551,1336463.98994768,638.1,-5.834926144845719e-17,645.3,ASK
1336,1712377560.5216384,1336463.98994768,638.1,-0.0,645.3,ASK
1337,1712377590.4049802,1336463.98994768,638.1,-0.0,645.3,ASK
1338,1712377620.6366756,1336463.98994768,638.1,-0.0,645.3,ASK
1339,1712377635.086873,1336620.72975959,638.0,3.514240344935106e-08,645.3,BID
1340,1712377650.6365044,1336620.72975959,638.0,0.0,645.3,BID
1341,1712377677.8191683,1337965.35263383,638.3,3.014691642336081e-07,645.3,BID
1342,1712377677.8224375,1340348.20720964,638.0,5.342443529868863e-07,645.3,BID
1343,1712377680.4122286,1340348.20720964,638.0,0.0,645.3,BID
1344,1712377710.4566188,1340348.20720964,638.0,0.0,645.3,BID
1345,1712377740.4605384,1340348.20720964,638.0,0.0,645.3,BID
1346,1712377760.0567532,1340498.20720964,637.2,-3.3612601294095054e-08,645.3,ASK
1347,1712377760.0603044,1340678.20720964,637.2,-4.033512155291406e-08,645.3,ASK
1348,1712377770.6766136,1340678.20720964,637.2,-0.0,645.3,ASK
1349,1712377800.4874897,1340678.20720964,637.2,-0.0,645.3,ASK
1350,1712377830.42221,1340678.20720964,637.2,-0.0,645.3,ASK
1351,1712377860.6147392,1340678.20720964,637.2,-0.0,645.3,ASK
1352,1712377874.1564853,1341219.43175015,637.2,1.219775423641988e-07,645.3,BID
1353,1712377874.1601236,1341952.55697587,637.2,1.6522682654829528e-07,645.3,BID
1354,1712377874.279379,1341952.55697588,637.2,2.256373511718729e-18,645.3,BID
1355,1712377890.5954704,1341952.55697588,637.2,0.0,645.3,BID
1356,1712377920.4347112,1341952.55697588,637.2,0.0,645.3,BID
1357,1712377950.4381292,1341952.55697588,637.2,0.0,645.3,BID
1358,1712377980.6145544,1341952.55697588,637.2,0.0,645.3,BID
1359,1712378010.6238043,1341952.55697588,637.2,0.0,645.3,BID
1360,1712378025.132804,1342111.02841938,636.9,-3.5708691871035786e-08,645.3,ASK
1361,1712378038.5335,1342126.70485769,637.9,3.5324036487674747e-09,645.3,BID
1362,1712378040.4035282,1342126.70485769,637.9,0.0,645.3,BID
1363,1712378070.4206038,1342126.70485769,637.9,0.0,645.3,BID
1364,1712378100.58313,1342126.70485769,637.9,0.0,645.3,BID
1365,1712378130.6128602,1342126.70485769,637.9,0.0,645.3,BID
1366,1712378160.3926942,1342126.70485769,637.9,0.0,645.3,BID
1367,1712378190.4147978,1342126.70485769,637.9,0.0,645.3,BID
1368,1712378198.7729237,1343538.33861123,636.9,-3.214877684091069e-07,645.3,ASK
1369,1712378198.782489,1343697.05661649,636.9,-3.614669682516376e-08,645.3,ASK
1370,1712378220.452377,1343697.05661649,636.9,-0.0,645.3,ASK
1371,1712378247.032525,1348262.40579819,637.0,-1.0394832817751529e-06,645.3,ASK
1372,1712378247.036276,1349459.77487901,637.0,-2.7262868448614e-07,645.3,ASK
1373,1712378250.4079304,1349459.77487901,637.0,-0.0,645.3,ASK
1374,1712378280.602117,1349459.77487901,637.0,-0.0,645.3,ASK
1375,1712378310.6219857,1349459.77487901,637.0,-0.0,645.3,ASK
1376,1712378340.4217703,1349459.77487901,637.0,-0.0,645.3,ASK
1377,1712378356.921751,1349541.1674075,637.1,-1.8516769075575395e-08,645.3,ASK
1378,1712378366.4447908,1349994.0086535,637.9,1.0302121012357257e-07,645.3,BID
1379,1712378366.4616587,1349994.00865445,637.9,2.1616600869444967e-16,645.3,BID
1380,1712378370.4598134,1349994.00865445,637.9,0.0,645.3,BID
1381,1712378372.9815784,1350065.4800248,638.0,1.6258449134628492e-08,645.3,BID
1382,1712378372.9917734,1350190.87187432,638.0,2.85243867207317e-08,645.3,BID
1383,1712378390.6319077,1350190.87187433,638.0,2.277485401592717e-18,645.3,BID
1384,1712378400.401525,1350190.87187433,638.0,0.0,645.3,BID
1385,1712378430.418656,1350190.87187433,638.0,0.0,645.3,BID
1386,1712378460.6112924,1350190.87187433,638.0,0.0,645.3,BID
1387,1712378466.1379094,1350259.73290969,638.1,-1.5901124505620308e-08,645.3,ASK
1388,1712378466.1398106,1351921.83313252,638.1,-3.838057683267831e-07,645.3,ASK
1389,1712378490.6212723,1351921.83313252,638.1,-0.0,645.3,ASK
1390,1712378520.4227064,1351921.83313252,638.1,-0.0,645.3,ASK
1391,1712378550.4164865,1351921.83313252,638.1,-0.0,645.3,ASK
1392,1712378580.6208165,1351921.83313252,638.1,-0.0,645.3,ASK
1393,1712378610.5806687,1351921.83313252,638.1,-0.0,645.3,ASK
1394,1712378623.6707642,1351931.81383087,638.0,2.304116669133134e-09,645.3,BID
1395,1712378640.410459,1351931.81383087,638.0,0.0,645.3,BID
1396,1712378651.730683,1352071.51377809,638.0,-3.2250699560684826e-08,645.3,ASK
1397,1712378651.734617,1352189.04904387,638.0,-2.7133829467288352e-08,645.3,ASK
1398,1712378656.2904675,1352189.04904454,638.0,-1.5464037639990718e-16,645.3,ASK
1399,1712378670.4103804,1352189.04904454,638.0,-0.0,645.3,ASK
1400,1712378700.5122032,1352189.04904454,638.0,-0.0,645.3,ASK
1401,1712378730.4104488,1352189.04904454,638.0,-0.0,645.3,ASK
1402,1712378760.580008,1352189.04904454,638.0,-0.0,645.3,ASK
1403,1712378762.824607,1353758.16876837,637.3,-3.67237183466748e-07,645.3,ASK
1404,1712378790.6098578,1353758.16876837,637.3,-0.0,645.3,ASK
1405,1712378820.4299178,1353758.16876837,637.3,-0.0,645.3,ASK
1406,1712378836.2898283,1353797.56115986,636.1,-9.217248221981635e-09,645.3,ASK
1407,1712378850.4297323,1353797.56115986,636.1,-0.0,645.3,ASK
1408,1712378858.1103716,1353816.98666174,637.6,4.5452590237204175e-09,645.3,BID
1409,1712378880.589692,1353816.98666174,637.6,0.0,645.3,BID
1410,1712378910.611832,1353816.98666174,637.6,0.0,645.3,BID
1411,1712378913.149559,1353966.66730731,637.4,3.502279310490663e-08,645.3,BID
1412,1712378940.4374895,1353966.66730731,637.4,0.0,645.3,BID
1413,1712378970.467351,1353966.66730731,637.4,0.0,645.3,BID
1414,1712379000.4490724,1353966.66730731,637.4,0.0,645.3,BID
1415,1712379018.7092042,1353973.87401661,637.4,-1.6924019001742301e-09,645.3,ASK
1416,1712379030.442566,1353973.87401661,637.4,-0.0,645.3,ASK
1417,1712379033.0895028,1353982.66730731,637.4,2.0649876686711237e-09,645.3,BID
1418,1712379033.093711,1354840.15552561,637.6,2.013697325856953e-07,645.3,BID
1419,1712379033.149306,1354840.15552671,637.6,2.582950357294386e-16,645.3,BID
1420,1712379060.580246,1354840.15552671,637.6,0.0,645.3,BID
1421,1712379090.6010242,1354840.15552671,637.6,0.0,645.3,BID
1422,1712379101.8314865,1355838.46807603,636.6,-2.3441005331704533e-07,645.3,ASK
1423,1712379120.4387,1355838.46807603,636.6,-0.0,645.3,ASK
1424,1712379122.6348548,1355847.20505324,638.0,2.0511910039201278e-09,645.3,BID
1425,1712379126.4924607,1356161.37407618,637.4,-7.375785218077824e-08,645.3,ASK
1426,1712379150.4226296,1356161.37407618,637.4,-0.0,645.3,ASK
1427,1712379172.853347,1356474.4121103,638.9,7.348877741074978e-08,645.3,BID
1428,1712379180.5934362,1356474.4121103,638.9,0.0,645.3,BID
1429,1712379192.8739116,1359863.2539713,638.9,7.955268229450703e-07,645.3,BID
1430,1712379192.893668,1360513.14129601,638.9,1.5256031998677528e-07,645.3,BID
1431,1712379202.9940596,1360536.61914856,638.9,5.511399532595508e-09,645.3,BID
1432,1712379210.59417,1360536.61914856,638.9,0.0,645.3,BID
1433,1712379240.4046743,1360536.61914856,638.9,0.0,645.3,BID
1434,1712379270.4272127,1360536.61914856,638.9,0.0,645.3,BID
1435,1712379295.5859528,1362136.61914856,639.4,3.753695086083167e-07,645.3,BID
1436,1712379300.5974994,1362136.61914856,639.4,0.0,645.3,BID
1437,1712379330.6060648,1362136.61914856,639.4,0.0,645.3,BID
1438,1712379360.4070203,1362136.61914856,639.4,0.0,645.3,BID
1439,1712379390.4074333,1362136.61914856,639.4,0.0,645.3,BID
1440,1712379420.5980756,1362136.61914856,639.4,0.0,645.3,BID
1441,1712379450.6185198,1362136.61914856,639.4,0.0,645.3,BID
1442,1712379480.4454584,1362136.61914856,639.4,0.0,645.3,BID
1443,1712379491.9092224,1365836.61914856,638.9,-8.699916613023414e-07,645.3,ASK
1444,1712379510.4447134,1365836.61914856,638.9,-0.0,645.3,ASK
1445,1712379540.6297762,1365836.61914856,638.9,-0.0,645.3,ASK
1446,1712379552.1566272,1365852.24903289,639.8,3.6730581148716796e-09,645.3,BID
1447,1712379570.620582,1365852.24903289,639.8,0.0,645.3,BID
1448,1712379597.432802,1365912.24903289,639.7,1.4100102363928306e-08,645.3,BID
1449,1712379600.51658,1365912.24903289,639.7,0.0,645.3,BID
1450,1712379622.070819,1367605.17764589,639.7,3.993082921064048e-07,645.3,BID
1451,1712379630.4107203,1367605.17764589,639.7,0.0,645.3,BID
1452,1712379641.7110052,1367605.17764628,639.7,9.196312335406454e-17,645.3,BID
1453,1712379660.6010933,1367605.17764628,639.7,0.0,645.3,BID
1454,1712379664.5911462,1367608.97326383,639.8,8.95037452832462e-10,645.3,BID
1455,1712379690.641389,1367608.97326383,639.8,0.0,645.3,BID
1456,1712379713.061844,1367688.97326383,640.1,1.8864639095465915e-08,645.3,BID
1457,1712379720.451642,1367688.97326383,640.1,0.0,645.3,BID
1458,1712379722.0118232,1367845.10128881,640.5,3.681579098910337e-08,645.3,BID
1459,1712379750.092235,1367865.4519463,639.1,-4.798789664711764e-09,645.3,ASK
1460,1712379750.624616,1367865.4519463,639.1,-0.0,645.3,ASK
1461,1712379754.3037486,1368592.360354,639.1,-1.7140417230060964e-07,645.3,ASK
1462,1712379780.632374,1368592.360354,639.1,-0.0,645.3,ASK
1463,1712379810.6224067,1368592.360354,639.1,-0.0,645.3,ASK
1464,1712379840.4041936,1368592.360354,639.1,-0.0,645.3,ASK
1465,1712379870.3927832,1368592.360354,639.1,-0.0,645.3,ASK
1466,1712379900.614498,1368592.360354,639.1,-0.0,645.3,ASK
1467,1712379930.033352,1373223.139085,640.4,1.0987323743758305e-06,645.3,BID
1468,1712379930.056697,1378359.539845,640.4,1.2186999488878935e-06,645.3,BID
1469,1712379930.1136112,1383262.34236,640.5,1.1632747236097007e-06,645.3,BID
1470,1712379930.1179144,1383495.162869,640.4,5.5240693956016464e-08,645.3,BID
1471,1712379930.1385727,1388125.112282,640.5,1.0985356043317e-06,645.3,BID
1472,1712379930.180286,1388466.2794402,640.5,8.09478110622517e-08,645.3,BID
1473,1712379930.4796836,1389754.1719097,640.5,3.055747711462979e-07,645.3,BID
1474,1712379930.491356,1389754.17190971,640.5,2.3754532388515414e-18,645.3,BID
1475,1712379930.6232607,1389754.17190971,640.5,0.0,645.3,BID
1476,1712379960.4246306,1389754.17190971,640.5,0.0,645.3,BID
1477,1712379963.3336458,1389838.36991915,640.9,1.991339865502035e-08,645.3,BID
1478,1712379963.3381517,1389851.6426658,640.9,3.139094344952172e-09,645.3,BID
1479,1712379990.423555,1389851.6426658,640.9,0.0,645.3,BID
1480,1712380020.4637785,1389851.6426658,640.9,0.0,645.3,BID
1481,1712380029.4440532,1389868.07201957,640.8,3.8855958695311705e-09,645.3,BID
1482,1712380029.44976,1389868.07201958,640.9,2.36780395610627e-18,645.3,BID
1483,1712380042.433935,1389876.28276158,641.0,1.941867321594922e-09,645.3,BID
1484,1712380047.6339846,1390024.07825958,641.0,-3.495411837860292e-08,645.3,ASK
1485,1712380047.7341435,1390163.67948734,640.9,-3.3016146682061564e-08,645.3,ASK
1486,1712380047.7386153,1390163.67948758,641.0,-5.677222973826893e-17,645.3,ASK
1487,1712380050.435676,1390163.67948758,641.0,-0.0,645.3,ASK
1488,1712380059.9240234,1390290.35655458,641.0,-2.995812338974808e-08,645.3,ASK
1489,1712380060.0239844,1390290.35655466,641.0,-1.8941535709189458e-17,645.3,ASK
1490,1712380072.07416,1390290.35655511,640.9,-1.0643601315657911e-16,645.3,ASK
1491,1712380080.79811,1390302.83705388,640.9,2.951539145739517e-09,645.3,BID
1492,1712380080.8002722,1390337.12293254,641.7,8.108338847317389e-09,645.3,BID
1493,1712380080.8327606,1390337.12293254,641.7,0.0,645.3,BID
1494,1712380110.6241908,1390337.12293254,641.7,0.0,645.3,BID
1495,1712380140.3943768,1390337.12293254,641.7,0.0,645.3,BID
1496,1712380170.444669,1390337.12293254,641.7,0.0,645.3,BID
1497,1712380200.4745922,1390337.12293254,641.7,0.0,645.3,BID
1498,1712380230.4247522,1390337.12293254,641.7,0.0,645.3,BID
1499,1712380260.614888,1390337.12293254,641.7,0.0,645.3,BID
1500,1712380273.6554673,1391154.41105252,642.4,1.9447681326380226e-07,645.3,BID
1501,1712380275.5652735,1391154.41105253,642.4,2.382326258688741e-18,645.3,BID
1502,1712380290.6063757,1391154.41105253,642.4,0.0,645.3,BID
1503,1712380296.6052332,1392012.22851284,642.1,-2.0409542574780133e-07,645.3,ASK
1504,1712380320.4401505,1392012.22851284,642.1,-0.0,645.3,ASK
1505,1712380324.335578,1392060.46771084,642.5,1.1475762667070433e-08,645.3,BID
1506,1712380331.2851465,1392060.46771138,642.5,1.2844652711282076e-16,645.3,BID
1507,1712380350.4307811,1392060.46771138,642.5,0.0,645.3,BID
1508,1712380359.9355285,1392110.46771138,642.5,-1.1894557259091428e-08,645.3,ASK
1509,1712380366.7581496,1392186.24591989,642.5,-1.8026964802275778e-08,645.3,ASK
1510,1712380380.8160136,1392186.24591989,642.5,-0.0,645.3,ASK
1511,1712380410.6252596,1392186.24591989,642.5,-0.0,645.3,ASK
1512,1712380440.4254131,1392186.24591989,642.5,-0.0,645.3,ASK
1513,1712380470.4255493,1392186.24591989,642.5,-0.0,645.3,ASK
1514,1712380495.625751,1392486.24591989,642.5,-7.136597157386689e-08,645.3,ASK
1515,1712380500.462607,1392486.24591989,642.5,-0.0,645.3,ASK
1516,1712380528.3358898,1392586.24591988,642.8,2.4221182661153172e-08,645.3,BID
1517,1712380530.5976086,1392586.24591988,642.8,0.0,645.3,BID
1518,1712380546.3075178,1392586.24591989,642.8,2.4249186718650108e-18,645.3,BID
1519,1712380546.3141088,1393185.35149411,643.0,1.4510819623539448e-07,645.3,BID
1520,1712380546.3173082,1393199.46706334,643.2,3.418904576975081e-09,645.3,BID
1521,1712380546.3194964,1393215.01916288,643.0,3.7668437902285516e-09,645.3,BID
1522,1712380560.6159322,1393215.01916288,643.0,0.0,645.3,BID
1523,1712380590.6156633,1393215.01916288,643.0,0.0,645.3,BID
1524,1712380617.3457062,1394080.88205672,642.9,2.0969843307584975e-07,645.3,BID
1525,1712380617.3499055,1395236.79210223,643.0,2.799433109381381e-07,645.3,BID
1526,1712380620.4255755,1395236.79210223,643.0,0.0,645.3,BID
1527,1712380650.426004,1395236.79210223,643.0,0.0,645.3,BID
1528,1712380673.8759496,1395252.34420176,643.0,3.765289569627641e-09,645.3,BID
1529,1712380680.615615,1395252.34420176,643.0,0.0,645.3,BID
1530,1712380710.6358595,1395252.34420176,643.0,0.0,645.3,BID
1531,1712380733.836039,1395260.34420176,641.7,-1.9368602657626627e-09,645.3,ASK
1532,1712380733.840988,1395677.80487816,641.7,-1.0107037457969345e-07,645.3,ASK
1533,1712380733.8958552,1396818.7048064,641.7,-2.762204672774668e-07,645.3,ASK
1534,1712380740.4256818,1396818.7048064,641.7,-0.0,645.3,ASK
1535,1712380770.4558048,1396818.7048064,641.7,-0.0,645.3,ASK
1536,1712380800.4562514,1396818.7048064,641.7,-0.0,645.3,ASK
1537,1712380830.4273932,1396818.7048064,641.7,-0.0,645.3,ASK
1538,1712380837.6164093,1397414.33163812,641.1,-1.473496454677025e-07,645.3,ASK
1539,1712380837.6763566,1397452.47932453,641.1,-9.437197534726626e-09,645.3,ASK
1540,1712380847.3267677,1398232.51052576,641.0,-1.9296867574458082e-07,645.3,ASK
1541,1712380857.5575635,1398232.51052577,641.0,-2.476757210526459e-18,645.3,ASK
1542,1712380860.616362,1398232.51052577,641.0,-0.0,645.3,ASK
1543,1712380890.6465094,1398232.51052577,641.0,-0.0,645.3,ASK
1544,1712380920.436397,1398232.51052577,641.0,-0.0,645.3,ASK
1545,1712380950.446492,1398232.51052577,641.0,-0.0,645.3,ASK
1546,1712380952.5366445,1398544.547348,641.0,7.717618850578277e-08,645.3,BID
1547,1712380952.5423646,1402969.547348,640.8,1.094436969641584e-06,645.3,BID
1548,1712380952.616592,1407297.99681727,641.0,-1.0705570893546955e-06,645.3,ASK
1549,1712380952.626513,1410884.42637751,641.0,-8.870330168908353e-07,645.3,ASK
1550,1712380980.6165652,1410884.42637751,641.0,-0.0,645.3,ASK
1551,1712381010.6168716,1410884.42637751,641.0,-0.0,645.3,ASK
1552,1712381040.4574995,1410884.42637751,641.0,-0.0,645.3,ASK
1553,1712381070.4067688,1410884.42637751,641.0,-0.0,645.3,ASK
1554,1712381100.616054,1410884.42637751,641.0,-0.0,645.3,ASK
1555,1712381103.966071,1411021.10530793,641.0,3.4798412553774375e-08,645.3,BID
1556,1712381130.6253295,1411021.10530793,641.0,0.0,645.3,BID
1557,1712381160.4247916,1411021.10530793,641.0,0.0,645.3,BID
1558,1712381190.4383864,1411021.10530793,641.0,0.0,645.3,BID
1559,1712381220.4568624,1411021.10530793,641.0,0.0,645.3,BID
1560,1712381250.4360914,1411021.10530793,641.0,0.0,645.3,BID
1561,1712381280.6229527,1411021.10530793,641.0,0.0,645.3,BID
1562,1712381310.6121309,1411021.10530793,641.0,0.0,645.3,BID
1563,1712381340.4210234,1411021.10530793,641.0,0.0,645.3,BID
1564,1712381370.4410484,1411021.10530793,641.0,0.0,645.3,BID
1565,1712381384.6312208,1423673.02115967,640.2,-3.2211019341465464e-06,645.3,ASK
1566,1712381400.5095203,1423673.02115967,640.2,-0.0,645.3,ASK
1567,1712381430.387615,1423673.02115967,640.2,-0.0,645.3,ASK
1568,1712381437.531051,1423688.6023376,641.8,3.971850402842374e-09,645.3,BID
1569,1712381456.1049273,1423719.78338808,641.8,7.948466314152014e-09,645.3,BID
1570,1712381460.620011,1423719.78338808,641.8,0.0,645.3,BID
1571,1712381460.6728792,1424442.50533814,641.9,1.842300704477397e-07,645.3,BID
1572,1712381460.7665503,1426370.16349586,641.9,4.913820566352489e-07,645.3,BID
1573,1712381490.6096902,1426370.16349586,641.9,0.0,645.3,BID
1574,1712381497.7140024,1430795.16349586,641.8,1.127494017415542e-06,645.3,BID
1575,1712381497.71639,1431370.16349586,641.9,1.465105220370479e-07,645.3,BID
1576,1712381504.9994204,1435785.01792525,642.3,1.124908916813059e-06,645.3,BID
1577,1712381520.5317743,1435785.01792525,642.3,0.0,645.3,BID
1578,1712381534.4596798,1436541.95549336,642.1,1.925717805603184e-07,645.3,BID
1579,1712381550.3859613,1436541.95549336,642.1,0.0,645.3,BID
1580,1712381580.6046145,1436541.95549336,642.1,0.0,645.3,BID
1581,1712381610.6481967,1436541.95549336,642.1,0.0,645.3,BID
1582,1712381627.4879942,1437188.70111291,642.1,-1.6451760706646336e-07,645.3,ASK
1583,1712381640.3880086,1437188.70111291,642.1,-0.0,645.3,ASK
1584,1712381648.5280569,1437665.45065235,642.1,1.2126160026806398e-07,645.3,BID
1585,1712381648.6081347,1440322.83987535,642.1,-6.759089271372525e-07,645.3,ASK
1586,1712381648.6283326,1440322.83987634,642.1,-2.5180619334789387e-16,645.3,ASK
1587,1712381669.010961,1440406.50752935,642.1,2.128092982865092e-08,645.3,BID
1588,1712381670.4082332,1440406.50752935,642.1,0.0,645.3,BID
1589,1712381700.6175992,1440406.50752935,642.1,0.0,645.3,BID
1590,1712381714.3874173,1443402.95043856,641.8,7.673748075221516e-07,645.3,BID
1591,1712381719.207672,1453402.95043856,641.9,2.560952538636785e-06,645.3,BID
1592,1712381719.2127936,1454414.80940551,642.0,2.591322790153239e-07,645.3,BID
