,time,acc_trade_volume,trade_price,dev,high,ask_bid
0,1712365207.2161858,16048712.90136831,1721.0,0.0,1791.0,BID
1,1712365209.871009,16049476.80025552,1720.0,1.4459688128831296e-08,1791.0,BID
2,1712365209.8721447,16049576.64004448,1720.0,1.889847249925458e-09,1791.0,BID
3,1712365209.8733022,16049632.03796503,1721.0,1.0486160767286392e-09,1791.0,BID
4,1712365212.7386136,16049774.78942021,1718.0,-2.7021135341414742e-09,1791.0,ASK
5,1712365214.3513784,16049928.56600586,1718.0,-2.9108060074985723e-09,1791.0,ASK
6,1712365214.3685634,16050099.92400951,1718.0,-3.243601126592922e-09,1791.0,ASK
7,1712365216.9386322,16050105.78587834,1720.0,1.1095813406573531e-10,1791.0,BID
8,1712365221.6786082,16050141.00024789,1720.0,6.6656570637434e-10,1791.0,BID
9,1712365222.3585324,16050144.41004789,1719.0,-6.454341721698084e-11,1791.0,ASK
10,1712365223.578663,16050259.33524415,1719.0,2.175395885360768e-09,1791.0,BID
11,1712365223.5885098,16050804.70722488,1720.0,1.0323236343941144e-08,1791.0,BID
12,1712365225.1684902,16051035.1921086,1720.0,4.362801926804648e-09,1791.0,BID
13,1712365228.4285266,16051995.82674179,1718.0,-1.8183659427015123e-08,1791.0,ASK
14,1712365230.3398347,16051995.82674179,1718.0,-0.0,1791.0,ASK
15,1712365230.5907362,16052223.48895109,1720.0,4.3068502594053715e-09,1791.0,BID
16,1712365235.538876,16052702.94937124,1715.0,-9.070298672920795e-09,1791.0,ASK
17,1712365235.6187265,16052966.65260232,1715.0,-4.988664270101151e-09,1791.0,ASK
18,1712365235.738458,16054354.31483181,1716.0,2.6251407519111373e-08,1791.0,BID
19,1712365236.038445,16054935.71018064,1716.0,1.0998675259375314e-08,1791.0,BID
20,1712365237.0188437,16055726.04958602,1716.0,1.4951420719060494e-08,1791.0,BID
21,1712365237.078679,16056089.39068566,1715.0,-6.873585713008647e-09,1791.0,ASK
22,1712365237.928565,16056205.80512105,1716.0,2.2022958610147524e-09,1791.0,BID
23,1712365238.2887745,16056209.50603663,1715.0,-7.001289005055839e-11,1791.0,ASK
24,1712365238.2898388,16056902.51463437,1715.0,-1.3110143611991693e-08,1791.0,ASK
25,1712365238.290895,16058167.84705908,1715.0,-2.3937206347697043e-08,1791.0,ASK
26,1712365241.0984983,16058171.35173197,1714.0,-6.630042550362112e-11,1791.0,ASK
27,1712365241.7185645,16059337.53248998,1714.0,2.2061482736108682e-08,1791.0,BID
28,1712365243.308597,16059420.08733986,1713.0,-1.5617496540720396e-09,1791.0,ASK
29,1712365245.1187785,16059741.4818524,1713.0,-6.080051862613743e-09,1791.0,ASK
30,1712365245.120085,16061147.63622661,1713.0,-2.6601236761881923e-08,1791.0,ASK
31,1712365246.098552,16061166.03338179,1713.0,3.4803225711146087e-10,1791.0,BID
32,1712365249.7587464,16061192.60546122,1712.0,-5.02683196895872e-10,1791.0,ASK
33,1712365249.760161,16061860.09662293,1711.0,-1.2627411865162513e-08,1791.0,ASK
34,1712365249.7984688,16061863.04466729,1713.0,5.577028200800056e-11,1791.0,BID
35,1712365252.0686514,16062616.05343797,1712.0,1.4245210170387709e-08,1791.0,BID
36,1712365252.2485318,16062704.55190034,1712.0,1.674189259540087e-09,1791.0,BID
37,1712365252.4287994,16062932.55190034,1712.0,4.313240489769005e-09,1791.0,BID
38,1712365253.4085655,16062963.79595104,1712.0,5.91066248002516e-10,1791.0,BID
39,1712365253.8888505,16063021.79595104,1712.0,1.0972278438886063e-09,1791.0,BID
40,1712365255.3035808,16063032.79595104,1712.0,2.0809493590990807e-10,1791.0,BID
41,1712365257.6788592,16063033.31968191,1712.0,9.907794717879232e-12,1791.0,BID
42,1712365257.7585568,16063148.34485178,1712.0,-2.1760141229181803e-09,1791.0,ASK
43,1712365257.8186336,16063612.50674269,1712.0,8.780885358231445e-09,1791.0,BID
44,1712365257.8386264,16064355.53060362,1712.0,1.4056318429060353e-08,1791.0,BID
45,1712365257.8397694,16065948.50674269,1713.0,3.01354788696256e-08,1791.0,BID
46,1712365257.8585718,16066189.50674269,1713.0,4.559170868571624e-09,1791.0,BID
47,1712365260.2752776,16066189.50674269,1713.0,0.0,1791.0,BID
48,1712365260.7686644,16066644.50674269,1712.0,-8.603603708641313e-09,1791.0,ASK
49,1712365264.3386135,16066656.14818622,1712.0,2.2012827852634319e-10,1791.0,BID
50,1712365269.548599,16066761.58159743,1712.0,1.9936423905664428e-09,1791.0,BID
51,1712365270.9484577,16066767.42271892,1712.0,1.1044987803725647e-10,1791.0,BID
52,1712365271.668775,16066885.75771519,1711.0,-2.237598709386295e-09,1791.0,ASK
53,1712365274.8287334,16067236.50201676,1711.0,-6.632230711598778e-09,1791.0,ASK
54,1712365274.829609,16067485.75771519,1711.0,-4.713180772323832e-09,1791.0,ASK
55,1712365276.0885537,16067488.70748154,1712.0,5.577718838750594e-11,1791.0,BID
56,1712365276.2486122,16067970.72879514,1712.0,9.114550244657529e-09,1791.0,BID
57,1712365276.2501132,16068657.70748154,1712.0,1.2990093129851692e-08,1791.0,BID
58,1712365276.268556,16068816.42972972,1712.0,3.0012820287559153e-09,1791.0,BID
59,1712365276.2698936,16068938.09814217,1712.0,2.300630339712805e-09,1791.0,BID
60,1712365277.058669,16068996.09814217,1712.0,-1.096723110112519e-09,1791.0,ASK
61,1712365278.9486823,16069044.34864322,1712.0,9.123696478568127e-10,1791.0,BID
62,1712365278.9505494,16069518.00465074,1712.0,8.956370511926727e-09,1791.0,BID
63,1712365278.9686456,16070189.02730461,1712.0,1.2688380205320257e-08,1791.0,BID
64,1712365280.2486243,16070365.0609261,1712.0,3.328623118015251e-09,1791.0,BID
65,1712365281.0886586,16070451.99373946,1711.0,-1.6438142316961921e-09,1791.0,ASK
66,1712365281.238616,16070949.51446205,1711.0,9.407628865944084e-09,1791.0,BID
67,1712365281.2786143,16071449.12380142,1713.0,9.447122560595453e-09,1791.0,BID
68,1712365285.1488187,16071479.12380142,1711.0,-5.672705741961305e-10,1791.0,ASK
69,1712365285.150476,16071654.4598622,1711.0,-3.315432929218119e-09,1791.0,ASK
70,1712365285.2285695,16072239.4632068,1711.0,1.106183943991403e-08,1791.0,BID
71,1712365285.229861,16072356.4632068,1713.0,2.2123552393649084e-09,1791.0,BID
72,1712365285.2685916,16072473.4632068,1713.0,2.2123552393649084e-09,1791.0,BID
73,1712365285.2886147,16072550.08165768,1713.0,1.448779754158145e-09,1791.0,BID
74,1712365285.6085885,16073135.08165768,1713.0,1.1061776196824544e-08,1791.0,BID
75,1712365290.2195008,16073135.08165768,1713.0,0.0,1791.0,BID
76,1712365290.8584776,16073143.07815913,1712.0,-1.5117201086255948e-10,1791.0,ASK
77,1712365290.878642,16073235.83016672,1712.0,-1.7534552563478791e-09,1791.0,ASK
78,1712365291.1585732,16073412.63905572,1712.0,-3.3425311628190467e-09,1791.0,ASK
79,1712365293.9590282,16073427.08165768,1712.0,-2.730340504773511e-10,1791.0,ASK
80,1712365293.961073,16073660.08165768,1712.0,-4.404811123144154e-09,1791.0,ASK
81,1712365301.6904263,16073904.7939012,1711.0,-4.626228378649092e-09,1791.0,ASK
82,1712365301.6942184,16073940.63843655,1711.0,-6.77632652434059e-10,1791.0,ASK
83,1712365303.1589315,16074962.12674064,1710.0,-1.9311000188910774e-08,1791.0,ASK
84,1712365303.1609402,16075576.92206226,1710.0,-1.1622563395386125e-08,1791.0,ASK
85,1712365303.162786,16077329.88254647,1710.0,-3.3139312614944805e-08,1791.0,ASK
86,1712365303.4248097,16077332.83403682,1711.0,5.5797242591547056e-11,1791.0,BID
87,1712365306.9285488,16077919.81534599,1710.0,-1.1096745921499177e-08,1791.0,ASK
88,1712365307.9390574,16077953.85566647,1710.0,-6.43524387496838e-10,1791.0,ASK
89,1712365308.0388937,16079244.17392899,1710.0,-2.43931683911636e-08,1791.0,ASK
90,1712365309.6385598,16079667.40737333,1710.0,-8.001130400505432e-09,1791.0,ASK
91,1712365311.78872,16081564.83444303,1710.0,-3.5870420008475985e-08,1791.0,ASK
92,1712365311.8489437,16082011.37174908,1710.0,-8.441684517541436e-09,1791.0,ASK
93,1712365311.8513818,16082192.59491852,1710.0,-3.4259821137953767e-09,1791.0,ASK
94,1712365312.7586863,16082551.86273475,1710.0,-6.791874991933466e-09,1791.0,ASK
95,1712365312.858951,16082660.27326934,1710.0,-2.0494760885414692e-09,1791.0,ASK
96,1712365312.958733,16083941.21232219,1710.0,-2.4215856601130697e-08,1791.0,ASK
97,1712365313.3987508,16084001.21232219,1710.0,-1.1342861261315415e-09,1791.0,ASK
98,1712365313.8447835,16085062.16308429,1710.0,-2.0057028832655054e-08,1791.0,ASK
99,1712365313.846688,16085289.38514577,1710.0,-4.295580531452741e-09,1791.0,ASK
100,1712365313.8485212,16085778.40653452,1710.0,-9.244836277354965e-09,1791.0,ASK
101,1712365314.1995072,16087065.76795753,1710.0,-2.433727002395349e-08,1791.0,ASK
102,1712365315.5487404,16087991.93660504,1710.0,-1.7509004122125842e-08,1791.0,ASK
103,1712365317.618641,16088032.05168263,1710.0,-7.583662659945614e-10,1791.0,ASK
104,1712365317.8622062,16088053.61043043,1709.0,-4.0756314210641607e-10,1791.0,ASK
105,1712365317.8636897,16088571.4027961,1709.0,-9.788744943275713e-09,1791.0,ASK
106,1712365317.865153,16089045.0238172,1710.0,-8.953695887954845e-09,1791.0,ASK
107,1712365317.8661542,16092958.6372937,1709.0,-7.39859578239214e-08,1791.0,ASK
108,1712365320.3386962,16092958.6372937,1709.0,-0.0,1791.0,ASK
109,1712365322.4786754,16092988.6372937,1709.0,-5.667798817539186e-10,1791.0,ASK
110,1712365322.5828898,16093741.81910754,1709.0,1.4229609979577892e-08,1791.0,BID
111,1712365322.6045256,16094264.47209559,1709.0,9.874306625512884e-09,1791.0,BID
112,1712365322.719395,16094326.81910754,1710.0,-1.1779010686885255e-09,1791.0,ASK
113,1712365322.7387264,16094406.69604001,1708.0,-1.5090879446761615e-09,1791.0,ASK
114,1712365322.7407682,16094416.69604001,1709.0,-1.8892662725130606e-10,1791.0,ASK
115,1712365324.3886228,16094430.37508405,1708.0,-2.584335654484162e-10,1791.0,ASK
116,1712365324.3898742,16094457.35865575,1708.0,-5.097915192616826e-10,1791.0,ASK
117,1712365326.0986714,16094465.57780742,1708.0,-1.5528166039014282e-10,1791.0,ASK
118,1712365326.2588034,16095384.71440414,1709.0,-1.7364937720132744e-08,1791.0,ASK
119,1712365328.948661,16095560.25565633,1709.0,-3.316441671977436e-09,1791.0,ASK
120,1712365328.9500897,16095708.87798765,1708.0,-2.8078715790396033e-09,1791.0,ASK
121,1712365329.2690213,16096014.60523929,1709.0,-5.7760018511430954e-09,1791.0,ASK
122,1712365330.7787497,16096017.55672964,1711.0,5.576151172030516e-11,1791.0,BID
123,1712365338.728763,16097932.94423907,1711.0,3.618677020358567e-08,1791.0,BID
124,1712365338.7307992,16098943.24426621,1711.0,1.90872576639366e-08,1791.0,BID
125,1712365338.8287065,16101868.93180278,1711.0,5.5274027867522265e-08,1791.0,BID
126,1712365339.2086847,16101898.93180278,1711.0,5.667798817539186e-10,1791.0,BID
127,1712365339.3486228,16103370.03625634,1711.0,2.7793080274545995e-08,1791.0,BID
128,1712365339.898952,16103370.77217653,1711.0,1.3903491957608964e-11,1791.0,BID
129,1712365344.388702,16103469.01257572,1711.0,-1.8560227278655154e-09,1791.0,ASK
130,1712365344.5386434,16103850.46933746,1711.0,-7.206733943777127e-09,1791.0,ASK
131,1712365348.7492528,16104107.14525692,1711.0,-4.8492915760230785e-09,1791.0,ASK
132,1712365348.7513788,16104282.4813177,1711.0,-3.312565059889036e-09,1791.0,ASK
133,1712365348.7534547,16104288.33269277,1709.0,-1.1054805566571959e-10,1791.0,ASK
134,1712365348.7555602,16104540.79535033,1710.0,-4.769691839964862e-09,1791.0,ASK
135,1712365348.7576952,16104570.79535033,1711.0,-5.667798817539186e-10,1791.0,ASK
136,1712365348.758876,16104689.20003914,1709.0,-2.236979850778941e-09,1791.0,ASK
137,1712365350.328623,16104689.20003914,1709.0,-0.0,1791.0,ASK
138,1712365353.089451,16105792.72067762,1712.0,2.0840543302024352e-08,1791.0,BID
139,1712365353.091327,16106382.72067762,1712.0,1.1142447290467465e-08,1791.0,BID
140,1712365357.5087156,16106499.74817908,1712.0,2.210123333144051e-09,1791.0,BID
141,1712365358.288681,16106502.69794543,1712.0,5.5707823871542326e-11,1791.0,BID
142,1712365358.408833,16106619.48611691,1710.0,-2.205603465864685e-09,1791.0,ASK
143,1712365358.4109545,16106794.9247134,1710.0,-3.313246295069908e-09,1791.0,ASK
144,1712365360.5586505,16107454.8917418,1711.0,1.2463809876936706e-08,1791.0,BID
145,1712365360.7387629,16107455.22189039,1711.0,6.235022491891512e-12,1791.0,BID
146,1712365361.0067472,16108462.09929281,1712.0,1.90153870922356e-08,1791.0,BID
147,1712365362.808952,16109335.24462258,1712.0,1.6489789515080467e-08,1791.0,BID
148,1712365362.8111873,16109423.69688356,1712.0,1.6704655180946271e-09,1791.0,BID
149,1712365365.8587096,16109964.76467819,1712.0,-1.0218337935995993e-08,1791.0,ASK
150,1712365366.138796,16109972.74891636,1713.0,1.5078636095718055e-10,1791.0,BID
151,1712365371.5787542,16110593.59448451,1713.0,1.172498138751668e-08,1791.0,BID
152,1712365371.5886998,16114721.69165006,1714.0,7.796119504586409e-08,1791.0,BID
153,1712365375.982167,16114751.69165006,1714.0,5.665651164644473e-10,1791.0,BID
154,1712365376.2238758,16114868.33927723,1714.0,2.202949215783737e-09,1791.0,BID
155,1712365376.524543,16115626.53660796,1714.0,1.4318938632936526e-08,1791.0,BID
156,1712365380.2579963,16115626.53660796,1714.0,0.0,1791.0,BID
157,1712365381.9286482,16116853.51169194,1714.0,2.3163847244331804e-08,1791.0,BID
158,1712365386.79063,16116856.45286841,1717.0,5.552595433097433e-11,1791.0,BID
159,1712365390.4313264,16116882.37475869,1713.0,-4.89374816650332e-10,1791.0,ASK
160,1712365391.028701,16116914.82998458,1713.0,-6.12716512813632e-10,1791.0,ASK
161,1712365391.030733,16116961.60609594,1713.0,8.8307799595088e-10,1791.0,BID
162,1712365391.6487172,16117876.04928203,1717.0,1.7263612401570204e-08,1791.0,BID
163,1712365392.00868,16118157.51309293,1717.0,5.313705881751007e-09,1791.0,BID
164,1712365396.5689597,16121196.20458003,1717.0,5.736692321540964e-08,1791.0,BID
165,1712365399.2388227,16124115.06038855,1717.0,5.510456647379606e-08,1791.0,BID
166,1712365399.3188355,16124214.99946996,1717.0,1.886732376024958e-09,1791.0,BID
167,1712365399.3212075,16127032.21324735,1717.0,5.318568440889349e-08,1791.0,BID
168,1712365399.4191308,16129947.66514239,1717.0,5.504030458869591e-08,1791.0,BID
169,1712365399.52058,16130328.85907439,1717.0,7.196493332733377e-09,1791.0,BID
170,1712365402.0886626,16131101.07906559,1719.0,1.4578605669124446e-08,1791.0,BID
171,1712365409.6988716,16131119.12858914,1720.0,3.407537869578583e-10,1791.0,BID
172,1712365409.7003448,16131122.82364799,1720.0,6.975836746081015e-11,1791.0,BID
173,1712365409.7087178,16131244.02651267,1720.0,2.2881676080052902e-09,1791.0,BID
174,1712365410.271087,16131244.02651267,1720.0,0.0,1791.0,BID
175,1712365416.3688462,16131391.44231525,1722.0,2.781629001447637e-09,1791.0,BID
176,1712365416.3713458,16131397.53293325,1722.0,1.1492553286225778e-10,1791.0,BID
177,1712365416.4488988,16132177.44651217,1722.0,-1.4716402120806411e-08,1791.0,ASK
178,1712365423.198944,16132236.53457142,1724.0,1.114948712226566e-09,1791.0,BID
179,1712365423.2014656,16132288.7651135,1724.0,9.855523496697284e-10,1791.0,BID
180,1712365423.2038755,16132292.28614153,1723.0,6.643923859130271e-11,1791.0,BID
181,1712365428.2186773,16132546.20220686,1722.0,-4.791211517946383e-09,1791.0,ASK
182,1712365428.220332,16134608.31875829,1720.0,-3.891063985941693e-08,1791.0,ASK
183,1712365430.2710588,16134666.32339866,1724.0,1.0945053857744247e-09,1791.0,BID
184,1712365431.5585785,16135095.28915605,1723.0,8.094271919881835e-09,1791.0,BID
185,1712365435.8389363,16135440.27278924,1723.0,6.509590303782803e-09,1791.0,BID
186,1712365435.8986192,16135469.23761717,1720.0,-5.46545241302557e-10,1791.0,ASK
187,1712365440.3385282,16135469.23761717,1720.0,-0.0,1791.0,ASK
188,1712365443.2888374,16135472.73819789,1722.0,6.604434935645161e-11,1791.0,BID
189,1712365447.3286736,16135676.20317074,1721.0,3.838709296649413e-09,1791.0,BID
190,1712365457.588967,16136166.37401007,1722.0,9.24789820836138e-09,1791.0,BID
191,1712365457.598654,16136296.963953,1723.0,2.463799153995212e-09,1791.0,BID
192,1712365457.6005964,16136452.08807108,1724.0,2.9266776775814902e-09,1791.0,BID
193,1712365457.6025455,16136553.06042362,1723.0,1.905013442712804e-09,1791.0,BID
194,1712365464.1385646,16136585.48037584,1723.0,-6.11656985662809e-10,1791.0,ASK
195,1712365464.3586998,16138001.29518856,1723.0,-2.6711730317974763e-08,1791.0,ASK
196,1712365466.268623,16138509.48265228,1723.0,9.587812162962718e-09,1791.0,BID
197,1712365467.8585503,16138809.48265228,1723.0,5.6600051245390076e-09,1791.0,BID
198,1712365470.3185327,16138809.48265228,1723.0,0.0,1791.0,BID
199,1712365471.6590834,16142518.7077561,1723.0,6.997318011853635e-08,1791.0,BID
200,1712365471.662059,16150143.08072802,1723.0,1.4383101815677936e-07,1791.0,BID
201,1712365471.665012,16150207.73183602,1725.0,1.2196195966073587e-09,1791.0,BID
202,1712365471.6675782,16152099.55655509,1724.0,3.568858403442823e-08,1791.0,BID
203,1712365471.669901,16154989.72996549,1725.0,5.452206834559204e-08,1791.0,BID
204,1712365471.6722376,16155136.60129901,1724.0,2.770674193949961e-09,1791.0,BID
205,1712365471.674553,16160770.39157529,1725.0,1.0627940087707706e-07,1791.0,BID
206,1712365473.5988448,16160787.80306688,1723.0,3.284614449196605e-10,1791.0,BID
207,1712365478.873968,16161385.05467472,1726.0,1.1266933971868841e-08,1791.0,BID
208,1712365478.8760812,16161678.22786077,1726.0,5.530605336461498e-09,1791.0,BID
209,1712365478.9286742,16161801.90169177,1727.0,-2.333061760976812e-09,1791.0,ASK
210,1712365478.9686992,16161801.90169214,1727.0,-6.992486294125854e-18,1791.0,ASK
211,1712365481.1987967,16162107.62894378,1727.0,5.7674332097267395e-09,1791.0,BID
212,1712365481.3588817,16162107.62894399,1727.0,-3.970607795156892e-18,1791.0,ASK
213,1712365481.362111,16163322.84185899,1727.0,-2.2924548875739827e-08,1791.0,ASK
214,1712365482.0089035,16163325.75185899,1728.0,5.489608973736284e-11,1791.0,BID
215,1712365482.010362,16164137.38641917,1728.0,1.5311190256786242e-08,1791.0,BID
216,1712365500.2763162,16164137.38641917,1728.0,0.0,1791.0,BID
217,1712365501.2995062,16164501.43020379,1727.0,6.893492096204212e-09,1791.0,BID
218,1712365501.301621,16164839.27114559,1727.0,6.397318016294615e-09,1791.0,BID
219,1712365505.8447618,16164856.65237386,1726.0,3.2912898053353463e-10,1791.0,BID
220,1712365508.259005,16165266.99382239,1725.0,-7.770179444599412e-09,1791.0,ASK
221,1712365508.2615516,16165440.90686586,1725.0,-3.29319779990835e-09,1791.0,ASK
222,1712365508.278824,16165440.9068666,1725.0,-1.4037793810448272e-17,1791.0,ASK
223,1712365510.3091297,16166054.89294549,1724.0,-1.1626371224612822e-08,1791.0,ASK
224,1712365510.3118677,16166228.9068666,1724.0,-3.29510800755013e-09,1791.0,ASK
225,1712365510.3287416,16166229.83606788,1724.0,-1.7595250741933622e-11,1791.0,ASK
226,1712365510.769034,16166435.39447855,1724.0,3.892430908398357e-09,1791.0,BID
227,1712365512.3416824,16166731.91343446,1723.0,-5.614849546398905e-09,1791.0,ASK
228,1712365512.4389918,16167010.01461445,1723.0,-5.2660926163029105e-09,1791.0,ASK
229,1712365512.4413316,16167208.46175645,1723.0,-3.757772725921096e-09,1791.0,ASK
230,1712365512.6187737,16167382.57667229,1723.0,-3.2970204323873743e-09,1791.0,ASK
231,1712365512.6202338,16167790.90970554,1723.0,-7.732148319106092e-09,1791.0,ASK
232,1712365513.55909,16167934.27737167,1723.0,2.7147939755176222e-09,1791.0,BID
233,1712365513.639428,16169488.01040038,1718.0,-2.9421313604340412e-08,1791.0,ASK
234,1712365513.642202,16170186.12370584,1718.0,-1.321939491006078e-08,1791.0,ASK
235,1712365513.6449895,16170360.33973371,1722.0,-3.298935078405685e-09,1791.0,ASK
236,1712365513.6474614,16172683.22010537,1720.0,-4.39858010463497e-08,1791.0,ASK
237,1712365514.735279,16172703.87813793,1718.0,-3.9117817741668977e-10,1791.0,ASK
238,1712365526.8266797,16173034.99769683,1723.0,6.270042666875865e-09,1791.0,BID
239,1712365527.7789347,16173334.54731958,1723.0,5.672237912265261e-09,1791.0,BID
240,1712365527.82096,16173738.69485078,1720.0,-7.652892123773754e-09,1791.0,ASK
241,1712365527.9624095,16173826.47127043,1720.0,-1.662124394533609e-09,1791.0,ASK
242,1712365530.3408022,16173826.47127043,1720.0,-0.0,1791.0,ASK
243,1712365534.3490293,16174178.71775588,1725.0,6.66799376222797e-09,1791.0,BID
244,1712365539.6590505,16174978.07749629,1725.0,1.5131806797249413e-08,1791.0,BID
245,1712365547.9892428,16175006.26501619,1721.0,-5.33587174416902e-10,1791.0,ASK
246,1712365547.9922044,16175209.52654637,1721.0,-3.847722181270185e-09,1791.0,ASK
247,1712365548.7690265,16175517.29324273,1725.0,5.825995421733416e-09,1791.0,BID
248,1712365551.8716211,16175525.2774809,1721.0,-1.5114089852838723e-10,1791.0,ASK
249,1712365553.4791453,16176444.43058621,1721.0,-1.7399484241597366e-08,1791.0,ASK
250,1712365557.429146,16176467.49164569,1722.0,-4.36543747400037e-10,1791.0,ASK
251,1712365557.4317596,16176596.35805693,1721.0,-2.4394293820077512e-09,1791.0,ASK
252,1712365559.3841126,16177650.03765154,1721.0,-1.9946058383754733e-08,1791.0,ASK
253,1712365559.822071,16178464.58221172,1721.0,-1.541925404706892e-08,1791.0,ASK
254,1712365560.3838947,16178464.58221172,1721.0,-0.0,1791.0,ASK
255,1712365562.5590525,16178564.58221172,1722.0,-1.892704654956647e-09,1791.0,ASK
256,1712365562.7991407,16178839.68760204,1722.0,5.206932528615735e-09,1791.0,BID
257,1712365562.8092172,16179392.97502539,1724.0,1.0472096817033568e-08,1791.0,BID
258,1712365567.3590777,16180006.14176339,1722.0,1.160543539276742e-08,1791.0,BID
259,1712365567.7436242,16180074.79653113,1722.0,1.2994319848744559e-09,1791.0,BID
260,1712365567.899032,16180683.29328792,1722.0,1.1517046441028453e-08,1791.0,BID
261,1712365570.0768244,16180766.85368912,1724.0,1.581551603201219e-09,1791.0,BID
262,1712365570.0799716,16180907.48107801,1724.0,2.661661135680776e-09,1791.0,BID
263,1712365570.6291206,16181004.94649896,1721.0,-1.8447325592976047e-09,1791.0,ASK
264,1712365572.539143,16182019.04512422,1721.0,-1.9193891886137426e-08,1791.0,ASK
265,1712365574.3689358,16182030.65952607,1722.0,-2.1982632447639736e-10,1791.0,ASK
266,1712365574.3703458,16182035.51767477,1721.0,-9.19504065825433e-11,1791.0,ASK
267,1712365577.1080172,16184605.89443429,1721.0,-4.8649640577355094e-08,1791.0,ASK
268,1712365582.2691684,16184745.72930962,1721.0,-2.6466611946299596e-09,1791.0,ASK
269,1712365582.2723956,16187293.61941809,1721.0,-4.822403468618927e-08,1791.0,ASK
270,1712365586.099928,16188210.54716216,1721.0,-1.7354734094603148e-08,1791.0,ASK
271,1712365586.103155,16188282.34812366,1721.0,-1.3589801406147683e-09,1791.0,ASK
272,1712365586.1062756,16189075.70377916,1720.0,-1.5015879421987657e-08,1791.0,ASK
273,1712365586.1101618,16196274.81882854,1719.0,-1.3625798565531509e-07,1791.0,ASK
274,1712365586.1117616,16196289.35371226,1720.0,-2.7510242077612277e-10,1791.0,ASK
275,1712365586.1131845,16196295.17782408,1718.0,-1.1023323551315191e-10,1791.0,ASK
276,1712365586.1146028,16196442.58291293,1721.0,-2.789942978294926e-09,1791.0,ASK
277,1712365586.1160254,16196974.58291293,1718.0,-1.0069188764369362e-08,1791.0,ASK
278,1712365586.1174471,16197097.57163385,1720.0,-2.327813245923285e-09,1791.0,ASK
279,1712365586.1188655,16197103.39574567,1719.0,-1.1023323554840627e-10,1791.0,ASK
280,1712365586.120293,16198251.56205464,1718.0,-2.1731397176505088e-08,1791.0,ASK
281,1712365586.1217322,16199413.67710402,1719.0,-2.1995405635582312e-08,1791.0,ASK
282,1712365586.1231678,16199675.12135519,1718.0,-4.9483675120183664e-09,1791.0,ASK
283,1712365586.1245987,16209254.5283411,1718.0,-1.8130988193953706e-07,1791.0,ASK
284,1712365586.7691867,16209421.30236782,1721.0,-3.156539766985305e-09,1791.0,ASK
285,1712365590.2577384,16209421.30236782,1721.0,-0.0,1791.0,ASK
286,1712365591.8490262,16209479.23979539,1717.0,-1.09548074201146e-09,1791.0,ASK
287,1712365591.851642,16209485.06390721,1717.0,-1.1012229235592427e-10,1791.0,ASK
288,1712365591.9690506,16209865.86161671,1717.0,7.200122180921139e-09,1791.0,BID
289,1712365592.4890687,16212367.00282781,1717.0,4.729157204039535e-08,1791.0,BID
290,1712365596.6890783,16212661.41822931,1717.0,-5.566805707744425e-09,1791.0,ASK
291,1712365596.6924903,16213200.43216327,1717.0,-1.019167417478706e-08,1791.0,ASK
292,1712365597.9490552,16213260.55825529,1717.0,1.136864004188222e-09,1791.0,BID
293,1712365599.3790474,16213266.38236711,1717.0,1.1012229235592427e-10,1791.0,BID
294,1712365600.7891064,16213280.95962658,1715.0,-2.7562678720700556e-10,1791.0,ASK
295,1712365600.7925022,16213294.95962658,1715.0,-2.647119665324183e-10,1791.0,ASK
296,1712365600.8690662,16213554.77793635,1715.0,4.912643980041655e-09,1791.0,BID
297,1712365600.872053,16213898.24547258,1717.0,6.49428335395662e-09,1791.0,BID
298,1712365601.9517796,16214158.06378158,1717.0,4.912643965461035e-09,1791.0,BID
299,1712365603.019283,16214510.92853273,1717.0,6.671965871222074e-09,1791.0,BID
300,1712365603.0226552,16214510.92853358,1717.0,1.605981385319131e-17,1791.0,BID
301,1712365603.2393506,16214557.57964158,1714.0,-8.820790385506707e-10,1791.0,ASK
302,1712365603.242646,16214561.14276158,1714.0,-6.737146444343073e-11,1791.0,ASK
303,1712365603.245905,16217549.62002068,1714.0,-5.6506120870974e-08,1791.0,ASK
304,1712365603.2870028,16217549.62002084,1717.0,3.0288245424878346e-18,1791.0,BID
305,1712365607.0962808,16217631.73224875,1717.0,-1.552577809015726e-09,1791.0,ASK
306,1712365608.1588926,16217895.86343301,1717.0,-4.994191800595942e-09,1791.0,ASK
307,1712365613.670256,16218043.98614117,1717.0,2.800703811768706e-09,1791.0,BID
308,1712365613.6717863,16218237.41322916,1717.0,3.6573189173301522e-09,1791.0,BID
309,1712365615.5892742,16218282.5528793,1715.0,-8.5350039693811e-10,1791.0,ASK
310,1712365615.591931,16218286.55670828,1715.0,-7.570438878306178e-11,1791.0,ASK
311,1712365618.6790397,16218461.68805679,1713.0,-3.311383118955862e-09,1791.0,ASK
312,1712365618.6889286,16218899.44345667,1713.0,-8.277078054476167e-09,1791.0,ASK
313,1712365618.8190246,16221610.77044689,1713.0,5.126576424951786e-08,1791.0,BID
314,1712365620.3329308,16221610.77044689,1713.0,0.0,1791.0,BID
315,1712365625.882911,16221613.71849125,1713.0,5.5719590069691626e-11,1791.0,BID
316,1712365626.2403295,16221619.11211082,1712.0,-1.0194224866409718e-10,1791.0,ASK
317,1712365626.2422156,16221671.65591882,1712.0,-9.931056264477823e-10,1791.0,ASK
318,1712365626.3791797,16222008.00989579,1713.0,6.3572671970500906e-09,1791.0,BID
319,1712365626.4392436,16222061.6694942,1713.0,1.0141946524672056e-09,1791.0,BID
320,1712365626.4593935,16222147.89563704,1715.0,1.629719482829198e-09,1791.0,BID
321,1712365626.4633975,16222437.89563704,1715.0,5.4811526349397354e-09,1791.0,BID
322,1712365627.2190447,16223461.24959523,1715.0,1.9341928429022504e-08,1791.0,BID
323,1712365627.249328,16224020.85623367,1715.0,1.0576860002792038e-08,1791.0,BID
324,1712365627.3196366,16224257.97492608,1715.0,4.481668088629722e-09,1791.0,BID
325,1712365627.3689585,16224345.66297675,1715.0,1.6573503102600027e-09,1791.0,BID
326,1712365627.3708138,16224398.26286307,1715.0,9.94165536218314e-10,1791.0,BID
327,1712365627.8390918,16224746.17665244,1715.0,6.575753735665108e-09,1791.0,BID
328,1712365627.8429418,16224952.77936104,1715.0,3.904899933175505e-09,1791.0,BID
329,1712365628.238968,16225285.48925982,1715.0,6.288392201290286e-09,1791.0,BID
330,1712365628.310954,16225617.48925982,1717.0,6.274974740689628e-09,1791.0,BID
331,1712365628.509054,16226223.42191224,1714.0,-1.1452446049671718e-08,1791.0,ASK
332,1712365628.5131333,16226416.84900023,1715.0,-3.655873768993851e-09,1791.0,ASK
333,1712365628.5491369,16227834.16871027,1713.0,-2.6788088493932125e-08,1791.0,ASK
334,1712365628.553415,16233430.09453387,1714.0,-1.0576594335499144e-07,1791.0,ASK
335,1712365628.629048,16233446.27160469,1713.0,-3.0575515294658277e-10,1791.0,ASK
336,1712365632.9691136,16234169.27878507,1713.0,-1.3665216247650212e-08,1791.0,ASK
337,1712365632.9732862,16234274.66441836,1713.0,-1.991843936521575e-09,1791.0,ASK
338,1712365633.069045,16234543.5133973,1713.0,-5.081387204551783e-09,1791.0,ASK
339,1712365637.6690614,16234567.11346523,1715.0,-4.4605370524447927e-10,1791.0,ASK
340,1712365640.3421576,16234623.86715421,1715.0,-1.07267459274033e-09,1791.0,ASK
341,1712365641.2419016,16234704.62303853,1717.0,1.526328717672262e-09,1791.0,BID
342,1712365641.2490494,16235445.67324956,1717.0,1.4006239023465335e-08,1791.0,BID
343,1712365641.250951,16235980.44697008,1717.0,1.0107504783871122e-08,1791.0,BID
344,1712365641.4167757,16236517.18091524,1716.0,-1.0144554061315125e-08,1791.0,ASK
345,1712365641.4183931,16237030.73477119,1717.0,9.706438174909911e-09,1791.0,BID
346,1712365641.419972,16237110.2276193,1717.0,1.502456668531026e-09,1791.0,BID
347,1712365641.421555,16237201.91938984,1717.0,1.733022723105611e-09,1791.0,BID
348,1712365641.649063,16237224.34702219,1718.0,-4.238940557009085e-10,1791.0,ASK
349,1712365641.6527207,16237316.7590192,1719.0,-1.746635382435517e-09,1791.0,ASK
350,1712365642.069266,16237585.33138685,1718.0,-5.076159105566205e-09,1791.0,ASK
351,1712365642.0729432,16237705.19550505,1717.0,-2.265494921743231e-09,1791.0,ASK
352,1712365642.0759475,16240148.71218073,1716.0,-4.6183751260094544e-08,1791.0,ASK
353,1712365642.0787616,16240330.11558048,1717.0,-3.4286197328619803e-09,1791.0,ASK
354,1712365644.5465715,16240346.20157699,1721.0,3.040338005128797e-10,1791.0,BID
355,1712365650.351084,16240346.20157699,1721.0,0.0,1791.0,BID
356,1712365650.9692276,16240557.33764196,1721.0,3.9881609457914414e-09,1791.0,BID
357,1712365650.9730394,16244534.96657856,1721.0,7.513365555991949e-08,1791.0,BID
358,1712365652.5695677,16244580.83865412,1721.0,8.66480202111945e-10,1791.0,BID
359,1712365653.5795822,16245747.22344443,1718.0,-2.2031907571659527e-08,1791.0,ASK
360,1712365653.583277,16247834.56128699,1718.0,-3.9427841309426806e-08,1791.0,ASK
361,1712365653.639027,16247884.1701321,1718.0,9.37064251267249e-10,1791.0,BID
362,1712365657.569053,16247942.27588456,1721.0,1.0975628096221803e-09,1791.0,BID
363,1712365664.3285954,16248233.93712802,1721.0,5.509205548246455e-09,1791.0,BID
364,1712365671.2200012,16248639.05589344,1721.0,7.652311029267478e-09,1791.0,BID
365,1712365673.7991507,16248684.31043061,1721.0,8.548154849299101e-10,1791.0,BID
366,1712365680.2271168,16248684.31043061,1721.0,0.0,1791.0,BID
367,1712365680.8792837,16248785.78221204,1717.0,-1.916187122557857e-09,1791.0,ASK
368,1712365686.739293,16248861.74616552,1720.0,1.434498807327894e-09,1791.0,BID
369,1712365686.9389477,16248919.8857004,1720.0,1.0979035401007663e-09,1791.0,BID
370,1712365689.8393245,16250861.45824702,1720.0,3.6664541205001766e-08,1791.0,BID
371,1712365689.842357,16251337.57568851,1721.0,8.990973622006939e-09,1791.0,BID
372,1712365689.8453555,16252531.2493107,1721.0,2.254126212401133e-08,1791.0,BID
373,1712365689.8483548,16254010.39076805,1721.0,2.7932019849278082e-08,1791.0,BID
374,1712365689.959056,16255415.97719719,1721.0,-2.6543011044406184e-08,1791.0,ASK
375,1712365692.1490812,16255584.31172911,1722.0,3.178819350609025e-09,1791.0,BID
376,1712365693.7509406,16255609.46235749,1721.0,-4.749429796608697e-10,1791.0,ASK
377,1712365694.4388945,16255624.95664254,1721.0,-2.92593163039588e-10,1791.0,ASK
378,1712365699.1391895,16256560.29934863,1721.0,-1.7662956374167394e-08,1791.0,ASK
379,1712365699.7866044,16258617.04900002,1721.0,-3.8839538843404484e-08,1791.0,ASK
380,1712365699.7904112,16261825.57845617,1721.0,-6.058968059541835e-08,1791.0,ASK
381,1712365702.3691778,16261930.038138,1721.0,1.972610457108269e-09,1791.0,BID
382,1712365703.6690116,16262991.96323651,1721.0,2.005333079041734e-08,1791.0,BID
383,1712365703.6802585,16263171.71830357,1721.0,3.3944840611258246e-09,1791.0,BID
384,1712365703.7291648,16263673.21071208,1721.0,-9.470152999346452e-09,1791.0,ASK
385,1712365706.0428596,16263718.50494488,1720.0,8.55333614852275e-10,1791.0,BID
386,1712365706.0489993,16263811.37119278,1720.0,1.7536807360635667e-09,1791.0,BID
387,1712365706.052115,16265686.68392898,1721.0,3.541329486161896e-08,1791.0,BID
388,1712365710.2403138,16265686.68392898,1721.0,0.0,1791.0,BID
389,1712365711.1156287,16266100.80160765,1717.0,-7.815855362575433e-09,1791.0,ASK
390,1712365716.0089748,16266354.75440003,1718.0,-4.7929813103799745e-09,1791.0,ASK
391,1712365716.383236,16266400.66784308,1718.0,-8.665479610153421e-10,1791.0,ASK
392,1712365718.629249,16266447.170728,1718.0,-8.77672799793754e-10,1791.0,ASK
393,1712365720.5890326,16266879.75031723,1718.0,-8.164296470240288e-09,1791.0,ASK
394,1712365720.6038208,16267370.66420946,1718.0,-9.265269692106873e-09,1791.0,ASK
395,1712365721.7626472,16270705.28749043,1718.0,-6.293605560723281e-08,1791.0,ASK
396,1712365721.7663348,16271022.06117163,1718.0,-5.978632167765029e-09,1791.0,ASK
397,1712365722.1391602,16271071.67001733,1718.0,-9.362931907116328e-10,1791.0,ASK
398,1712365722.1991425,16271287.35966737,1718.0,-4.070821398717911e-09,1791.0,ASK
399,1712365722.8191333,16271509.26808616,1717.0,-4.1881914111128975e-09,1791.0,ASK
400,1712365722.82895,16274759.16006937,1717.0,-6.133687836350269e-08,1791.0,ASK
401,1712365723.889032,16274813.65040345,1718.0,1.028424024747945e-09,1791.0,BID
402,1712365723.8911238,16275114.65040345,1718.0,5.6809273916767595e-09,1791.0,BID
403,1712365724.169274,16275694.14531295,1718.0,-1.0937104666843156e-08,1791.0,ASK
404,1712365724.2291696,16275791.66589009,1718.0,-1.8405558735136822e-09,1791.0,ASK
405,1712365724.8692307,16276929.69615498,1717.0,-2.1478628918171923e-08,1791.0,ASK
406,1712365724.8732808,16283226.89467277,1717.0,-1.188502576429896e-07,1791.0,ASK
407,1712365726.9791658,16284057.77579165,1716.0,-1.5681645539786543e-08,1791.0,ASK
408,1712365726.9832482,16285247.80839677,1716.0,-2.2460095758834773e-08,1791.0,ASK
409,1712365729.0089588,16285247.80839772,1716.0,-1.7928875226287026e-17,1791.0,ASK
410,1712365730.1291673,16285459.02394903,1715.0,-3.98637943851037e-09,1791.0,ASK
411,1712365730.1391928,16285838.67019212,1715.0,-7.165258277462044e-09,1791.0,ASK
412,1712365732.84916,16285841.61308256,1716.0,5.554268075300872e-11,1791.0,BID
413,1712365733.1290927,16285909.55443176,1715.0,-1.2822919325677527e-09,1791.0,ASK
414,1712365733.6091642,16285910.0932519,1715.0,-1.0169428879984508e-11,1791.0,ASK
415,1712365733.6135042,16286371.09913023,1715.0,-8.700800405065759e-09,1791.0,ASK
416,1712365734.7492175,16286986.0144104,1715.0,-1.1605611490639662e-08,1791.0,ASK
417,1712365736.2392545,16288319.27766053,1715.0,-2.5163361189287403e-08,1791.0,ASK
418,1712365737.5091405,16289551.13490732,1715.0,-2.32494736741704e-08,1791.0,ASK
419,1712365737.513268,16292882.3968413,1715.0,-6.287261518139527e-08,1791.0,ASK
420,1712365740.100508,16293334.67907583,1714.0,-8.536154601012483e-09,1791.0,ASK
421,1712365740.339548,16293334.67907583,1714.0,-0.0,1791.0,ASK
422,1712365743.2132227,16293450.89058076,1714.0,2.191356495700096e-09,1791.0,BID
423,1712365743.5691,16293456.31336412,1714.0,1.022553795130033e-10,1791.0,BID
424,1712365744.0122066,16296780.52710273,1714.0,6.2683444066445e-08,1791.0,BID
425,1712365744.0199378,16297659.86753014,1714.0,1.6581390617792407e-08,1791.0,BID
426,1712365744.0692005,16304063.38380789,1714.0,-1.2074869006254717e-07,1791.0,ASK
427,1712365744.074195,16306162.42303731,1714.0,-3.958079067010221e-08,1791.0,ASK
428,1712365747.9489942,16306208.29511287,1713.0,-8.649924188900086e-10,1791.0,ASK
429,1712365748.2689128,16306512.77764406,1714.0,5.741512193207736e-09,1791.0,BID
430,1712365748.2893856,16306761.96742925,1714.0,4.698877746777454e-09,1791.0,BID
431,1712365748.2942767,16307052.43556235,1714.0,5.477247976791584e-09,1791.0,BID
432,1712365748.2987344,16312585.43556235,1715.0,1.043336931050521e-07,1791.0,BID
433,1712365748.3009598,16315563.50347462,1715.0,5.6156302838372856e-08,1791.0,BID
434,1712365748.369084,16317225.50347462,1715.0,-3.133970683907402e-08,1791.0,ASK
435,1712365748.7334194,16318513.57699605,1715.0,-2.4288716335040943e-08,1791.0,ASK
436,1712365748.744064,16319679.96177639,1716.0,-2.1994077663905e-08,1791.0,ASK
437,1712365748.8090148,16321732.61819639,1717.0,3.870616753558362e-08,1791.0,BID
438,1712365753.5791771,16322774.09819616,1717.0,1.9638795349900333e-08,1791.0,BID
439,1712365755.5592282,16322974.09819616,1717.0,-3.771324529371121e-09,1791.0,ASK
440,1712365757.5491402,16323304.09819616,1719.0,6.2226854734623514e-09,1791.0,BID
441,1712365757.5535023,16326471.82129098,1719.0,5.973255904873364e-08,1791.0,BID
442,1712365761.529178,16328446.81263224,1720.0,3.7241666452969546e-08,1791.0,BID
443,1712365761.5335507,16329325.74570958,1720.0,1.657370937122264e-08,1791.0,BID
444,1712365765.1590674,16329486.49819291,1720.0,-3.031248917711334e-09,1791.0,ASK
445,1712365766.151468,16330025.51173797,1720.0,-1.0163975020750322e-08,1791.0,ASK
446,1712365768.4413986,16330037.13964495,1720.0,-2.1926305409446606e-10,1791.0,ASK
447,1712365769.008925,16330753.83697713,1720.0,-1.3514491144910804e-08,1791.0,ASK
448,1712365770.3600576,16330753.83697713,1720.0,-0.0,1791.0,ASK
449,1712365770.9557817,16331095.50244521,1722.0,6.434866390760115e-09,1791.0,BID
450,1712365770.9588325,16331142.15355321,1725.0,8.786186343344732e-10,1791.0,BID
451,1712365770.9607816,16331213.15355321,1723.0,1.3372013165727159e-09,1791.0,BID
452,1712365770.9627316,16333697.80368199,1725.0,4.679545666798725e-08,1791.0,BID
453,1712365770.9646888,16333838.56630187,1724.0,2.651098036993703e-09,1791.0,BID
454,1712365770.9666646,16334435.99621811,1725.0,1.1251888317696098e-08,1791.0,BID
455,1712365770.968644,16334524.23151222,1722.0,1.661807766950812e-09,1791.0,BID
456,1712365770.9706445,16335567.59225998,1725.0,1.965046993753777e-08,1791.0,BID
457,1712365770.9726367,16335619.82280206,1724.0,9.837006990539379e-10,1791.0,BID
458,1712365770.9746532,16335677.92855452,1725.0,1.0943533618428301e-09,1791.0,BID
459,1712365771.5711672,16335823.72220484,1722.0,-2.745851565571527e-09,1791.0,ASK
460,1712365775.4290712,16336337.13611682,1722.0,-9.669545902055358e-09,1791.0,ASK
461,1712365775.5315266,16337922.76143426,1722.0,2.9863383972866707e-08,1791.0,BID
462,1712365786.3992465,16338065.90921646,1722.0,-2.6960197580433875e-09,1791.0,ASK
463,1712365788.969365,16338961.16443311,1722.0,-1.6861076822167057e-08,1791.0,ASK
464,1712365790.9831789,16339457.06857491,1722.0,-9.339770018408048e-09,1791.0,ASK
465,1712365791.318972,16340576.70364074,1722.0,-2.1087006818458014e-08,1791.0,ASK
466,1712365796.1308055,16340606.335152,1723.0,-5.580745896996614e-10,1791.0,ASK
467,1712365798.769005,16342929.21552366,1725.0,4.374871396091077e-08,1791.0,BID
468,1712365800.3069286,16342929.21552366,1725.0,0.0,1791.0,BID
469,1712365803.409093,16342959.21552366,1725.0,-5.663149286046149e-10,1791.0,ASK
470,1712365814.1391983,16346496.2510636,1725.0,-6.676920097577022e-08,1791.0,ASK
471,1712365814.539415,16346786.77982594,1727.0,5.4843591767491086e-09,1791.0,BID
472,1712365814.5475776,16348014.19361372,1727.0,2.3170091719802763e-08,1791.0,BID
473,1712365814.551064,16350169.65318153,1725.0,4.068896437517377e-08,1791.0,BID
474,1712365814.5543485,16351617.25017052,1727.0,2.7326526182252795e-08,1791.0,BID
475,1712365814.8259325,16351623.14110532,1723.0,-1.1120414403631243e-10,1791.0,ASK
476,1712365814.9411013,16354664.15767632,1726.0,-5.7405769409714655e-08,1791.0,ASK
477,1712365814.9590075,16354664.15767698,1726.0,-1.2447156305489049e-17,1791.0,ASK
478,1712365819.499256,16355096.43950707,1724.0,8.160255124835787e-09,1791.0,BID
479,1712365819.8644085,16355638.61048415,1724.0,1.0234650605854536e-08,1791.0,BID
480,1712365821.5729136,16355910.14177187,1724.0,5.125740727310424e-09,1791.0,BID
481,1712365827.868997,16358876.39032175,1724.0,5.59943611916365e-08,1791.0,BID
482,1712365829.4654896,16359201.91369162,1723.0,-6.144958132220648e-09,1791.0,ASK
483,1712365830.290333,16359201.91369162,1723.0,-0.0,1791.0,ASK
484,1712365832.528359,16359787.2086713,1723.0,-1.104285713808722e-08,1791.0,ASK
485,1712365832.5320604,16359829.89597535,1723.0,-8.053884222426144e-10,1791.0,ASK
486,1712365834.9670851,16361257.9872429,1722.0,-2.6944034025922752e-08,1791.0,ASK
487,1712365835.289019,16361924.61886797,1722.0,-1.2577449072588833e-08,1791.0,ASK
488,1712365836.0093136,16366245.29294399,1722.0,-8.151887205284583e-08,1791.0,ASK
489,1712365837.8392816,16367813.75015865,1722.0,2.9592341554275392e-08,1791.0,BID
490,1712365838.101333,16368313.37003081,1721.0,-9.42641072132189e-09,1791.0,ASK
491,1712365838.1034355,16368837.90235677,1721.0,-9.896438105544933e-09,1791.0,ASK
492,1712365842.0393891,16369171.2181693,1721.0,-6.288724536206559e-09,1791.0,ASK
493,1712365843.435939,16371358.94676475,1721.0,-4.1276237068807767e-08,1791.0,ASK
494,1712365843.438459,16371387.95298701,1721.0,-5.47265190450606e-10,1791.0,ASK
495,1712365848.3832712,16376649.25823182,1721.0,-9.926591581231045e-08,1791.0,ASK
496,1712365848.4692414,16377520.26058194,1721.0,-1.6433345327112232e-08,1791.0,ASK
497,1712365849.1421847,16377526.07453542,1720.0,-1.0969282142049352e-10,1791.0,ASK
498,1712365849.2491784,16378871.22382238,1718.0,2.5379153966782066e-08,1791.0,BID
499,1712365849.455194,16378929.22382238,1721.0,1.094295588113318e-09,1791.0,BID
500,1712365849.5945387,16379511.22382238,1719.0,-1.0980690211757777e-08,1791.0,ASK
501,1712365851.9193137,16379694.75932883,1717.0,-3.462794740861797e-09,1791.0,ASK
502,1712365851.9240596,16380097.75932883,1717.0,-7.603467620856329e-09,1791.0,ASK
503,1712365851.928755,16382467.54862659,1717.0,-4.4711206436180253e-08,1791.0,ASK
504,1712365852.06363,16382552.19804816,1717.0,1.59709463033202e-09,1791.0,BID
505,1712365853.629071,16382552.24039404,1717.0,7.989467106975534e-13,1791.0,BID
506,1712365856.05921,16382607.53199706,1717.0,-1.043195814585301e-09,1791.0,ASK
507,1712365856.2924438,16383913.67155876,1717.0,-2.4643151031521523e-08,1791.0,ASK
508,1712365860.3122082,16384046.29451876,1717.0,-2.502219310514431e-09,1791.0,ASK
509,1712365860.3391676,16384046.29451876,1717.0,-0.0,1791.0,ASK
510,1712365867.032084,16384314.14974433,1717.0,-5.049596620686107e-09,1791.0,ASK
511,1712365867.0490844,16384662.11154959,1717.0,-6.5597628428768725e-09,1791.0,ASK
512,1712365867.051191,16384922.63824576,1717.0,-4.911439460534341e-09,1791.0,ASK
513,1712365867.1490486,16386089.02303607,1717.0,2.1988642121981173e-08,1791.0,BID
514,1712365867.1591914,16394035.47375054,1719.0,1.4980618947704576e-07,1791.0,BID
515,1712365867.162854,16411254.90788878,1718.0,3.246201236111389e-07,1791.0,BID
516,1712365867.2191863,16416787.90788878,1719.0,-1.04307907537546e-07,1791.0,ASK
517,1712365867.230795,16417638.09193794,1719.0,-1.602763766307569e-08,1791.0,ASK
518,1712365867.339064,16426068.81675594,1719.0,-1.5893570663117722e-07,1791.0,ASK
519,1712365876.929047,16426068.81675627,1719.0,-6.250383879309769e-18,1791.0,ASK
520,1712365877.054264,16426559.67749327,1718.0,9.253688120146809e-09,1791.0,BID
521,1712365877.3553896,16426627.25820422,1716.0,-1.274029016632777e-09,1791.0,ASK
522,1712365877.357575,16426759.0726357,1716.0,-2.484960696013184e-09,1791.0,ASK
523,1712365877.3597147,16427103.17253923,1716.0,-6.486958416959085e-09,1791.0,ASK
524,1712365884.0191154,16427244.94682494,1717.0,-2.672723492677866e-09,1791.0,ASK
525,1712365890.319186,16427244.94682494,1717.0,-0.0,1791.0,ASK
526,1712365892.3593862,16427808.37457052,1717.0,-1.0606874616809505e-08,1791.0,ASK
527,1712365895.3791685,16427808.37457126,1718.0,1.392098091061602e-17,1791.0,BID
528,1712365898.2555704,16429186.81159471,1718.0,-2.5949926657996813e-08,1791.0,ASK
529,1712365898.2690723,16429476.3309925,1718.0,-5.450381127971827e-09,1791.0,ASK
530,1712365898.30926,16433159.48713996,1718.0,-6.933768483479901e-08,1791.0,ASK
531,1712365898.3149846,16434091.41485455,1717.0,-1.7544113682932653e-08,1791.0,ASK
532,1712365898.3192935,16434272.521727,1717.0,-3.409448511141517e-09,1791.0,ASK
533,1712365900.1991758,16435337.38568387,1717.0,-2.004672038797905e-08,1791.0,ASK
534,1712365901.5831172,16435497.85195104,1717.0,-3.0208763935641503e-09,1791.0,ASK
535,1712365903.3491983,16435990.09870085,1717.0,-9.266848494255772e-09,1791.0,ASK
536,1712365906.2591755,16436001.47288577,1719.0,2.1412604238221635e-10,1791.0,BID
537,1712365908.8720646,16436026.31329335,1719.0,4.676359847373447e-10,1791.0,BID
538,1712365908.880581,16436042.45950589,1719.0,3.039624038356345e-10,1791.0,BID
539,1712365911.0771146,16436071.92589739,1718.0,5.547229835639642e-10,1791.0,BID
540,1712365913.7991388,16436071.94063796,1718.0,2.775003074905732e-13,1791.0,BID
541,1712365915.669601,16436198.96994573,1719.0,2.391405021780576e-09,1791.0,BID
542,1712365915.6751444,16436508.12521007,1719.0,5.820038419629653e-09,1791.0,BID
543,1712365916.99213,16436674.78311634,1720.0,3.137437816272516e-09,1791.0,BID
544,1712365916.9973643,16440213.77750207,1720.0,6.662375080646684e-08,1791.0,BID
545,1712365917.0099423,16441579.60359239,1720.0,2.5712518068258824e-08,1791.0,BID
546,1712365917.014637,16441597.65311594,1720.0,3.3979340683998835e-10,1791.0,BID
547,1712365918.619236,16441647.65311594,1718.0,-9.41280820833377e-10,1791.0,ASK
548,1712365920.2458436,16441647.65311594,1718.0,-0.0,1791.0,ASK
549,1712365921.5920172,16441676.72288338,1720.0,-5.470014130184733e-10,1791.0,ASK
550,1712365921.5955958,16441728.53557106,1720.0,-9.749515001131667e-10,1791.0,ASK
551,1712365921.8949356,16441762.43047284,1722.0,6.377952354260279e-10,1791.0,BID
552,1712365921.8983152,16441870.91478128,1722.0,2.0413328083947422e-09,1791.0,BID
553,1712365922.139001,16442170.00783431,1722.0,5.627988698928935e-09,1791.0,BID
554,1712365932.008848,16442510.26926265,1722.0,6.402647784615978e-09,1791.0,BID
555,1712365932.0113008,16442879.91278631,1722.0,6.9555262241116555e-09,1791.0,BID
556,1712365935.4592023,16442879.91278645,1722.0,2.6286833839317905e-18,1791.0,BID
557,1712365935.463874,16443050.04350031,1722.0,3.201323886472312e-09,1791.0,BID
558,1712365939.8211894,16443050.04350062,1722.0,5.853201668221453e-18,1791.0,BID
559,1712365939.823892,16446620.10885771,1722.0,6.717737934932768e-08,1791.0,BID
560,1712365939.929057,16446847.21886994,1722.0,-4.2734947177588036e-09,1791.0,ASK
561,1712365940.0651464,16448883.39047374,1722.0,-3.8314332811089456e-08,1791.0,ASK
562,1712365940.2391355,16450044.1565793,1722.0,2.1841960079035144e-08,1791.0,BID
563,1712365940.2443182,16451785.30573774,1722.0,3.27629401203928e-08,1791.0,BID
564,1712365940.359818,16452012.13413394,1720.0,-4.268195591586506e-09,1791.0,ASK
565,1712365940.379286,16452032.25485828,1720.0,-3.7860862379531584e-10,1791.0,ASK
566,1712365948.9291215,16452074.78753682,1721.0,-8.00330973046329e-10,1791.0,ASK
567,1712365949.1090834,16453172.02932943,1721.0,-2.0646632699238332e-08,1791.0,ASK
568,1712365950.248675,16453172.02932943,1721.0,-0.0,1791.0,ASK
569,1712365952.8350103,16453339.71633175,1722.0,-3.154163215614813e-09,1791.0,ASK
570,1712365957.3318248,16456744.12334567,1724.0,6.403630111893519e-08,1791.0,BID
571,1712365957.3369803,16458808.81777075,1724.0,3.8836541395442455e-08,1791.0,BID
572,1712365957.4092567,16458864.82541159,1724.0,1.053493938638569e-09,1791.0,BID
573,1712365957.4144912,16463203.79935075,1724.0,8.161534169658155e-08,1791.0,BID
574,1712365957.4492536,16464701.52473862,1724.0,2.8171952865491093e-08,1791.0,BID
575,1712365957.4543808,16466722.02028239,1725.0,3.800516816037336e-08,1791.0,BID
576,1712365962.2292535,16466739.44188518,1724.0,-3.2769730462570827e-10,1791.0,ASK
577,1712365962.909139,16466877.84282963,1725.0,2.603297583880492e-09,1791.0,BID
578,1712365969.3193042,16467301.2745158,1725.0,7.964676035516373e-09,1791.0,BID
579,1712365969.3248005,16467312.43881541,1725.0,2.0999852503823967e-10,1791.0,BID
580,1712365969.8193552,16467509.93124225,1725.0,-3.714798043290993e-09,1791.0,ASK
581,1712365976.5890627,16468441.95422003,1725.0,-1.753118937039601e-08,1791.0,ASK
582,1712365980.3391871,16468441.95422003,1725.0,-0.0,1791.0,ASK
583,1712365986.1893315,16468444.85115112,1727.0,5.446379505184708e-11,1791.0,BID
584,1712365989.019373,16468447.74808221,1727.0,5.446379505184708e-11,1791.0,BID
585,1712365991.4193127,16468450.6450133,1727.0,5.446379508686577e-11,1791.0,BID
586,1712365993.5392594,16469027.24919971,1727.0,1.0840455387055996e-08,1791.0,BID
587,1712365993.5434413,16478545.56512707,1727.0,1.789492369329563e-07,1791.0,BID
588,1712365993.6434736,16478573.17360249,1725.0,-5.190535434112352e-10,1791.0,ASK
589,1712365999.4498086,16478624.98629016,1727.0,9.741051876086078e-10,1791.0,BID
590,1712365999.4547431,16479106.6703628,1727.0,9.055908408534225e-09,1791.0,BID
591,1712365999.4588313,16482011.2888138,1727.0,5.460832140417924e-08,1791.0,BID
592,1712365999.4630244,16496257.73854381,1728.0,2.6784058520913985e-07,1791.0,BID
593,1712365999.4666111,16497716.26298954,1727.0,2.7421010040351066e-08,1791.0,BID
594,1712365999.4689617,16499225.26298954,1728.0,2.83699764320362e-08,1791.0,BID
595,1712365999.4717386,16499687.18899464,1729.0,8.684446572601204e-09,1791.0,BID
596,1712365999.474129,16500062.18899464,1728.0,7.0501929503072055e-09,1791.0,BID
597,1712365999.4765303,16506136.17410803,1729.0,1.1419404540451097e-07,1791.0,BID
598,1712365999.478936,16513168.98153706,1730.0,1.3222039828538466e-07,1791.0,BID
599,1712365999.4813404,16513189.17600757,1729.0,3.7966643633064066e-10,1791.0,BID
600,1712365999.4837396,16513307.81464045,1730.0,2.230467341747257e-09,1791.0,BID
601,1712365999.486155,16513310.71464045,1731.0,5.452149215604613e-11,1791.0,BID
602,1712365999.4885623,16516357.69858424,1731.0,5.7284865920557055e-08,1791.0,BID
603,1712365999.4909775,16516426.88758407,1730.0,1.300788796903893e-09,1791.0,BID
604,1712365999.4933934,16517930.88758407,1731.0,2.8275973859365432e-08,1791.0,BID
605,1712365999.4958425,16520146.87711287,1730.0,4.1661743343723535e-08,1791.0,BID
606,1712365999.4983516,16523152.65412039,1731.0,5.6510154316305056e-08,1791.0,BID
607,1712366002.0992372,16524033.13180062,1730.0,1.6553433424170686e-08,1791.0,BID
608,1712366007.2594202,16524044.82770705,1732.0,2.1988905883638128e-10,1791.0,BID
609,1712366007.2643676,16525079.39956119,1732.0,1.9450483180360652e-08,1791.0,BID
610,1712366007.3392005,16525941.11081988,1732.0,-1.6200615043259353e-08,1791.0,ASK
611,1712366007.4192624,16525944.6114006,1733.0,6.581271871567966e-11,1791.0,BID
612,1712366007.424941,16526032.17602472,1733.0,1.646259988437204e-09,1791.0,BID
613,1712366007.7486467,16526123.82461098,1733.0,1.723040578018574e-09,1791.0,BID
614,1712366007.8923368,16526215.2801537,1732.0,-1.7194112601172115e-09,1791.0,ASK
615,1712366008.10926,16526306.20629334,1733.0,1.709458209865404e-09,1791.0,BID
616,1712366008.2694228,16526397.67857971,1732.0,-1.719726049364798e-09,1791.0,ASK
617,1712366008.4928577,16526488.64741987,1733.0,1.7102610015732247e-09,1791.0,BID
618,1712366008.5370522,16526491.56741987,1733.0,5.4897502438324685e-11,1791.0,BID
619,1712366008.5395763,16527136.22957015,1733.0,1.2119980125967516e-08,1791.0,BID
620,1712366008.5420609,16528136.22957015,1734.0,1.8800514534152547e-08,1791.0,BID
621,1712366008.544557,16528537.22957015,1733.0,7.539006328195172e-09,1791.0,BID
622,1712366008.5470858,16528972.91090096,1734.0,8.191033192140478e-09,1791.0,BID
623,1712366008.651759,16529064.80235592,1732.0,-1.7276066345615411e-09,1791.0,ASK
624,1712366008.7891977,16529070.56604468,1733.0,1.0836031430042324e-10,1791.0,BID
625,1712366008.8492131,16529161.67568114,1733.0,1.712908044458177e-09,1791.0,BID
626,1712366008.989205,16529252.91182432,1732.0,-1.715286435881284e-09,1791.0,ASK
627,1712366009.029259,16529599.13225132,1733.0,6.509122169850831e-09,1791.0,BID
628,1712366009.1293252,16530118.46289182,1733.0,9.763683254758737e-09,1791.0,BID
629,1712366009.213938,16530209.07801011,1733.0,1.703610848413184e-09,1791.0,BID
630,1712366009.3692143,16530300.43424567,1732.0,-1.717544234431803e-09,1791.0,ASK
631,1712366009.429197,16531300.43424567,1735.0,1.8800514534152547e-08,1791.0,BID
632,1712366009.4420896,16531324.26223367,1735.0,4.4797843472464124e-10,1791.0,BID
633,1712366009.446181,16532350.20718532,1736.0,1.928829297473165e-08,1791.0,BID
634,1712366009.4486773,16532396.56080832,1736.0,8.71471962904122e-10,1791.0,BID
635,1712366009.4511988,16532955.94951976,1735.0,1.051679559969318e-08,1791.0,BID
636,1712366009.4537232,16533322.43232852,1733.0,6.890065372598825e-09,1791.0,BID
637,1712366009.4562554,16533616.38045534,1735.0,5.526376030547239e-09,1791.0,BID
638,1712366009.4588008,16534616.38045534,1736.0,1.8800514534152547e-08,1791.0,BID
639,1712366009.4891536,16534683.38045534,1735.0,1.25963447378822e-09,1791.0,BID
640,1712366009.4990928,16535308.00891156,1736.0,1.1743336369609956e-08,1791.0,BID
641,1712366009.6192188,16535399.50314454,1734.0,1.720138656941677e-09,1791.0,BID
642,1712366009.7599928,16535430.20370894,1733.0,-5.77186407196884e-10,1791.0,ASK
643,1712366009.7625363,16535491.88998056,1732.0,-1.1597336461666819e-09,1791.0,ASK
644,1712366009.7992356,16535607.2302343,1734.0,2.1684561168220356e-09,1791.0,BID
645,1712366009.8391414,16535722.57048805,1732.0,-2.168456116997129e-09,1791.0,ASK
646,1712366009.9790783,16535814.65987674,1734.0,1.731327890489261e-09,1791.0,BID
647,1712366010.1462762,16535906.28343332,1732.0,-1.722570007160455e-09,1791.0,ASK
648,1712366010.3518896,16535906.28343332,1732.0,-0.0,1791.0,ASK
649,1712366010.3589804,16535998.61618995,1734.0,1.732103597271528e-09,1791.0,BID
650,1712366010.5193925,16536089.20452713,1732.0,-1.699379401531338e-09,1791.0,ASK
651,1712366010.719251,16536179.68030567,1734.0,1.6972678732230051e-09,1791.0,BID
652,1712366010.882358,16536270.0706059,1732.0,-1.695664354714242e-09,1791.0,ASK
653,1712366011.063626,16536362.62423911,1734.0,1.736247100973989e-09,1791.0,BID
654,1712366011.2466414,16536453.35807282,1732.0,-1.7021088235671502e-09,1791.0,ASK
655,1712366011.439025,16536544.91170603,1734.0,1.7174877391041711e-09,1791.0,BID
656,1712366011.6092205,16536635.37937346,1732.0,-1.69711571397587e-09,1791.0,ASK
657,1712366011.8491223,16536727.31997322,1734.0,1.7247469846392735e-09,1791.0,BID
658,1712366011.9890714,16536731.82215023,1732.0,-8.445796791279667e-11,1791.0,ASK
659,1712366011.993354,16536817.5861395,1732.0,-1.608877713106864e-09,1791.0,ASK
660,1712366012.1900785,16538799.31278309,1734.0,3.717592730341454e-08,1791.0,BID
661,1712366012.2304854,16538889.49617409,1734.0,1.69178286955269e-09,1791.0,BID
662,1712366012.36963,16538979.85356439,1732.0,-1.695046985431758e-09,1791.0,ASK
663,1712366012.5892472,16539070.61019645,1734.0,1.702536506067148e-09,1791.0,BID
664,1712366012.6891332,16540642.61019645,1732.0,-2.94897169142824e-08,1791.0,ASK
665,1712366012.7344997,16541154.61019645,1731.0,-9.604793295237014e-09,1791.0,ASK
666,1712366012.7387109,16541641.55092845,1731.0,-9.134697417729127e-09,1791.0,ASK
667,1712366012.7413738,16542642.12177051,1731.0,-1.8770070537576148e-08,1791.0,ASK
668,1712366012.7442489,16542642.18028542,1731.0,-1.0977023701146606e-12,1791.0,ASK
669,1712366012.7469668,16542732.60675896,1731.0,-1.696342942895338e-09,1791.0,ASK
670,1712366012.974358,16542825.06576588,1732.0,1.73447197217554e-09,1791.0,BID
671,1712366013.1094143,16542916.24070814,1731.0,-1.7103837385123247e-09,1791.0,ASK
672,1712366013.1492374,16543493.24070814,1731.0,-1.08241518190464e-08,1791.0,ASK
673,1712366013.329073,16543585.06596765,1734.0,1.7225832751196571e-09,1791.0,BID
674,1712366013.4892125,16543677.70395841,1731.0,-1.737829594825678e-09,1791.0,ASK
675,1712366013.7120097,16543753.36673919,1734.0,1.419385487344057e-09,1791.0,BID
676,1712366013.7168238,16543768.31872196,1734.0,2.804896559783227e-10,1791.0,BID
677,1712366013.8691518,16543858.50116999,1731.0,-1.691765180077864e-09,1791.0,ASK
678,1712366014.0891812,16543868.60237849,1734.0,1.8949222590257587e-10,1791.0,BID
679,1712366014.09913,16543949.47413898,1735.0,1.5171026229310084e-09,1791.0,BID
680,1712366014.2591984,16544041.22760318,1731.0,-1.7212364409357663e-09,1791.0,ASK
681,1712366014.4850926,16544131.9809173,1735.0,1.702474263611522e-09,1791.0,BID
682,1712366014.6190605,16544223.79096348,1731.0,-1.7222978828036402e-09,1791.0,ASK
683,1712366014.858946,16544314.98404705,1735.0,1.7107240578895183e-09,1791.0,BID
684,1712366015.025768,16544406.99963596,1731.0,-1.726153733265745e-09,1791.0,ASK
685,1712366015.106691,16544966.79394709,1735.0,1.0501384074686296e-08,1791.0,BID
686,1712366015.109522,16553344.22499619,1735.0,1.571552608822582e-07,1791.0,BID
687,1712366015.2195525,16553434.7581374,1735.0,1.698343960310838e-09,1791.0,BID
688,1712366015.3817449,16553525.68538913,1734.0,-1.7057372222104083e-09,1791.0,ASK
689,1712366015.6041715,16553618.11017299,1735.0,1.733829969422664e-09,1791.0,BID
690,1712366015.7591672,16553708.61305982,1734.0,-1.6977764074675707e-09,1791.0,ASK
691,1712366015.7992415,16558643.61305982,1734.0,-9.257745099998956e-08,1791.0,ASK
692,1712366015.8052976,16558904.61305982,1734.0,-4.896193457142306e-09,1791.0,ASK
693,1712366015.8191614,16559447.61305982,1734.0,-1.0186333514284569e-08,1791.0,ASK
694,1712366015.8390555,16559667.42364288,1734.0,-4.123506278095253e-09,1791.0,ASK
695,1712366015.9592094,16559758.91326225,1734.0,1.7162868803008675e-09,1791.0,BID
696,1712366016.145532,16559850.68289273,1732.0,-1.7215397100508567e-09,1791.0,ASK
697,1712366016.1791253,16560427.56473711,1735.0,1.0821935294991124e-08,1791.0,BID
698,1712366016.3231616,16560519.37165353,1735.0,1.722239170506813e-09,1791.0,BID
699,1712366016.522323,16560611.72500225,1732.0,-1.732489891735382e-09,1791.0,ASK
700,1712366016.7292824,16560703.32384951,1735.0,1.718335925822261e-09,1791.0,BID
701,1712366016.8890178,16560794.61772941,1732.0,-1.7126149327361703e-09,1791.0,ASK
702,1712366017.1119013,16560884.99986197,1735.0,1.695511134417289e-09,1791.0,BID
703,1712366017.2490942,16560975.8283839,1732.0,-1.7038851141533027e-09,1791.0,ASK
704,1712366017.4693332,16561066.99553087,1735.0,1.7102375038269e-09,1791.0,BID
705,1712366017.609418,16561158.72243618,1732.0,-1.720738213123799e-09,1791.0,ASK
706,1712366017.8315594,16561250.09289203,1733.0,1.714051448691446e-09,1791.0,BID
707,1712366017.989075,16561340.96991281,1732.0,-1.7047949216383415e-09,1791.0,ASK
708,1712366018.2090864,16561431.94512894,1735.0,1.7066370037425595e-09,1791.0,BID
709,1712366018.269205,16562584.6828811,1734.0,-2.1624624674049817e-08,1791.0,ASK
710,1712366018.3691418,16562676.09974022,1734.0,-1.714921944430969e-09,1791.0,ASK
711,1712366018.570371,16562768.21386125,1735.0,1.7280021329247343e-09,1791.0,BID
712,1712366018.7291627,16562858.85127464,1734.0,-1.7003000398939707e-09,1791.0,ASK
713,1712366018.9591367,16562951.31870979,1735.0,1.734630080408867e-09,1791.0,BID
714,1712366019.0391665,16563004.02440979,1734.0,-9.887253007227887e-10,1791.0,ASK
715,1712366019.119184,16563095.74438669,1734.0,-1.720608240566036e-09,1791.0,ASK
716,1712366019.3191526,16563186.71960282,1735.0,1.7066370037425595e-09,1791.0,BID
717,1712366019.4990091,16563277.29466055,1734.0,-1.699130287503057e-09,1791.0,ASK
718,1712366019.6991549,16563367.49811876,1735.0,1.692159317630771e-09,1791.0,BID
719,1712366019.8191264,16563438.43298907,1735.0,1.3306929038148867e-09,1791.0,BID
720,1712366019.8591905,16563529.99476736,1734.0,-1.717640535589188e-09,1791.0,ASK
721,1712366020.0191731,16564108.45504941,1735.0,1.0851545778506748e-08,1791.0,BID
722,1712366020.024789,16564125.65830124,1735.0,3.2272202700588887e-10,1791.0,BID
723,1712366020.0304968,16564571.6670148,1735.0,8.366838870351742e-09,1791.0,BID
724,1712366020.0821743,16564663.91715889,1735.0,1.730553838759992e-09,1791.0,BID
725,1712366020.2393336,16564754.9027247,1734.0,-1.706831157130368e-09,1791.0,ASK
726,1712366020.4593005,16564847.34364689,1735.0,1.7341327141626435e-09,1791.0,BID
727,1712366020.5392678,16564944.04344446,1734.0,-1.8140264987458742e-09,1791.0,ASK
728,1712366020.5616992,16565453.11813577,1735.0,9.549916370848012e-09,1791.0,BID
729,1712366020.5668728,16566585.00346985,1735.0,2.123344661669826e-08,1791.0,BID
730,1712366020.59915,16566676.95439363,1735.0,-1.724940656665615e-09,1791.0,ASK
731,1712366020.683473,16567354.50175808,1735.0,-1.271035621731738e-08,1791.0,ASK
732,1712366020.8392744,16567445.25982259,1736.0,1.7025633779242675e-09,1791.0,BID
733,1712366020.9791908,16567535.54100041,1735.0,-1.693617287925317e-09,1791.0,ASK
734,1712366021.0991366,16569927.04200041,1735.0,-4.486303275456308e-08,1791.0,ASK
735,1712366021.1992135,16570017.71365939,1736.0,1.700942465340638e-09,1791.0,BID
736,1712366021.349126,16570108.42728525,1735.0,-1.7017297371907587e-09,1791.0,ASK
737,1712366021.5691369,16570198.42094884,1736.0,1.6882237044275443e-09,1791.0,BID
738,1712366021.7549815,16570290.24889341,1735.0,-1.722633645145526e-09,1791.0,ASK
739,1712366021.9691172,16570380.24716529,1736.0,1.6883101530124811e-09,1791.0,BID
740,1712366022.1352997,16570471.34358561,1735.0,-1.708910717006321e-09,1791.0,ASK
741,1712366022.269179,16570642.74000221,1735.0,-3.215287408158324e-09,1791.0,ASK
742,1712366022.3089986,16570692.27769738,1736.0,9.29295551646304e-10,1791.0,BID
743,1712366022.3490343,16570782.52308908,1736.0,1.692945963109982e-09,1791.0,BID
744,1712366022.4894383,16570874.12239623,1735.0,-1.7183445530804523e-09,1791.0,ASK
745,1712366022.6891234,16570965.60396305,1736.0,1.7161358195614123e-09,1791.0,BID
746,1712366022.7891862,16572733.65941104,1735.0,-3.3167592016528014e-08,1791.0,ASK
747,1712366022.8090184,16573414.45438221,1736.0,1.2771279247116736e-08,1791.0,BID
748,1712366022.8699248,16573504.67840068,1735.0,-1.692545015005139e-09,1791.0,ASK
749,1712366022.8891172,16574411.97001214,1735.0,-1.702021169251408e-08,1791.0,ASK
750,1712366022.929241,16575109.77903736,1735.0,-1.3090452044520381e-08,1791.0,ASK
751,1712366022.9892256,16575894.45458555,1735.0,-1.47200125863167e-08,1791.0,ASK
752,1712366023.0929086,16575970.39989386,1736.0,1.424685523538e-09,1791.0,BID
753,1712366023.097976,16575986.04963163,1736.0,2.9357909453710046e-10,1791.0,BID
754,1712366023.109007,16578942.4121325,1736.0,5.5459474075492353e-08,1791.0,BID
755,1712366023.114929,16579222.88085282,1736.0,5.261414227459221e-09,1791.0,BID
756,1712366023.229169,16579314.77750409,1735.0,-1.723922539006957e-09,1791.0,ASK
757,1712366023.4692123,16579406.5355686,1736.0,1.721322739829027e-09,1791.0,BID
758,1712366023.5891774,16579498.60889423,1735.0,-1.727236837273169e-09,1791.0,ASK
759,1712366023.8092332,16579547.83783847,1737.0,9.235035811550455e-10,1791.0,BID
760,1712366023.8195417,16579590.33716135,1737.0,7.97260178614274e-10,1791.0,BID
761,1712366023.9833648,16579680.5421267,1735.0,-1.692187590628529e-09,1791.0,ASK
762,1712366024.198979,16579772.15928271,1737.0,1.7186793862787e-09,1791.0,BID
763,1712366024.35929,16579863.04207716,1735.0,-1.704903231986671e-09,1791.0,ASK
764,1712366024.4191134,16579978.18312494,1735.0,-2.1599725854232714e-09,1791.0,ASK
765,1712366024.5394576,16580150.89469662,1735.0,-3.239958878257204e-09,1791.0,ASK
766,1712366024.559157,16580243.24184687,1737.0,1.73237361243679e-09,1791.0,BID
767,1712366024.7391348,16580334.80304779,1735.0,-1.717629704467e-09,1791.0,ASK
768,1712366024.7591555,16581297.83103257,1735.0,-1.8065790490921864e-08,1791.0,ASK
769,1712366024.764188,16581520.75583996,1735.0,-4.181927139381596e-09,1791.0,ASK
770,1712366024.7992494,16581526.54684198,1737.0,1.0863550268887404e-10,1791.0,BID
771,1712366024.8394544,16581578.38648191,1737.0,9.724785664253878e-10,1791.0,BID
772,1712366024.845892,16581581.37070166,1737.0,5.598205830088775e-11,1791.0,BID
773,1712366024.8511045,16581631.25211879,1735.0,-9.357435562836786e-10,1791.0,ASK
774,1712366024.854009,16582398.99748763,1735.0,-1.4402413224776094e-08,1791.0,ASK
775,1712366024.8569725,16582464.25711828,1735.0,-1.22422902910465e-09,1791.0,ASK
776,1712366024.859943,16583213.51224209,1735.0,-1.4055548026563205e-08,1791.0,ASK
777,1712366024.9390757,16583304.47482124,1737.0,1.706399942060571e-09,1791.0,BID
778,1712366025.0834324,16583396.96558336,1735.0,-1.7350676794582435e-09,1791.0,ASK
779,1712366025.3202908,16583488.96673477,1737.0,1.7258828949709771e-09,1791.0,BID
780,1712366025.339351,16584237.70939452,1737.0,1.4045934527772603e-08,1791.0,BID
781,1712366025.3590708,16584844.22996842,1737.0,1.137793894845676e-08,1791.0,BID
782,1712366025.4669125,16584853.47772729,1735.0,-1.7348205546799843e-10,1791.0,ASK
783,1712366025.4699633,16584934.95629636,1735.0,-1.528485964663795e-09,1791.0,ASK
784,1712366025.5794768,16585686.74872793,1738.0,1.4103146301092053e-08,1791.0,BID
785,1712366025.5874672,16585728.28313638,1738.0,7.79158999616039e-10,1791.0,BID
786,1712366025.5916903,16585785.95326325,1737.0,1.0818547810179503e-09,1791.0,BID
787,1712366025.5946517,16587018.91105284,1737.0,2.3129501388222413e-08,1791.0,BID
788,1712366025.5977447,16587360.12466685,1738.0,6.400949672031863e-09,1791.0,BID
789,1712366025.659444,16587450.45665764,1738.0,1.6945705068348907e-09,1791.0,BID
790,1712366025.8194013,16587540.62120729,1736.0,-1.691429417840804e-09,1791.0,ASK
791,1712366026.061176,16587630.89278381,1738.0,1.6934371736529383e-09,1791.0,BID
792,1712366026.229696,16587721.82349974,1736.0,-1.7058022083844641e-09,1791.0,ASK
793,1712366026.469233,16587789.42750086,1738.0,1.268207923249797e-09,1791.0,BID
794,1712366026.476057,16587812.16239502,1738.0,4.2649210738230856e-10,1791.0,BID
795,1712366026.5978434,16587870.20105909,1736.0,-1.0887683037745927e-09,1791.0,ASK
796,1712366026.602779,16587902.3280994,1736.0,-6.026827761009352e-10,1791.0,ASK
797,1712366026.729175,16587931.39786684,1736.0,-5.453302878892461e-10,1791.0,ASK
798,1712366026.810675,16588105.11699234,1736.0,-3.258859945031926e-09,1791.0,ASK
799,1712366026.829137,16588197.24414999,1738.0,1.728246691629867e-09,1791.0,BID
800,1712366026.9692202,16588289.16793751,1736.0,-1.7244315977314602e-09,1791.0,ASK
801,1712366027.1891909,16588381.08911127,1738.0,1.7243825652866701e-09,1791.0,BID
1001,1712366027.1891909,16588381.08911127,1738.0,1.72438256528667e-09,1791.0,BID
802,1712366027.3493323,16588472.15088956,1735.0,-1.708260854636808e-09,1791.0,ASK
803,1712366027.5891323,16588563.31947413,1738.0,1.7102644722987443e-09,1791.0,BID
804,1712366027.729354,16588586.21016275,1735.0,-4.294147120463289e-10,1791.0,ASK
805,1712366027.7331874,16588654.37778821,1735.0,-1.278781156206772e-09,1791.0,ASK
806,1712366027.9291096,16588745.30068809,1738.0,1.705655584270065e-09,1791.0,BID
807,1712366027.9344895,16588749.30451707,1735.0,-7.510927684112231e-11,1791.0,ASK
808,1712366028.0891178,16588776.47864238,1735.0,-5.097692511362125e-10,1791.0,ASK
809,1712366028.0944796,16588840.27449397,1735.0,-1.196769468001253e-09,1791.0,ASK
810,1712366028.173659,16588897.78312457,1738.0,1.078825214069289e-09,1791.0,BID
811,1712366028.3092616,16588951.14397783,1738.0,1.0010155578583063e-09,1791.0,BID
812,1712366028.3157208,16588989.75550661,1738.0,7.243276420859091e-10,1791.0,BID
813,1712366028.469417,16589080.77398236,1735.0,-1.707448526587563e-09,1791.0,ASK
814,1712366028.5892265,16591565.03746345,1738.0,4.660319770857773e-08,1791.0,BID
815,1712366028.5960703,16592086.67661019,1738.0,9.785617537378574e-09,1791.0,BID
816,1712366028.6004925,16592716.80677867,1738.0,1.182083987760362e-08,1791.0,BID
817,1712366028.6972404,16592806.63761871,1738.0,1.6851692385189143e-09,1791.0,BID
818,1712366028.826571,16592897.04985889,1735.0,-1.6960759341776623e-09,1791.0,ASK
819,1712366029.0192382,16592902.53617222,1735.0,-1.0291973728055755e-10,1791.0,ASK
820,1712366029.0593078,16592994.66332987,1738.0,1.728246691594925e-09,1791.0,BID
821,1712366029.2192411,16593050.48538762,1735.0,-1.047186183602077e-09,1791.0,ASK
822,1712366029.2260911,16593086.47164395,1734.0,-6.750792061145349e-10,1791.0,ASK
823,1712366029.424372,16593177.19546443,1738.0,1.701920981759025e-09,1791.0,BID
824,1712366029.5813394,16593268.85712724,1734.0,-1.719514305436424e-09,1791.0,ASK
825,1712366029.8043954,16593358.69602252,1738.0,1.685320349679725e-09,1791.0,BID
826,1712366029.919156,16593361.69602252,1739.0,5.6278085714279375e-11,1791.0,BID
827,1712366029.9223697,16593761.69602252,1739.0,7.503744761903918e-09,1791.0,BID
828,1712366029.9255984,16594089.13725428,1738.0,6.142588569112379e-09,1791.0,BID
829,1712366029.9287393,16594352.38567808,1738.0,4.938372452954329e-09,1791.0,BID
830,1712366029.9319265,16596802.99099416,1739.0,4.597179201004092e-08,1791.0,BID
831,1712366029.9351046,16596895.27852302,1737.0,-1.731255153205354e-09,1791.0,ASK
832,1712366029.938275,16596901.58199281,1737.0,-1.1824907104906447e-10,1791.0,ASK
833,1712366030.0992725,16596992.00004916,1739.0,1.6961850417983915e-09,1791.0,BID
834,1712366030.259186,16597084.44924084,1737.0,-1.734287844496026e-09,1791.0,ASK
835,1712366030.4791863,16597176.52457148,1739.0,1.727274449997201e-09,1791.0,BID
836,1712366030.6194746,16597268.95413268,1738.0,-1.733919589241822e-09,1791.0,ASK
837,1712366030.8391953,16597360.49697339,1739.0,1.7172852786669755e-09,1791.0,BID
838,1712366031.019447,16597388.76540611,1738.0,-5.30297759867948e-10,1791.0,ASK
839,1712366031.0292623,16597452.15979094,1737.0,-1.1892382077779098e-09,1791.0,ASK
840,1712366031.2392612,16597512.74267485,1739.0,1.1364962444894454e-09,1791.0,BID
841,1712366031.2491324,16597542.71986983,1738.0,5.623530495153704e-10,1791.0,BID
842,1712366031.342635,16597739.49544214,1739.0,3.691384175000777e-09,1791.0,BID
843,1712366031.3500235,16597767.19187764,1739.0,5.195674570151425e-10,1791.0,BID
844,1712366031.409275,16597859.33102313,1737.0,-1.7284715758381383e-09,1791.0,ASK
845,1712366031.6114104,16597950.23959127,1739.0,1.705386729984014e-09,1791.0,BID
846,1712366031.749358,16598313.45178218,1739.0,6.813628937488473e-09,1791.0,BID
847,1712366031.7891996,16598403.9055928,1737.0,-1.696855769069996e-09,1791.0,ASK
1047,1712366031.7891996,16598403.9055928,1737.0,-1.6968557690699961e-09,1791.0,ASK
848,1712366031.9691558,16598494.53296485,1739.0,1.7001116707756035e-09,1791.0,BID
849,1712366032.1291544,16598585.01102489,1737.0,-1.697310672742631e-09,1791.0,ASK
850,1712366032.1690588,16598620.8884623,1737.0,-6.730378325710511e-10,1791.0,ASK
851,1712366032.3493848,16598712.41807702,1739.0,1.717037167544968e-09,1791.0,BID
852,1712366032.5291996,16598742.395272,1738.0,-5.623530495153704e-10,1791.0,ASK
853,1712366032.5363717,16598802.548562,1737.0,-1.1284373368684572e-09,1791.0,ASK
854,1712366032.7293189,16598894.57041363,1739.0,1.726271217889814e-09,1791.0,BID
855,1712366032.8891704,16598986.46937436,1737.0,-1.723965863006521e-09,1791.0,ASK
856,1712366033.1116557,16599078.02486602,1739.0,1.7175226024142227e-09,1791.0,BID
857,1712366033.2692027,16599261.60220931,1739.0,3.4437938202690953e-09,1791.0,BID
858,1712366033.2758334,16599352.18073124,1737.0,-1.699195273712054e-09,1791.0,ASK
859,1712366033.2815602,16599429.14915711,1737.0,-1.4438785561339127e-09,1791.0,ASK
860,1712366033.5092175,16599445.3100306,1739.0,3.0316767448571305e-10,1791.0,BID
861,1712366033.5193355,16599520.90269784,1740.0,1.418070202113423e-09,1791.0,BID
862,1712366033.651229,16599612.28664703,1737.0,-1.7143045751135431e-09,1791.0,ASK
863,1712366033.7191648,16600509.74535523,1737.0,-1.683575270171334e-08,1791.0,ASK
864,1712366033.724864,16600770.06155228,1737.0,-4.883365750145508e-09,1791.0,ASK
865,1712366033.7490275,16600805.84943388,1740.0,6.71357822734201e-10,1791.0,BID
866,1712366033.759205,16601268.10940913,1739.0,8.671702169780314e-09,1791.0,BID
867,1712366033.7634232,16601523.73293854,1739.0,4.795334299574005e-09,1791.0,BID
868,1712366033.7673345,16602056.99941636,1740.0,1.0003738849128104e-08,1791.0,BID
869,1712366033.8591037,16602148.16608302,1740.0,1.710228493499185e-09,1791.0,BID
870,1712366033.9993052,16602239.40164883,1737.0,-1.7115209976415003e-09,1791.0,ASK
871,1712366034.2591732,16602259.25604988,1739.0,3.724558947017346e-10,1791.0,BID
872,1712366034.2658732,16602329.2492624,1739.0,1.313028004524691e-09,1791.0,BID
873,1712366034.3790731,16602419.64937787,1737.0,-1.6958484823238735e-09,1791.0,ASK
874,1712366034.5990653,16602510.12091323,1739.0,1.697188273905778e-09,1791.0,BID
875,1712366034.779241,16602602.35012801,1737.0,-1.730161218250453e-09,1791.0,ASK
876,1712366034.999252,16602694.56864439,1739.0,1.7299605230848375e-09,1791.0,BID
877,1712366035.1392467,16602786.43123099,1737.0,-1.723283507549981e-09,1791.0,ASK
878,1712366035.1790783,16606366.41423721,1739.0,6.715819682657675e-08,1791.0,BID
879,1712366035.2990377,16606598.12123549,1739.0,-4.3466754365872845e-09,1791.0,ASK
880,1712366035.3793037,16606945.68173291,1739.0,-6.520013154898398e-09,1791.0,ASK
881,1712366035.3909776,16607035.53690532,1740.0,1.68562569826517e-09,1791.0,BID
1081,1712366035.3909776,16607035.53690532,1740.0,1.6856256982651702e-09,1791.0,BID
882,1712366035.52389,16607127.25515012,1739.0,-1.720575747479008e-09,1791.0,ASK
883,1712366035.5592391,16607383.09740273,1739.0,-4.799437407209738e-09,1791.0,ASK
884,1712366035.7592046,16607474.17675868,1739.0,1.708590600344724e-09,1791.0,BID
885,1712366035.89903,16607565.58207045,1737.0,-1.714705323489716e-09,1791.0,ASK
886,1712366035.9390762,16608786.98121383,1737.0,-2.2912668560848604e-08,1791.0,ASK
887,1712366035.949062,16609157.30193627,1737.0,-6.946980453088894e-09,1791.0,ASK
888,1712366035.9991207,16609336.46059508,1739.0,3.360902118987418e-09,1791.0,BID
889,1712366036.009056,16610125.54969393,1739.0,1.4802807980432896e-08,1791.0,BID
1090,1712366036.01318,16612424.40026864,1739.0,4.3124969895940084e-08,1791.0,BID
890,1712366036.01318,16612424.40026864,1739.0,4.312496989594008e-08,1791.0,BID
891,1712366036.1291409,16612514.75507025,1739.0,1.694998423236867e-09,1791.0,BID
892,1712366036.2903636,16612606.30241436,1737.0,-1.717369759561126e-09,1791.0,ASK
893,1712366036.5110638,16612698.10758677,1740.0,1.722206453965475e-09,1791.0,BID
894,1712366036.6699047,16612790.42860293,1737.0,-1.731883353575085e-09,1791.0,ASK
895,1712366036.892046,16612881.62343051,1740.0,1.7107567743959143e-09,1791.0,BID
896,1712366037.0291262,16612972.25218339,1737.0,-1.700137574284121e-09,1791.0,ASK
897,1712366037.2495468,16613064.15850522,1740.0,1.7241039525290043e-09,1791.0,BID
898,1712366037.4291515,16613156.75550291,1737.0,-1.7370605909507063e-09,1791.0,ASK
899,1712366037.6293445,16613248.76584773,1740.0,1.726055357461941e-09,1791.0,BID
900,1712366037.7827258,16613340.97196782,1737.0,-1.729727976612541e-09,1791.0,ASK
901,1712366038.0091577,16613432.7530023,1740.0,1.721753641818196e-09,1791.0,BID
902,1712366038.043665,16614259.76698429,1740.0,1.5514254588421653e-08,1791.0,BID
903,1712366038.0480113,16614578.36458013,1740.0,5.976687602361944e-09,1791.0,BID
904,1712366038.0513985,16614584.16348013,1740.0,1.0878366372865815e-10,1791.0,BID
905,1712366038.1491468,16614676.4544732,1737.0,-1.7313201395541203e-09,1791.0,ASK
906,1712366038.4084709,16614768.5636686,1740.0,1.7279097312653875e-09,1791.0,BID
907,1712366038.5391903,16614859.68607044,1737.0,-1.709398113765984e-09,1791.0,ASK
908,1712366038.7791915,16614951.71078308,1740.0,1.7263248885752e-09,1791.0,BID
909,1712366038.9350412,16615043.63688007,1737.0,-1.7244749219406763e-09,1791.0,ASK
910,1712366038.948912,16615698.31278359,1740.0,1.2281302204450073e-08,1791.0,BID
911,1712366038.9523697,16615739.96170616,1740.0,7.81307211434881e-10,1791.0,BID
912,1712366039.1195376,16615830.14216593,1740.0,1.691727881552606e-09,1791.0,BID
913,1712366039.2790132,16615920.91064168,1737.0,-1.702758686146315e-09,1791.0,ASK
914,1712366039.4993477,16616012.40144627,1740.0,1.716309114266811e-09,1791.0,BID
915,1712366039.6391578,16616104.02731232,1737.0,-1.718842781067129e-09,1791.0,ASK
1116,1712366039.739346,16617212.04614246,1740.0,2.078572623190457e-08,1791.0,BID
916,1712366039.739346,16617212.04614246,1740.0,2.0785726231904572e-08,1791.0,BID
917,1712366039.746821,16617635.98670159,1740.0,7.952854374793985e-09,1791.0,BID
918,1712366039.7521424,16618620.77328933,1740.0,1.847396799839114e-08,1791.0,BID
919,1712366039.9191449,16618711.2267376,1740.0,1.696848971621323e-09,1791.0,BID
920,1712366040.0466306,16618801.51080226,1737.0,-1.693671443186837e-09,1791.0,ASK
921,1712366040.2203517,16618801.51080226,1737.0,-0.0,1791.0,ASK
922,1712366040.269543,16618891.60792869,1740.0,1.685613678389032e-09,1791.0,BID
923,1712366040.4231536,16618984.04730513,1737.0,-1.729434483907535e-09,1791.0,ASK
924,1712366040.639177,16619074.33063846,1740.0,1.6890973954899543e-09,1791.0,BID
925,1712366040.709439,16619091.72802061,1737.0,-3.2548502356652763e-10,1791.0,ASK
926,1712366040.8032854,16619182.23494901,1737.0,-1.693280602210717e-09,1791.0,ASK
927,1712366041.009103,16619273.56943176,1740.0,1.7087631929264971e-09,1791.0,BID
928,1712366041.0891995,16619277.03379957,1740.0,6.481433981275126e-11,1791.0,BID
929,1712366041.1978989,16619368.1406125,1737.0,-1.7045037522731223e-09,1791.0,ASK
930,1712366041.3892062,16619459.54808376,1740.0,1.710128724058494e-09,1791.0,BID
1130,1712366041.3892062,16619459.54808376,1740.0,1.7101287240584941e-09,1791.0,BID
931,1712366041.5491474,16619549.74843018,1737.0,-1.687544805755622e-09,1791.0,ASK
932,1712366041.7516365,16619641.47659109,1740.0,1.716128458815894e-09,1791.0,BID
933,1712366041.929148,16619733.46850794,1737.0,-1.721063029291892e-09,1791.0,ASK
934,1712366042.129166,16619823.26735851,1740.0,1.68003327988448e-09,1791.0,BID
935,1712366042.2693372,16619915.90188506,1737.0,-1.733085518177518e-09,1791.0,ASK
936,1712366042.5091958,16620007.91165517,1740.0,1.721397043266812e-09,1791.0,BID
937,1712366042.6734326,16620099.50749812,1737.0,-1.713652941864882e-09,1791.0,ASK
938,1712366042.889031,16620190.33163605,1740.0,1.6992152279298561e-09,1791.0,BID
1138,1712366042.889031,16620190.33163605,1740.0,1.699215227929856e-09,1791.0,BID
939,1712366043.0499682,16620281.58625498,1737.0,-1.707269032645099e-09,1791.0,ASK
940,1712366043.2791538,16620371.80924348,1740.0,1.687968413042897e-09,1791.0,BID
941,1712366043.4191568,16620463.07425502,1737.0,-1.707463466432688e-09,1791.0,ASK
942,1712366043.6591806,16620553.63230099,1740.0,1.694236953211212e-09,1791.0,BID
1142,1712366043.6591806,16620553.63230099,1740.0,1.6942369532112121e-09,1791.0,BID
943,1712366043.8192,16620644.51798228,1737.0,-1.7003666334644703e-09,1791.0,ASK
944,1712366043.8792934,16620694.05567745,1740.0,9.267933382809603e-10,1791.0,BID
945,1712366043.8868384,16620922.24633135,1740.0,4.269184853484236e-09,1791.0,BID
946,1712366043.8920913,16628808.8929349,1740.0,1.4755009308654936e-07,1791.0,BID
947,1712366044.0190992,16628900.93199291,1741.0,1.721944986226982e-09,1791.0,BID
948,1712366044.1794045,16628991.85404833,1740.0,-1.7010471516164883e-09,1791.0,ASK
949,1712366044.3802457,16629063.16022848,1741.0,1.334056671683947e-09,1791.0,BID
950,1712366044.384234,16629082.5852373,1741.0,3.6341958803667855e-10,1791.0,BID
951,1712366044.5592933,16629174.03211951,1740.0,-1.710866057645801e-09,1791.0,ASK
952,1712366044.7590928,16629265.40489377,1741.0,1.709479583070197e-09,1791.0,BID
953,1712366044.9295075,16629355.57983603,1740.0,-1.6870695231056583e-09,1791.0,ASK
954,1712366044.9791975,16629415.75468622,1740.0,-1.1258022824322967e-09,1791.0,ASK
1155,1712366045.139254,16629507.24693205,1741.0,1.7117147588338902e-09,1791.0,BID
955,1712366045.139254,16629507.24693205,1741.0,1.71171475883389e-09,1791.0,BID
956,1712366045.299214,16629599.56159717,1740.0,-1.727101278456466e-09,1791.0,ASK
957,1712366045.379196,16630476.24190108,1740.0,-1.640168083488011e-08,1791.0,ASK
958,1712366045.5331256,16630565.97596196,1741.0,1.6788211392868755e-09,1791.0,BID
959,1712366045.6890616,16630656.15148159,1740.0,-1.6870803250292107e-09,1791.0,ASK
960,1712366045.9096322,16630746.11299795,1741.0,1.683076569847271e-09,1791.0,BID
961,1712366046.049189,16630837.67997254,1740.0,-1.713112848056932e-09,1791.0,ASK
962,1712366046.269189,16630927.97520516,1741.0,1.6893200175053763e-09,1791.0,BID
963,1712366046.4292588,16631019.95268783,1740.0,-1.720792982353069e-09,1791.0,ASK
964,1712366046.6491923,16631110.83896008,1741.0,1.7003776896386643e-09,1791.0,BID
965,1712366046.7312498,16631173.67294139,1741.0,1.1755515693142728e-09,1791.0,BID
966,1712366046.7347436,16633440.51788856,1741.0,4.24100634631286e-08,1791.0,BID
967,1712366046.7930045,16633532.09121419,1740.0,-1.713231668658439e-09,1791.0,ASK
968,1712366047.0291152,16633623.22389655,1741.0,1.704987739592474e-09,1791.0,BID
969,1712366047.1893404,16633690.52466223,1740.0,-1.2591199707659744e-09,1791.0,ASK
970,1712366047.1972306,16633714.99179493,1740.0,-4.57751930447984e-10,1791.0,ASK
971,1712366047.409151,16633804.95216253,1741.0,1.683055077862086e-09,1791.0,BID
972,1712366047.5590374,16633975.2874429,1741.0,3.1867773133390554e-09,1791.0,BID
973,1712366047.5692265,16638751.58384415,1740.0,-8.935901582000018e-08,1791.0,ASK
974,1712366047.5791838,16639188.91588007,1740.0,-8.181979725151841e-09,1791.0,ASK
975,1712366047.7993116,16639279.30875772,1741.0,1.691146843808147e-09,1791.0,BID
976,1712366047.903851,16639336.78002208,1741.0,1.075221299011766e-09,1791.0,BID
977,1712366047.9393034,16639428.80311676,1740.0,-1.721646330654659e-09,1791.0,ASK
978,1712366048.1792092,16639520.31604036,1741.0,1.712101616135386e-09,1791.0,BID
979,1712366048.2992022,16639611.66881172,1740.0,-1.7091053518081871e-09,1791.0,ASK
980,1712366048.5438037,16639702.66766295,1741.0,1.702483912968525e-09,1791.0,BID
981,1712366048.6591897,16639794.8287484,1740.0,-1.724227979336838e-09,1791.0,ASK
982,1712366048.9091454,16639884.66792128,1741.0,1.6807876639812235e-09,1791.0,BID
983,1712366049.0491514,16639975.52646631,1740.0,-1.699858945218089e-09,1791.0,ASK
984,1712366049.1292672,16640607.72864896,1741.0,1.1827776187871173e-08,1791.0,BID
985,1712366049.249187,16640697.55575981,1741.0,1.680561997230729e-09,1791.0,BID
986,1712366049.5544405,16640789.28959352,1740.0,-1.716234590372821e-09,1791.0,ASK
987,1712366049.6090157,16640880.29476296,1741.0,1.7026021194097643e-09,1791.0,BID
988,1712366049.7555249,16640972.44372369,1740.0,-1.724001139778593e-09,1791.0,ASK
1189,1712366049.9290044,16641064.30299996,1741.0,1.7185814765017302e-09,1791.0,BID
989,1712366049.9290044,16641064.30299996,1741.0,1.71858147650173e-09,1791.0,BID
990,1712366050.0490646,16641155.39422397,1740.0,-1.704212101487195e-09,1791.0,ASK
1191,1712366050.1011658,16642716.88395376,1741.0,2.9213678077135012e-08,1791.0,BID
991,1712366050.1011658,16642716.88395376,1741.0,2.921367807713501e-08,1791.0,BID
992,1712366050.1079476,16642970.68624087,1741.0,4.7483490729715775e-09,1791.0,BID
993,1712366050.1122882,16643817.46789436,1742.0,1.5842311450876568e-08,1791.0,BID
994,1712366050.1313157,16643823.16192421,1742.0,1.0652875379033966e-10,1791.0,BID
995,1712366050.2911444,16643861.61041281,1742.0,7.193270292465962e-10,1791.0,BID
996,1712366050.295601,16643915.08557518,1742.0,1.000458823903756e-09,1791.0,BID
997,1712366050.389177,16644792.53592156,1742.0,1.6416087444441166e-08,1791.0,BID
998,1712366050.3984442,16644863.47991991,1742.0,1.327280666505217e-09,1791.0,BID
999,1712366050.4091494,16644955.612137,1741.0,-1.7236878854940407e-09,1791.0,ASK
1000,1712366050.5492728,16645305.74815971,1741.0,-6.550642540612904e-09,1791.0,ASK
1201,1712366050.6304412,16646395.74526619,1740.0,-2.0392593025880683e-08,1791.0,ASK
1202,1712366050.6730585,16646485.72975786,1741.0,1.6835064115024663e-09,1791.0,BID
1203,1712366050.8092864,16646577.69915739,1740.0,-1.720641756120297e-09,1791.0,ASK
1204,1712366051.0292635,16646669.82207525,1741.0,1.723513907592392e-09,1791.0,BID
1205,1712366051.1694946,16646761.53108217,1740.0,-1.715770109681257e-09,1791.0,ASK
1206,1712366051.1968205,16647056.20635424,1740.0,-5.51303564237918e-09,1791.0,ASK
1207,1712366051.1982884,16647747.39217462,1740.0,-1.2931292254342096e-08,1791.0,ASK
1208,1712366051.199872,16647761.53108217,1740.0,-2.645227090803725e-10,1791.0,ASK
1209,1712366051.3917158,16647851.9607203,1741.0,1.6918345901219187e-09,1791.0,BID
1210,1712366051.4090867,16650149.49087538,1740.0,-4.2984148433705536e-08,1791.0,ASK
1211,1712366051.4490435,16652307.50096159,1740.0,-4.037388830872435e-08,1791.0,ASK
1212,1712366051.4662485,16652447.02103046,1740.0,-2.6102601249811797e-09,1791.0,ASK
1213,1712366051.5290864,16652538.21675794,1740.0,-1.706167241321486e-09,1791.0,ASK
1214,1712366051.7806203,16652685.87459429,1740.0,-2.762508401042091e-09,1791.0,ASK
1215,1712366051.7838814,16652691.82104635,1740.0,-1.1125128323846639e-10,1791.0,ASK
1216,1712366051.787075,16652782.71817278,1740.0,1.700580758852765e-09,1791.0,BID
1217,1712366051.9391053,16652874.15350765,1738.0,-1.710650020185347e-09,1791.0,ASK
1218,1712366052.1191902,16652879.90063408,1740.0,1.0752212979663272e-10,1791.0,BID
1219,1712366052.1391723,16655747.28224327,1740.0,5.3645414156163634e-08,1791.0,BID
1220,1712366052.159114,16655838.48684097,1740.0,1.7063331929387851e-09,1791.0,BID
1221,1712366052.2990308,16655928.99550147,1738.0,-1.693313007807133e-09,1791.0,ASK
1222,1712366052.5192742,16656019.06159342,1740.0,1.685033058959331e-09,1791.0,BID
1223,1712366052.6592453,16656111.30581974,1738.0,-1.725783449463311e-09,1791.0,ASK
1224,1712366052.8992107,16656201.23915307,1740.0,1.6825492977500455e-09,1791.0,BID
1225,1712366053.0593252,16656314.19301502,1740.0,2.113236928570245e-09,1791.0,BID
1226,1712366053.0621054,16656404.36160624,1740.0,1.6869507024693031e-09,1791.0,BID
1227,1712366053.279158,16656494.09091658,1740.0,1.6787322620998902e-09,1791.0,BID
1228,1712366053.421628,16656586.37729071,1738.0,-1.726571986572068e-09,1791.0,ASK
1229,1712366053.6592464,16656678.43418726,1740.0,1.7222787247637067e-09,1791.0,BID
1230,1712366053.8292334,16656744.08949902,1738.0,-1.2283354191869648e-09,1791.0,ASK
1231,1712366053.8320572,16656769.39030735,1738.0,-4.7334904327066e-10,1791.0,ASK
1232,1712366054.039179,16656860.66731884,1740.0,1.707687971701014e-09,1791.0,BID
1233,1712366054.1891258,16656981.90727357,1740.0,2.268260200507001e-09,1791.0,BID
1234,1712366054.1918466,16657074.49387865,1740.0,1.732188962530199e-09,1791.0,BID
1235,1712366054.4091375,16657165.89100508,1740.0,1.7099351841905131e-09,1791.0,BID
1236,1712366054.5692987,16657258.42853394,1738.0,-1.731270802861535e-09,1791.0,ASK
1237,1712366054.7692666,16657349.20267187,1740.0,1.6982797854204743e-09,1791.0,BID
1238,1712366054.949438,16657439.39839935,1738.0,-1.687458390680836e-09,1791.0,ASK
1239,1712366055.1891174,16657531.49839935,1740.0,1.7230851408222102e-09,1791.0,BID
1240,1712366055.30916,16657621.72126309,1738.0,-1.6879660789272175e-09,1791.0,ASK
1241,1712366055.534032,16657711.81838952,1740.0,1.685613678389032e-09,1791.0,BID
1242,1712366055.7169242,16657730.14340934,1738.0,-3.4284005815441016e-10,1791.0,ASK
1243,1712366055.7182574,16657802.50256965,1738.0,-1.3537567201946335e-09,1791.0,ASK
1244,1712366055.90914,16657893.05889148,1740.0,1.694204696554932e-09,1791.0,BID
1245,1712366056.0789914,16657985.33891457,1738.0,-1.726453165866017e-09,1791.0,ASK
1246,1712366056.27889,16658076.63948928,1740.0,1.708128812484309e-09,1791.0,BID
1247,1712366056.429792,16658167.96223754,1738.0,-1.708543654118284e-09,1791.0,ASK
1248,1712366056.4895186,16658203.39984536,1739.0,6.629969105166719e-10,1791.0,BID
1249,1712366056.6591744,16658295.31186376,1739.0,1.7195682211174102e-09,1791.0,BID
1250,1712366056.7391644,16658337.3421599,1739.0,7.86338531424841e-10,1791.0,BID
1251,1712366056.799184,16658429.6025525,1738.0,-1.7260859019637035e-09,1791.0,ASK
1252,1712366057.0397005,16658519.86304703,1739.0,1.688670107771306e-09,1791.0,BID
1253,1712366057.15949,16658665.11598462,1739.0,2.7175155094383e-09,1791.0,BID
1254,1712366057.179243,16658757.50051117,1738.0,-1.7284083054912202e-09,1791.0,ASK
1255,1712366057.2392497,16658771.95030392,1740.0,2.7033901384790907e-10,1791.0,BID
1256,1712366057.2430823,16658772.02296672,1739.0,1.3594374800977334e-12,1791.0,BID
1257,1712366057.3990846,16658863.62296672,1740.0,1.7137307154844615e-09,1791.0,BID
1258,1712366057.5591214,16658954.24017226,1738.0,-1.6953437607578102e-09,1791.0,ASK
1259,1712366057.779227,16659045.43672398,1740.0,1.706182661887764e-09,1791.0,BID
1260,1712366057.8991914,16659136.09665469,1738.0,-1.6961430996158801e-09,1791.0,ASK
1261,1712366058.1592371,16659227.70010296,1740.0,1.713795228657628e-09,1791.0,BID
1262,1712366058.2991557,16659319.55171958,1738.0,-1.7184381732291355e-09,1791.0,ASK
1263,1712366058.5193346,16659411.31263912,1740.0,1.716741335110961e-09,1791.0,BID
1264,1712366058.6591997,16659471.57218446,1738.0,-1.1273868313608082e-09,1791.0,ASK
1265,1712366058.662136,16659503.40732734,1738.0,-5.95598932168958e-10,1791.0,ASK
1266,1712366058.8992834,16659595.17629285,1740.0,1.7168918659528947e-09,1791.0,BID
1267,1712366059.0192485,16659686.06832518,1738.0,-1.7004854541356735e-09,1791.0,ASK
1268,1712366059.2190208,16659778.14361253,1740.0,1.7226227955084679e-09,1791.0,BID
1269,1712366059.3691764,16659869.941534,1738.0,-1.7174335986947731e-09,1791.0,ASK
1270,1712366059.5890317,16659959.69785583,1740.0,1.679237616056352e-09,1791.0,BID
1271,1712366059.7491643,16660050.2105579,1738.0,-1.6933886209583679e-09,1791.0,ASK
1272,1712366059.9492383,16660585.59871201,1739.0,1.0016496991358778e-08,1791.0,BID
1273,1712366059.9517124,16660677.68151822,1739.0,1.722763464729079e-09,1791.0,BID
1274,1712366060.0091758,16663591.814446,1739.0,5.4520077591301567e-08,1791.0,BID
1275,1712366060.0890954,16663684.3583259,1738.0,-1.731389623532738e-09,1791.0,ASK
1276,1712366060.20917,16663912.36738282,1739.0,4.265787382689479e-09,1791.0,BID
1277,1712366060.3291683,16664003.48066631,1739.0,1.704624808997874e-09,1791.0,BID
1278,1712366060.4891684,16664093.62500811,1738.0,-1.686497023701291e-09,1791.0,ASK
1279,1712366060.6892622,16664183.81707251,1739.0,1.687389858702703e-09,1791.0,BID
1280,1712366060.8492675,16664275.82284618,1738.0,-1.7213222744465547e-09,1791.0,ASK
1281,1712366060.9892645,16664378.88897613,1739.0,1.928248827767778e-09,1791.0,BID
1282,1712366061.089129,16664469.4979468,1739.0,1.695189695811045e-09,1791.0,BID
1283,1712366061.1891806,16665408.79384034,1738.0,-1.7573146546859322e-08,1791.0,ASK
1284,1712366061.229066,16665499.0022699,1738.0,-1.687696032023242e-09,1791.0,ASK
1285,1712366061.4491408,16665590.98041826,1739.0,1.720805436661858e-09,1791.0,BID
1286,1712366061.62159,16665683.40651525,1738.0,-1.7291860406764247e-09,1791.0,ASK
1287,1712366061.6992495,16665762.78118303,1739.0,1.4850088013900223e-09,1791.0,BID
1288,1712366061.7024577,16665879.80868449,1739.0,2.1894500415884576e-09,1791.0,BID
1289,1712366061.7891438,16666329.40744832,1740.0,8.411476105031678e-09,1791.0,BID
1290,1712366061.8192098,16668564.02034368,1738.0,-4.180703882109218e-08,1791.0,ASK
1291,1712366061.822384,16668629.57996125,1739.0,-1.2265450908844467e-09,1791.0,ASK
1292,1712366061.839049,16668719.80869688,1740.0,1.688075935242111e-09,1791.0,BID
1293,1712366061.879263,16671293.93083121,1740.0,4.8158866452297454e-08,1791.0,BID
1294,1712366061.882389,16671320.3986473,1740.0,4.95182417093595e-10,1791.0,BID
1295,1712366061.8950157,16671472.59527625,1738.0,-2.847423993707361e-09,1791.0,ASK
1296,1712366061.9004724,16673619.24922201,1738.0,-4.016142797359347e-08,1791.0,ASK
1297,1712366061.9847791,16673708.12397729,1738.0,-1.662744519162429e-09,1791.0,ASK
1298,1712366061.987343,16673711.22670468,1738.0,-5.804846319063973e-11,1791.0,ASK
1299,1712366062.2191255,16673803.22670468,1740.0,1.721214255733752e-09,1791.0,BID
1300,1712366062.2793152,16675909.26376489,1738.0,-3.94015327297596e-08,1791.0,ASK
1301,1712366062.2827735,16676102.07727939,1738.0,-3.6073192375760926e-09,1791.0,ASK
1302,1712366062.3605394,16676193.31804151,1738.0,-1.707009787664676e-09,1791.0,ASK
1303,1712366062.5592265,16676284.68836928,1739.0,1.7094338120304951e-09,1791.0,BID
1304,1712366062.7392612,16676375.05211061,1738.0,-1.690601736739287e-09,1791.0,ASK
1305,1712366062.9392707,16676465.61795304,1739.0,1.6943828159960255e-09,1791.0,BID
1306,1712366063.1234446,16676555.75825327,1738.0,-1.6864214105849051e-09,1791.0,ASK
1307,1712366063.3443055,16676647.75595309,1739.0,1.721171222000508e-09,1791.0,BID
1308,1712366063.4592218,16676738.77096463,1738.0,-1.7027862537812375e-09,1791.0,ASK
1309,1712366063.6991856,16676829.09586399,1739.0,1.6898750481203655e-09,1791.0,BID
1310,1712366063.8391912,16676920.15879701,1738.0,-1.7036828096027971e-09,1791.0,ASK
1311,1712366064.0891223,16677011.74361587,1739.0,1.7134466937859503e-09,1791.0,BID
1312,1712366064.2292058,16677102.53114473,1738.0,-1.6985303143362303e-09,1791.0,ASK
1313,1712366064.4491427,16677193.26202454,1739.0,1.697470475692761e-09,1791.0,BID
1314,1712366064.589399,16677283.53742869,1738.0,-1.6889490496144755e-09,1791.0,ASK
1315,1712366064.7692895,16677341.67283806,1738.0,-1.0876466888116622e-09,1791.0,ASK
1316,1712366064.7896843,16677433.47157296,1739.0,1.717448817038399e-09,1791.0,BID
1317,1712366064.9292066,16677523.9444367,1738.0,-1.692643291578668e-09,1791.0,ASK
1318,1712366065.0493922,16678251.49124959,1738.0,-1.3611564631087962e-08,1791.0,ASK
1319,1712366065.0523298,16678289.16464096,1738.0,-7.048258509571498e-10,1791.0,ASK
1320,1712366065.1491804,16678380.98810271,1739.0,1.717911427998063e-09,1791.0,BID
1321,1712366065.2091556,16679171.73160486,1739.0,1.4793902049220742e-08,1791.0,BID
1322,1712366065.2108092,16679453.54470862,1739.0,5.2723992570316315e-09,1791.0,BID
1323,1712366065.213631,16679531.0298019,1740.0,1.449657034329869e-09,1791.0,BID
1324,1712366065.289148,16679623.09966333,1738.0,-1.722521282803354e-09,1791.0,ASK
1325,1712366065.5327537,16679713.11920355,1740.0,1.6841621295882695e-09,1791.0,BID
1326,1712366065.6691751,16679805.5741689,1738.0,-1.729726134484375e-09,1791.0,ASK
1327,1712366065.690417,16679940.64723628,1738.0,-2.527061838481959e-09,1791.0,ASK
1328,1712366065.834331,16680719.59594586,1739.0,1.4573235037098944e-08,1791.0,BID
1329,1712366065.8890436,16680809.48789988,1740.0,1.681775138452365e-09,1791.0,BID
1330,1712366066.029113,16680901.82277285,1739.0,-1.727479344073244e-09,1791.0,ASK
1331,1712366066.2117229,16681194.91925796,1739.0,-5.483498353008554e-09,1791.0,ASK
1332,1712366066.2491257,16681235.40417766,1740.0,7.57426314469611e-10,1791.0,BID
1333,1712366066.2590835,16681285.11391873,1739.0,9.300121193130775e-10,1791.0,BID
1334,1712366066.419207,16681376.2623021,1738.0,-1.705281487458326e-09,1791.0,ASK
1335,1712366066.659195,16681466.2668998,1740.0,1.6838825721909147e-09,1791.0,BID
1336,1712366066.7791858,16681557.21378201,1738.0,-1.7015116323429e-09,1791.0,ASK
1337,1712366066.9393573,16682365.96205787,1740.0,1.513075067075096e-08,1791.0,BID
1338,1712366066.9991078,16682455.95975901,1740.0,1.683753545496101e-09,1791.0,BID
1339,1712366067.1591513,16682548.19474746,1738.0,-1.725610619522827e-09,1791.0,ASK
1340,1712366067.179116,16684235.55221814,1740.0,3.1568518837536e-08,1791.0,BID
1341,1712366067.3990362,16684326.92980434,1740.0,1.709569608950153e-09,1791.0,BID
1342,1712366067.5390642,16684362.62608502,1738.0,-6.67836382436049e-10,1791.0,ASK
1343,1712366067.5409272,16684418.12091288,1738.0,-1.03824444381065e-09,1791.0,ASK
1344,1712366067.7411716,16684510.22263701,1740.0,1.7231173973042502e-09,1791.0,BID
1345,1712366067.927143,16684601.00208273,1739.0,-1.6983790880337623e-09,1791.0,ASK
1346,1712366068.043705,16684606.73931739,1739.0,-1.0733706613488127e-10,1791.0,ASK
1347,1712366068.1190057,16684697.11173118,1740.0,1.690763988514905e-09,1791.0,BID
1348,1712366068.2192223,16686276.61354794,1740.0,2.9550663521334293e-08,1791.0,BID
1349,1712366068.2228456,16689416.02813504,1740.0,5.873483849974649e-08,1791.0,BID
1350,1712366068.28469,16689506.22617199,1739.0,-1.687501598235653e-09,1791.0,ASK
1351,1712366068.5191553,16689597.68364325,1740.0,1.711064166567875e-09,1791.0,BID
1352,1712366068.6500382,16689690.10916288,1739.0,-1.7291752389271123e-09,1791.0,ASK
1353,1712366068.8891666,16689781.11720885,1740.0,1.7026559359698835e-09,1791.0,BID
1354,1712366069.0491953,16689873.01905642,1739.0,-1.719377936605512e-09,1791.0,ASK
1355,1712366069.280503,16689963.47652768,1740.0,1.6923553159620731e-09,1791.0,BID
1356,1712366069.4093006,16690053.63934523,1739.0,-1.6868426837565e-09,1791.0,ASK
1357,1712366069.6490543,16690144.46348316,1740.0,1.699215227929856e-09,1791.0,BID
1358,1712366069.7891955,16690236.81971872,1739.0,-1.727879013606822e-09,1791.0,ASK
1359,1712366070.0091827,16690328.50707504,1740.0,1.715365051818285e-09,1791.0,BID
1360,1712366070.069313,16693281.19729694,1740.0,5.52414402467407e-08,1791.0,BID
1361,1712366070.0729914,16695029.44904519,1740.0,3.270778077935572e-08,1791.0,BID
1362,1712366070.2634263,16695121.77468029,1740.0,-1.7273065141676075e-09,1791.0,ASK
1363,1712366070.2720869,16695121.77468029,1740.0,-0.0,1791.0,ASK
1364,1712366070.369013,16695213.63510533,1741.0,1.7143445200450563e-09,1791.0,BID
1365,1712366070.52922,16695304.23614459,1740.0,-1.690841241979897e-09,1791.0,ASK
1366,1712366070.7312703,16695394.96331288,1741.0,1.6931951241149943e-09,1791.0,BID
1367,1712366070.7494695,16695406.63993551,1741.0,2.17914885669138e-10,1791.0,BID
1368,1712366070.925953,16695499.22192165,1740.0,-1.727810648877955e-09,1791.0,ASK
1369,1712366071.093302,16697908.06118752,1740.0,-4.49549454328087e-08,1791.0,ASK
1370,1712366071.1292832,16697977.04539537,1741.0,1.2874172816591206e-09,1791.0,BID
1371,1712366071.1391368,16697999.76250859,1741.0,4.239579616746781e-10,1791.0,BID
1372,1712366071.3008184,16698090.52347856,1740.0,-1.6938259477323407e-09,1791.0,ASK
1373,1712366071.499066,16698181.70900412,1741.0,1.7017492133769111e-09,1791.0,BID
1374,1712366071.6790962,16698271.88972005,1740.0,-1.6829969608818843e-09,1791.0,ASK
1375,1712366071.8790772,16698362.0063197,1741.0,1.681800391258814e-09,1791.0,BID
1376,1712366071.9992423,16698462.0063197,1741.0,1.86624927905157e-09,1791.0,BID
1377,1712366072.039086,16698552.17260145,1740.0,-1.6827275831149267e-09,1791.0,ASK
1378,1712366072.2391336,16698643.12205578,1741.0,1.6973435357332427e-09,1791.0,BID
1379,1712366072.42123,16698733.44942298,1740.0,-1.6857338391485163e-09,1791.0,ASK
1380,1712366072.6394255,16698825.03701631,1741.0,1.709252800223122e-09,1791.0,BID
1381,1712366072.7791595,16698916.99198166,1740.0,-1.716108877883185e-09,1791.0,ASK
1382,1712366072.999225,16698942.24341054,1741.0,4.712546094542016e-10,1791.0,BID
1383,1712366073.0037503,16699008.52041359,1741.0,1.236894091594821e-09,1791.0,BID
1384,1712366073.1592448,16699099.93496324,1740.0,-1.706023373768255e-09,1791.0,ASK
1385,1712366073.3792727,16699190.16988569,1741.0,1.684008589676536e-09,1791.0,BID
1386,1712366073.5450408,16699280.80672171,1740.0,-1.691509298783553e-09,1791.0,ASK
1387,1712366073.7692585,16699371.82165565,1741.0,1.698565548484945e-09,1791.0,BID
1388,1712366073.9091616,16699463.84475033,1740.0,-1.717380341029435e-09,1791.0,ASK
1389,1712366074.1291745,16699555.14400363,1741.0,1.703871656487587e-09,1791.0,BID
1390,1712366074.2747602,16699623.64754802,1740.0,-1.278446903306909e-09,1791.0,ASK
1391,1712366074.2783864,16699646.06144011,1740.0,-4.1829909954300475e-10,1791.0,ASK
1392,1712366074.5092416,16699737.79090593,1741.0,1.7119004945416515e-09,1791.0,BID
1393,1712366074.6091616,16699923.62791275,1741.0,3.468181799996093e-09,1791.0,BID
1394,1712366074.6491692,16700013.90273953,1740.0,-1.684753303946086e-09,1791.0,ASK
1395,1712366074.8751066,16700104.25483602,1741.0,1.6861953493283295e-09,1791.0,BID
1396,1712366074.8895483,16701602.67506875,1741.0,2.7964256790486226e-08,1791.0,BID
1397,1712366075.0293336,16701693.5896184,1740.0,-1.696692127407759e-09,1791.0,ASK
1398,1712366075.2493205,16701709.32061847,1741.0,2.9357967538518336e-10,1791.0,BID
1399,1712366075.2582698,16701785.4017953,1741.0,1.4198644140923287e-09,1791.0,BID
1400,1712366075.3891282,16701877.79555973,1740.0,-1.7242979625757423e-09,1791.0,ASK
1401,1712366075.6291552,16701969.27287161,1741.0,1.707194673444992e-09,1791.0,BID
1402,1712366075.638543,16702752.71629492,1741.0,1.4621007239305316e-08,1791.0,BID
1403,1712366075.7711775,16702843.3433157,1740.0,-1.691326121932612e-09,1791.0,ASK
1404,1712366075.993322,16702933.31229904,1741.0,1.679045502936835e-09,1791.0,BID
1405,1712366076.1802554,16702996.24277838,1740.0,-1.17443961699121e-09,1791.0,ASK
1406,1712366076.1850064,16703025.65987409,1740.0,-5.48996336632934e-10,1791.0,ASK
