,time,acc_trade_volume,trade_price,dev,high,ask_bid
0,1712365207.1809633,2857576.73277821,52.36,0.0,52.64,ASK
1,1712365230.5584843,2857576.73277821,52.36,-0.0,52.64,ASK
2,1712365244.7786949,2859005.9710943,52.36,-5.395496940614616e-07,52.64,ASK
3,1712365260.3985934,2859005.9710943,52.36,-0.0,52.64,ASK
4,1712365260.6587589,2882654.79518514,52.36,-8.927381247206596e-06,52.64,ASK
5,1712365290.3487482,2882654.79518514,52.36,-0.0,52.64,ASK
6,1712365301.809431,2884565.01485988,52.35,-7.207669871958884e-07,52.64,ASK
7,1712365301.810891,2886475.23453514,52.35,-7.207669873921497e-07,52.64,ASK
8,1712365303.8187144,2886475.23453566,52.35,-1.962613945336188e-16,52.64,ASK
9,1712365303.8200183,3002177.07398238,52.34,-4.365679368389184e-05,52.64,ASK
10,1712365303.9003177,3035550.11419038,52.34,-1.2592366188230023e-05,52.64,ASK
11,1712365303.9784937,3079298.38122113,52.34,-1.6507162521549742e-05,52.64,ASK
12,1712365303.9986117,3081208.96586002,52.33,-7.209046960229049e-07,52.64,ASK
13,1712365304.0389378,3081591.30193342,52.31,-1.442636275633195e-07,52.64,ASK
14,1712365304.041537,3083311.48541965,52.32,-6.490622440913923e-07,52.64,ASK
15,1712365306.3310635,3085224.26277194,52.28,-7.217320539712692e-07,52.64,ASK
16,1712365306.3344188,3087137.04012465,52.28,-7.217320541299299e-07,52.64,ASK
17,1712365320.5586278,3087137.04012465,52.28,-0.0,52.64,ASK
18,1712365350.5389328,3087137.04012465,52.28,-0.0,52.64,ASK
19,1712365380.388678,3087137.04012465,52.28,-0.0,52.64,ASK
20,1712365410.3786523,3087137.04012465,52.28,-0.0,52.64,ASK
21,1712365418.2089982,3087357.60382601,52.22,-8.28887073546245e-08,52.64,ASK
22,1712365418.2106547,3089272.94571453,52.21,-7.197930226172723e-07,52.64,ASK
23,1712365418.2122622,3089272.94571495,52.28,-1.5784760530717458e-16,52.64,ASK
24,1712365418.2138286,3105757.93758293,52.21,-6.195124847211301e-06,52.64,ASK
25,1712365418.2154078,3106044.20594049,52.22,-1.0758077584104253e-07,52.64,ASK
26,1712365428.7488089,3106331.56226232,52.2,-1.079896370970676e-07,52.64,ASK
27,1712365428.7501647,3106345.44190441,52.2,-5.21602414303374e-09,52.64,ASK
28,1712365428.7515483,3113712.91759694,52.21,-2.7687263718142044e-06,52.64,ASK
29,1712365440.5404632,3113712.91759694,52.21,-0.0,52.64,ASK
30,1712365452.6086297,3115628.25948547,52.21,-7.194178902788575e-07,52.64,ASK
31,1712365470.5348637,3115628.25948547,52.21,-0.0,52.64,ASK
32,1712365500.3492,3115628.25948547,52.21,-0.0,52.64,ASK
33,1712365530.5490172,3115628.25948547,52.21,-0.0,52.64,ASK
34,1712365560.4364817,3115628.25948547,52.21,-0.0,52.64,ASK
35,1712365577.409023,3116128.25948547,52.22,-1.8960086885790464e-07,52.64,ASK
36,1712365577.4104962,3116932.58650906,52.22,-3.050022050371065e-07,52.64,ASK
37,1712365577.4757888,3139326.86851106,52.22,8.491950650056148e-06,52.64,BID
38,1712365577.488842,3139326.86851156,52.22,1.8964645746479704e-16,52.64,BID
39,1712365590.3788912,3139326.86851156,52.22,0.0,52.64,BID
40,1712365620.529009,3139326.86851156,52.22,0.0,52.64,BID
41,1712365650.5564065,3139326.86851156,52.22,0.0,52.64,BID
42,1712365680.3390963,3139326.86851156,52.22,0.0,52.64,BID
43,1712365710.3975046,3139326.86851156,52.22,0.0,52.64,BID
44,1712365722.3521032,3148876.83984731,52.33,3.6196670961125935e-06,52.64,BID
45,1712365734.388913,3149162.83410932,52.27,-1.0839865204608846e-07,52.64,ASK
46,1712365740.528941,3149162.83410932,52.27,-0.0,52.64,ASK
47,1712365741.079147,3149833.41149453,52.27,2.541152622079403e-07,52.64,BID
48,1712365743.6490738,3151748.38659986,52.27,-7.256797078838726e-07,52.64,ASK
49,1712365770.5290911,3151748.38659986,52.27,-0.0,52.64,ASK
50,1712365800.4191043,3151748.38659986,52.27,-0.0,52.64,ASK
51,1712365830.3727598,3151748.38659986,52.27,-0.0,52.64,ASK
52,1712365860.5527172,3151748.38659986,52.27,-0.0,52.64,ASK
53,1712365874.4549344,3154044.15226504,52.27,-8.713693475949277e-07,52.64,ASK
54,1712365874.4564202,3162168.78709703,52.27,-3.083745810983116e-06,52.64,ASK
55,1712365890.53914,3162168.78709703,52.27,-0.0,52.64,ASK
56,1712365920.3902752,3162168.78709703,52.27,-0.0,52.64,ASK
57,1712365921.0091293,3162328.9437949,52.26,6.07757117978875e-08,52.64,BID
58,1712365928.4121037,3162489.15415408,52.26,6.079607500675264e-08,52.64,BID
59,1712365950.359411,3162489.15415408,52.26,0.0,52.64,BID
60,1712365980.5492158,3162489.15415408,52.26,0.0,52.64,BID
61,1712366010.56921,3162489.15415408,52.26,0.0,52.64,BID
62,1712366040.333912,3162489.15415408,52.26,0.0,52.64,BID
63,1712366070.3891368,3162489.15415408,52.26,0.0,52.64,BID
64,1712366094.4095054,3162604.00867169,52.24,-4.358431964071448e-08,52.64,ASK
65,1712366094.4112906,3162700.77715119,52.22,-3.672113582872613e-08,52.64,ASK
66,1712366094.4128835,3216682.95833573,52.21,-2.048484194276857e-05,52.64,ASK
67,1712366094.4144728,3216779.88597738,52.24,-3.678153374910755e-08,52.64,ASK
68,1712366094.4161055,3218312.15948819,52.21,-5.814581773702633e-07,52.64,ASK
69,1712366100.3991964,3218312.15948819,52.21,-0.0,52.64,ASK
70,1712366120.9091604,3221790.23495919,52.21,-1.3252992364263797e-06,52.64,ASK
71,1712366130.3655903,3221790.23495919,52.21,-0.0,52.64,ASK
72,1712366160.529466,3221790.23495919,52.21,-0.0,52.64,ASK
73,1712366190.5409174,3221790.23495919,52.21,-0.0,52.64,ASK
74,1712366203.470119,3223951.09060171,52.21,-8.233237647065429e-07,52.64,ASK
75,1712366203.47219,3223951.09060198,52.21,-1.0290655147344063e-16,52.64,ASK
76,1712366206.6191585,3227785.53014391,52.21,1.4609884793225325e-06,52.64,BID
77,1712366206.7329433,3279811.30876391,52.21,1.982273089989816e-05,52.64,BID
78,1712366206.8292284,3313659.56403291,52.21,1.2896776817685306e-05,52.64,BID
79,1712366207.861473,3319478.71077091,52.21,2.2171966074152035e-06,52.64,BID
80,1712366207.9691205,3325297.85750891,52.21,2.217196607415026e-06,52.64,BID
81,1712366216.75923,3325776.78471197,52.2,-1.824796344951232e-07,52.64,ASK
82,1712366216.7690675,3364871.45424356,52.2,-1.4895752342421223e-05,52.64,ASK
83,1712366220.3626103,3364871.45424356,52.2,-0.0,52.64,ASK
84,1712366250.3826065,3364871.45424356,52.2,-0.0,52.64,ASK
85,1712366280.5599077,3364871.45424356,52.2,-0.0,52.64,ASK
86,1712366310.549167,3364871.45424356,52.2,-0.0,52.64,ASK
87,1712366312.2280655,3366789.21517491,52.17,-7.28626648436306e-07,52.64,ASK
88,1712366312.2294333,3367363.52532443,52.19,-2.182011702120039e-07,52.64,ASK
89,1712366340.360055,3367363.52532443,52.19,-0.0,52.64,ASK
90,1712366348.6988823,3367589.50348116,52.19,8.585302303017176e-08,52.64,BID
91,1712366353.4192731,3376685.67201118,52.17,-3.4557922659177947e-06,52.64,ASK
92,1712366353.429045,3376877.35305392,52.17,-7.28229542843484e-08,52.64,ASK
93,1712366370.451326,3376877.35305392,52.17,-0.0,52.64,ASK
94,1712366389.139238,3381280.15159714,52.17,1.672384207155099e-06,52.64,BID
95,1712366391.1500082,3386385.68682514,52.17,1.939315733064816e-06,52.64,BID
96,1712366394.5691233,3459730.79990014,52.17,2.785982769244057e-05,52.64,BID
97,1712366394.7093203,3477525.62250604,52.19,6.759287303994913e-06,52.64,BID
98,1712366394.7112207,3496569.61412495,52.2,7.233778814091899e-06,52.64,BID
99,1712366394.7130349,3496569.61412514,52.17,7.216681541386968e-17,52.64,BID
100,1712366394.789251,3496569.61412687,52.2,6.57107155055211e-16,52.64,BID
101,1712366394.7911513,3521101.71462814,52.25,9.318413514478255e-06,52.64,BID
102,1712366400.4192014,3521101.71462814,52.25,0.0,52.64,BID
103,1712366430.3591588,3521101.71462814,52.25,0.0,52.64,BID
104,1712366432.839114,3521292.80960234,52.33,7.429665598923666e-08,52.64,BID
105,1712366460.5387115,3521292.80960234,52.33,0.0,52.64,BID
106,1712366490.5297592,3521292.80960234,52.33,0.0,52.64,BID
107,1712366520.40866,3521292.80960234,52.33,0.0,52.64,BID
108,1712366550.3636806,3521292.80960234,52.33,0.0,52.64,BID
109,1712366580.5287414,3521292.80960234,52.33,0.0,52.64,BID
110,1712366610.5719025,3521292.80960234,52.33,0.0,52.64,BID
111,1712366610.8823493,3534192.80960234,52.18,-5.015428270559167e-06,52.64,ASK
112,1712366610.9787123,3581941.55775234,52.18,1.856437374847435e-05,52.64,BID
113,1712366610.9986308,3581941.55775308,52.18,2.87681771872526e-16,52.64,BID
114,1712366640.3687904,3581941.55775308,52.18,0.0,52.64,BID
115,1712366670.3587823,3581941.55775308,52.18,0.0,52.64,BID
116,1712366700.5511084,3581941.55775308,52.18,0.0,52.64,BID
117,1712366730.5588202,3581941.55775308,52.18,0.0,52.64,BID
118,1712366760.3594112,3581941.55775308,52.18,0.0,52.64,BID
119,1712366790.3491998,3581941.55775308,52.18,0.0,52.64,BID
120,1712366820.563043,3581941.55775308,52.18,0.0,52.64,BID
121,1712366850.549048,3581941.55775308,52.18,0.0,52.64,BID
122,1712366880.37613,3581941.55775308,52.18,0.0,52.64,BID
123,1712366910.3910444,3581941.55775308,52.18,0.0,52.64,BID
124,1712366931.9691253,3582054.01714539,52.33,4.4009874704386e-08,52.64,BID
125,1712366932.029311,3589662.18165754,52.22,-2.9773801905912087e-06,52.64,ASK
126,1712366932.0393183,3613522.8461892,52.18,-9.337635877543654e-06,52.64,ASK
127,1712366932.0413415,3614022.8461892,52.21,-1.956700716602822e-07,52.64,ASK
128,1712366932.0432053,3617201.24048579,52.22,-1.2438332795568886e-06,52.64,ASK
129,1712366932.0447671,3617311.24048579,52.18,-4.3047415765262085e-08,52.64,ASK
130,1712366932.0463386,3621057.03869013,52.18,-1.4658812061363442e-06,52.64,ASK
131,1712366932.0479786,3656915.53158503,52.21,-1.4032867748749436e-05,52.64,ASK
132,1712366932.0495613,3719480.73752372,52.2,-2.4484276658927705e-05,52.64,ASK
133,1712366934.1991313,3719593.21841057,52.32,4.4018286380719e-08,52.64,BID
134,1712366940.0164783,3719784.34990904,52.32,7.479742800431273e-08,52.64,BID
135,1712366940.3968434,3719784.34990904,52.32,0.0,52.64,BID
136,1712366943.241004,3731084.34990904,52.3,4.409726376063619e-06,52.64,BID
137,1712366943.2425785,3754945.01444289,52.31,9.311416083656924e-06,52.64,BID
138,1712366943.24373,3765841.40205757,52.32,4.252220165333389e-06,52.64,BID
139,1712366962.4391718,3765953.86144988,52.33,4.3886296327966646e-08,52.64,BID
140,1712366970.5489235,3765953.86144988,52.33,0.0,52.64,BID
141,1712366998.149068,3766060.20580302,52.33,4.146087954667063e-08,52.64,BID
142,1712367000.451969,3766060.20580302,52.33,0.0,52.64,BID
143,1712367002.6537097,3766077.29171642,52.33,6.6915952576158135e-09,52.64,BID
144,1712367002.655448,3766425.42052407,52.33,1.3634255446286188e-07,52.64,BID
145,1712367002.6570857,3766834.52219687,52.37,1.602222105119198e-07,52.64,BID
146,1712367002.6584606,3767026.7190064,52.33,7.527272490852552e-08,52.64,BID
147,1712367030.408986,3767026.7190064,52.33,0.0,52.64,BID
148,1712367047.459564,3789921.58957073,52.39,8.966460736845855e-06,52.64,BID
149,1712367060.5489664,3789921.58957073,52.39,0.0,52.64,BID
150,1712367071.0089586,3802651.54757798,52.39,4.983171870826471e-06,52.64,BID
151,1712367090.5488002,3802651.54757798,52.39,0.0,52.64,BID
152,1712367092.439002,3832651.54757798,52.33,-1.174050517438747e-05,52.64,ASK
153,1712367120.3588777,3832651.54757798,52.33,-0.0,52.64,ASK
154,1712367124.069071,3832766.0951152,52.38,4.4800673781786135e-08,52.64,BID
155,1712367127.8788962,3832878.42571264,52.39,4.393360672556078e-08,52.64,BID
156,1712367150.3703754,3832878.42571264,52.39,0.0,52.64,BID
157,1712367152.4789443,3851962.39517829,52.39,7.463894353777301e-06,52.64,BID
158,1712367154.8091068,3852095.0259425,52.39,5.1872961435355144e-08,52.64,BID
159,1712367157.558944,3852207.37798526,52.38,-4.394178994571213e-08,52.64,ASK
160,1712367180.5446825,3852207.37798526,52.38,-0.0,52.64,ASK
161,1712367210.5686948,3852207.37798526,52.38,-0.0,52.64,ASK
162,1712367240.3987029,3852207.37798526,52.38,-0.0,52.64,ASK
163,1712367270.3688822,3852207.37798526,52.38,-0.0,52.64,ASK
164,1712367300.549116,3852207.37798526,52.38,-0.0,52.64,ASK
165,1712367330.5588474,3852207.37798526,52.38,-0.0,52.64,ASK
166,1712367360.3609,3852207.37798526,52.38,-0.0,52.64,ASK
167,1712367390.3891587,3852207.37798526,52.38,-0.0,52.64,ASK
168,1712367420.5314138,3852207.37798526,52.38,-0.0,52.64,ASK
169,1712367427.878863,3856258.79438462,52.38,1.5845690965186312e-06,52.64,BID
170,1712367427.8901565,3856480.36558462,52.37,8.665978551438267e-08,52.64,BID
171,1712367450.5488205,3856480.36558462,52.37,0.0,52.64,BID
172,1712367480.3911304,3856480.36558462,52.37,0.0,52.64,BID
173,1712367504.0389185,3859827.79159162,52.37,-1.309113406121255e-06,52.64,ASK
174,1712367510.3589463,3859827.79159162,52.37,-0.0,52.64,ASK
175,1712367515.0089674,3859827.79159187,52.37,-9.778695685583467e-17,52.64,ASK
176,1712367515.0188136,3873544.94762617,52.34,-5.364145998423637e-06,52.64,ASK
177,1712367528.588934,3919827.79159187,52.34,-1.8099082027898875e-05,52.64,ASK
178,1712367531.118863,3921738.37623076,52.34,7.471413840977047e-07,52.64,BID
179,1712367540.5488212,3921738.37623076,52.34,0.0,52.64,BID
180,1712367570.5293243,3921738.37623076,52.34,0.0,52.64,BID
181,1712367600.428823,3921738.37623076,52.34,0.0,52.64,BID
182,1712367630.4219766,3921738.37623076,52.34,0.0,52.64,BID
183,1712367643.5390089,3921853.03321528,52.33,-4.4851498884282745e-08,52.64,ASK
184,1712367643.5414572,3947466.14491945,52.3,-1.0019332497103504e-05,52.64,ASK
185,1712367660.562257,3947466.14491945,52.3,-0.0,52.64,ASK
186,1712367690.5489695,3947466.14491945,52.3,-0.0,52.64,ASK
187,1712367720.359938,3947466.14491945,52.3,-0.0,52.64,ASK
188,1712367750.3687484,3947466.14491945,52.3,-0.0,52.64,ASK
189,1712367780.4187407,3947466.14491945,52.3,-0.0,52.64,ASK
190,1712367810.3891635,3947466.14491945,52.3,-0.0,52.64,ASK
191,1712367838.909259,3947566.14491945,52.3,3.909740303984662e-08,52.64,BID
192,1712367840.4091504,3947566.14491945,52.3,0.0,52.64,BID
193,1712367845.1835487,3949366.56301144,52.3,7.03915278465804e-07,52.64,BID
194,1712367870.378923,3949366.56301144,52.3,0.0,52.64,BID
195,1712367873.175336,3955210.50629516,52.3,-2.2847412748359782e-06,52.64,ASK
196,1712367900.3888962,3955210.50629516,52.3,-0.0,52.64,ASK
197,1712367930.3847673,3955210.50629516,52.3,-0.0,52.64,ASK
198,1712367960.5190594,3955210.50629516,52.3,-0.0,52.64,ASK
199,1712367990.5387936,3955210.50629516,52.3,-0.0,52.64,ASK
200,1712368006.789202,4026003.69752916,52.26,-2.767878625571732e-05,52.64,ASK
201,1712368006.86898,4026003.69752962,52.26,-1.7987989729116386e-16,52.64,ASK
202,1712368006.8715208,4045414.73842016,52.25,-7.58934641093291e-06,52.64,ASK
203,1712368015.53885,4045414.73842065,52.25,-1.915320363869478e-16,52.64,ASK
204,1712368020.379124,4045414.73842065,52.25,-0.0,52.64,ASK
205,1712368050.358811,4045414.73842065,52.25,-0.0,52.64,ASK
206,1712368059.4388828,4045700.89445437,52.24,-1.116757237041314e-07,52.64,ASK
207,1712368080.5492566,4045700.89445437,52.24,-0.0,52.64,ASK
208,1712368090.4625473,4046096.47874537,52.2,-1.543804744697327e-07,52.64,ASK
209,1712368090.4639263,4046096.47874555,52.2,-7.014726993797776e-17,52.64,ASK
210,1712368090.4677596,4050025.39233051,52.19,-1.5332953233882025e-06,52.64,ASK
211,1712368098.2890196,4051173.93750662,52.24,4.482305118571447e-07,52.64,BID
212,1712368110.5289197,4051173.93750662,52.24,0.0,52.64,BID
213,1712368140.3686423,4051173.93750662,52.24,0.0,52.64,BID
214,1712368142.612534,4057798.61170398,52.24,2.5850529245448e-06,52.64,BID
215,1712368142.618739,4071704.9430605,52.24,5.4264710190862e-06,52.64,BID
216,1712368170.370963,4071704.9430605,52.24,0.0,52.64,BID
217,1712368200.4516442,4071704.9430605,52.24,0.0,52.64,BID
218,1712368230.3787837,4071704.9430605,52.24,0.0,52.64,BID
219,1712368244.8188262,4073619.18502068,52.24,7.48961896050126e-07,52.64,BID
220,1712368260.5388155,4073619.18502068,52.24,0.0,52.64,BID
221,1712368261.2491102,4075545.27021697,52.24,7.53566169449587e-07,52.64,BID
222,1712368279.4371674,4083300.05765309,52.22,-3.034001545928472e-06,52.64,ASK
223,1712368279.438593,4083300.05765473,52.22,-6.41660618802157e-16,52.64,ASK
224,1712368279.4399607,4085023.10954061,52.22,-6.741309324773148e-07,52.64,ASK
225,1712368287.288875,4085243.13599063,52.18,-8.608367347322154e-08,52.64,ASK
226,1712368288.6890738,4092993.13072463,52.2,-3.032126437711537e-06,52.64,ASK
227,1712368290.548751,4092993.13072463,52.2,-0.0,52.64,ASK
228,1712368320.378879,4092993.13072463,52.2,-0.0,52.64,ASK
229,1712368350.3634222,4092993.13072463,52.2,-0.0,52.64,ASK
230,1712368369.5641153,4093184.66491348,52.21,-7.490664661215739e-08,52.64,ASK
231,1712368380.5587957,4093184.66491348,52.21,-0.0,52.64,ASK
232,1712368400.7090645,4093184.66491391,52.2,-1.680908933733709e-16,52.64,ASK
233,1712368400.7187123,4277720.99357161,52.18,-7.21695880042157e-05,52.64,ASK
234,1712368400.8088346,4289720.99357161,52.18,-4.69303286973381e-06,52.64,ASK
235,1712368410.548764,4289720.99357161,52.18,-0.0,52.64,ASK
236,1712368411.5988913,4301720.99357161,52.18,-4.674285751334938e-06,52.64,ASK
237,1712368411.7987206,4357386.78771548,52.18,-2.1683152366952767e-05,52.64,ASK
238,1712368411.8023396,4368153.36494813,52.18,-4.193838212435441e-06,52.64,ASK
239,1712368411.8037794,4381136.02353488,52.17,-5.0570546705409e-06,52.64,ASK
240,1712368412.3589177,4400304.12780859,52.17,-7.466433057225571e-06,52.64,ASK
241,1712368412.3605995,4474293.53650188,52.17,-2.882063656706166e-05,52.64,ASK
242,1712368412.362225,4474401.42430188,52.18,-4.202486719047629e-08,52.64,ASK
243,1712368412.3656824,4474521.42430188,52.17,-4.674285751334938e-08,52.64,ASK
244,1712368412.378658,4474521.42430265,52.17,-2.99649936349027e-16,52.64,ASK
245,1712368412.4587245,4474521.42430357,52.16,-3.5841905219472004e-16,52.64,ASK
246,1712368412.46045,4485814.36525357,52.16,-4.3988694144375465e-06,52.64,ASK
247,1712368412.5187988,4497814.36525357,52.15,-4.674285751334938e-06,52.64,ASK
248,1712368412.5791028,4499731.91079527,52.15,-7.469296502590321e-07,52.64,ASK
249,1712368412.5830307,4504115.61509989,52.15,-1.7075572140957882e-06,52.64,ASK
250,1712368412.586543,4504212.45114974,52.15,-3.771994733582304e-08,52.64,ASK
251,1712368440.3290577,4504212.45114974,52.15,-0.0,52.64,ASK
252,1712368470.374328,4504212.45114974,52.15,-0.0,52.64,ASK
253,1712368479.7889595,4519772.26354654,52.15,-6.034613187307627e-06,52.64,ASK
254,1712368500.3912344,4519772.26354654,52.15,-0.0,52.64,ASK
255,1712368511.9186728,4537043.22655754,52.15,-6.713494858460737e-06,52.64,ASK
256,1712368530.3887508,4537043.22655754,52.15,-0.0,52.64,ASK
257,1712368560.5389144,4537043.22655754,52.15,-0.0,52.64,ASK
258,1712368590.5384064,4537043.22655754,52.15,-0.0,52.64,ASK
259,1712368598.328439,4537043.22655781,52.15,-1.0494897730727255e-16,52.64,ASK
260,1712368601.0186183,4589131.88673745,52.12,-2.024059474632303e-05,52.64,ASK
261,1712368601.020963,4591050.53600781,52.12,-7.455481136923468e-07,52.64,ASK
262,1712368620.3483386,4591050.53600781,52.12,-0.0,52.64,ASK
263,1712368622.7184715,4591050.53600836,52.12,-2.1328359574599648e-16,52.64,ASK
264,1712368650.398352,4591050.53600836,52.12,-0.0,52.64,ASK
265,1712368652.3385718,4606889.33109661,52.12,6.147909309493894e-06,52.64,BID
266,1712368671.0886583,4750633.13551064,52.12,5.579489275637292e-05,52.64,BID
267,1712368680.5285268,4750633.13551064,52.12,0.0,52.64,BID
268,1712368703.738555,4770137.36939464,52.12,-7.546305186566559e-06,52.64,ASK
269,1712368703.7408922,4770137.36939518,52.12,-2.086335570745766e-16,52.64,ASK
270,1712368703.8185012,4771081.38091149,52.1,-3.652437231874361e-07,52.64,ASK
271,1712368703.820609,4771196.52195927,52.11,-4.4548762654283295e-08,52.64,ASK
272,1712368703.822696,4773631.13808118,52.1,-9.419675941814924e-07,52.64,ASK
273,1712368703.8600514,4773631.13808211,52.1,-3.599739611701244e-16,52.64,ASK
274,1712368704.058637,4773631.13808305,52.11,-3.635773041247803e-16,52.64,ASK
275,1712368704.0615108,4788023.76905505,52.11,-5.568595331572453e-06,52.64,ASK
276,1712368710.5284047,4788023.76905505,52.11,-0.0,52.64,ASK
277,1712368720.7915614,4788120.73526088,52.08,-3.748854382219104e-08,52.64,ASK
278,1712368720.7951517,4788453.73526088,52.08,-1.2874263756083717e-07,52.64,ASK
279,1712368720.798664,4799753.73526088,52.07,-4.36874415746985e-06,52.64,ASK
280,1712368720.800257,4799849.7606065,52.08,-3.712479359729671e-08,52.64,ASK
281,1712368740.3784084,4799849.7606065,52.08,-0.0,52.64,ASK
282,1712368770.3605218,4799849.7606065,52.08,-0.0,52.64,ASK
283,1712368772.3886003,4801849.7606065,52.03,7.730450145975556e-07,52.64,BID
284,1712368772.398366,4818951.06629006,52.07,6.610039550892348e-06,52.64,BID
285,1712368784.358566,4830751.06629006,52.02,-4.560965586125577e-06,52.64,ASK
286,1712368794.2589717,4830866.42872036,52.01,-4.4590175807494346e-08,52.64,ASK
287,1712368794.262321,4832318.21201821,52.01,-5.611469203397603e-07,52.64,ASK
288,1712368800.4791925,4832318.21201821,52.01,-0.0,52.64,ASK
289,1712368830.3595912,4832318.21201821,52.01,-0.0,52.64,ASK
290,1712368852.1004255,4832606.56265258,52.02,1.1243700554340317e-07,52.64,BID
291,1712368860.5499258,4832606.56265258,52.02,0.0,52.64,BID
292,1712368869.8443923,4851715.98141494,52.02,7.451321412713349e-06,52.64,BID
293,1712368876.0732942,4874544.91871694,52.02,8.901670504125602e-06,52.64,BID
294,1712368876.149372,4874797.10450074,52.02,9.833461468279833e-08,52.64,BID
295,1712368876.1507597,4886628.96201663,52.02,4.613587381003035e-06,52.64,BID
296,1712368876.1521351,4888127.59182073,52.02,5.843596023451798e-07,52.64,BID
297,1712368877.5979776,4899227.59182073,52.02,-4.328214725401967e-06,52.64,ASK
298,1712368877.693001,4907578.39540973,52.02,3.2562226182748634e-06,52.64,BID
299,1712368877.6961043,4907578.39541043,52.02,2.727255878598233e-16,52.64,BID
300,1712368890.5606308,4907578.39541043,52.02,0.0,52.64,BID
301,1712368920.3711517,4907578.39541043,52.02,0.0,52.64,BID
302,1712368935.581679,4919878.39541043,52.03,-4.7888472505900295e-06,52.64,ASK
303,1712368935.6813493,4931009.49770043,52.03,4.333751918496467e-06,52.64,BID
304,1712368935.683926,4931009.49770082,52.03,1.515661730292179e-16,52.64,BID
305,1712368943.2716167,4931584.10026738,52.21,2.237141399229161e-07,52.64,BID
306,1712368950.3535974,4931584.10026738,52.21,0.0,52.64,BID
307,1712368959.68181,4932630.56687943,52.03,-4.072303064176542e-07,52.64,ASK
308,1712368980.542086,4932630.56687943,52.03,-0.0,52.64,ASK
309,1712369010.5526469,4932630.56687943,52.03,-0.0,52.64,ASK
310,1712369040.3530076,4932630.56687943,52.03,-0.0,52.64,ASK
311,1712369070.4894807,4932630.56687943,52.03,-0.0,52.64,ASK
312,1712369100.5353594,4932630.56687943,52.03,-0.0,52.64,ASK
313,1712369130.5442984,4932630.56687943,52.03,-0.0,52.64,ASK
314,1712369156.214753,4947605.29459874,52.04,-5.843548334224913e-06,52.64,ASK
315,1712369156.2181437,4960205.29459874,52.05,-4.916864626279016e-06,52.64,ASK
316,1712369156.2215545,4971905.29459874,52.04,-4.565660010116229e-06,52.64,ASK
317,1712369160.3812177,4971905.29459874,52.04,-0.0,52.64,ASK
318,1712369190.466509,4971905.29459874,52.04,-0.0,52.64,ASK
319,1712369220.5551572,4971905.29459874,52.04,-0.0,52.64,ASK
320,1712369250.5555491,4971905.29459874,52.04,-0.0,52.64,ASK
321,1712369260.3457532,4982282.55513513,52.2,4.046263520141619e-06,52.64,BID
322,1712369280.3901763,4982282.55513513,52.2,0.0,52.64,BID
323,1712369296.5462296,4983144.19328157,52.2,-3.3589585226213285e-07,52.64,ASK
324,1712369310.356591,4983144.19328157,52.2,-0.0,52.64,ASK
325,1712369340.5563748,4983144.19328157,52.2,-0.0,52.64,ASK
326,1712369370.576702,4983144.19328157,52.2,-0.0,52.64,ASK
327,1712369400.4375565,4983144.19328157,52.2,-0.0,52.64,ASK
328,1712369430.3941274,4983144.19328157,52.2,-0.0,52.64,ASK
329,1712369460.538494,4983144.19328157,52.2,-0.0,52.64,ASK
330,1712369479.597668,4983157.21421493,52.07,-5.1013672518254785e-09,52.64,ASK
331,1712369479.6011417,4983257.21421493,52.07,-3.917819952562748e-08,52.64,ASK
332,1712369490.537881,4983257.21421493,52.07,-0.0,52.64,ASK
333,1712369511.987777,5001802.6891085,52.07,-7.26576640455782e-06,52.64,ASK
334,1712369516.80795,5176737.52288254,52.06,-6.853616019630828e-05,52.64,ASK
335,1712369516.8114998,5193316.1454945,52.04,-6.495190869961971e-06,52.64,ASK
336,1712369516.8149316,5193962.56612618,52.07,-2.5325538093930935e-07,52.64,ASK
337,1712369520.41417,5193962.56612618,52.07,-0.0,52.64,ASK
338,1712369524.50287,5194075.65221381,52.04,-4.4115404166113264e-08,52.64,ASK
339,1712369550.660599,5194075.65221381,52.04,-0.0,52.64,ASK
340,1712369580.5282197,5194075.65221381,52.04,-0.0,52.64,ASK
341,1712369610.5584612,5194075.65221381,52.04,-0.0,52.64,ASK
342,1712369618.018537,5209308.01850731,52.04,-5.942202677771044e-06,52.64,ASK
343,1712369618.0213628,5209404.1176618,52.04,-3.7488637165057895e-08,52.64,ASK
344,1712369631.6768718,5236107.33153574,52.04,1.041702293192132e-05,52.64,BID
345,1712369637.5788927,5236689.48518904,52.01,-2.271003027935161e-07,52.64,ASK
346,1712369637.5824854,5236785.64051391,52.02,-3.7510549438862814e-08,52.64,ASK
347,1712369637.5859432,5237964.80541877,52.03,-4.599966098623643e-07,52.64,ASK
348,1712369637.5884984,5238060.92304321,52.03,-3.749584236123872e-08,52.64,ASK
349,1712369637.5900846,5240510.13007896,52.02,-9.554447631987716e-07,52.64,ASK
350,1712369640.527706,5240510.13007896,52.02,-0.0,52.64,ASK
351,1712369670.3791747,5240510.13007896,52.02,-0.0,52.64,ASK
352,1712369684.909269,5240607.24546357,52.0,-3.784939416266646e-08,52.64,ASK
353,1712369684.9130154,5244422.91854048,52.0,-1.487106444201876e-06,52.64,ASK
354,1712369684.9162714,5257770.63896291,52.01,-5.202091650806527e-06,52.64,ASK
355,1712369684.9178572,5258187.10355105,51.96,-1.6231138263727414e-07,52.64,ASK
356,1712369684.9194767,5271175.61725942,51.95,-5.0620957422181925e-06,52.64,ASK
357,1712369684.921102,5274445.54605079,51.96,-1.2744100659861888e-06,52.64,ASK
358,1712369684.9228654,5276368.62297386,52.0,-7.494929537595442e-07,52.64,ASK
359,1712369700.410329,5276368.62297386,52.0,-0.0,52.64,ASK
360,1712369704.4190116,5286368.62297386,52.0,3.938757209412647e-06,52.64,BID
361,1712369706.4498222,5292555.56468255,51.95,-2.4368861259316785e-06,52.64,ASK
362,1712369706.45349,5318849.57815703,51.95,-1.0356573513700235e-05,52.64,ASK
363,1712369730.3757143,5318849.57815703,51.95,-0.0,52.64,ASK
364,1712369730.893044,5470624.12577253,51.95,5.9728379383034274e-05,52.64,BID
365,1712369730.8947706,5482324.12577253,51.94,4.604342755491982e-06,52.64,BID
366,1712369760.5593417,5482324.12577253,51.94,0.0,52.64,BID
367,1712369766.8695884,5490561.40449453,51.95,3.2308480731941834e-06,52.64,BID
368,1712369766.9292085,5490561.40449456,51.95,1.2054434596649729e-17,52.64,BID
369,1712369790.5401075,5490561.40449456,51.95,0.0,52.64,BID
370,1712369820.3898282,5490561.40449456,51.95,0.0,52.64,BID
371,1712369850.3971436,5490561.40449456,51.95,0.0,52.64,BID
372,1712369880.5298183,5490561.40449456,51.95,0.0,52.64,BID
373,1712369882.509923,5490676.78910994,52.0,4.5248875909132175e-08,52.64,BID
374,1712369898.0900044,5491638.8083407,52.0,3.772625029061174e-07,52.64,BID
375,1712369903.3150222,5492600.79125684,51.95,-3.772482618761721e-07,52.64,ASK
376,1712369903.3175485,5512659.55449071,51.95,-7.86618290034334e-06,52.64,ASK
377,1712369904.7501366,5512773.30229071,51.91,-4.46069874238786e-08,52.64,ASK
378,1712369904.7539668,5514700.08456431,51.9,-7.556010107185629e-07,52.64,ASK
379,1712369904.757691,5514815.71377995,51.89,-4.53447975950884e-08,52.64,ASK
380,1712369904.7619476,5515779.10491675,51.89,-3.778005053596467e-07,52.64,ASK
381,1712369904.765451,5522497.43953435,51.89,-2.6346414418270337e-06,52.64,ASK
382,1712369904.7671862,5522790.16400335,51.89,-1.147939275073695e-07,52.64,ASK
383,1712369904.76891,5522920.16400335,51.89,-5.098040019326624e-08,52.64,ASK
384,1712369904.7706275,5526830.09656502,51.89,-1.5333071286357012e-06,52.64,ASK
385,1712369904.7723656,5526906.0382306,51.88,-2.978105001991853e-08,52.64,ASK
386,1712369910.5702116,5526906.0382306,51.88,-0.0,52.64,ASK
387,1712369940.3709483,5526906.0382306,51.88,-0.0,52.64,ASK
388,1712369940.3727608,5526965.09656502,51.88,-2.31430043215702e-08,52.64,ASK
389,1712369940.3745584,5536832.98058999,51.88,-3.866896770383649e-06,52.64,ASK
390,1712369965.2339947,5538760.50564782,51.88,-7.553332003192903e-07,52.64,ASK
391,1712369970.371599,5538760.50564782,51.88,-0.0,52.64,ASK
392,1712369991.080223,5542033.97013475,51.94,1.2824531902515089e-06,52.64,BID
393,1712370000.413345,5542033.97013475,51.94,0.0,52.64,BID
394,1712370030.373748,5542033.97013475,51.94,0.0,52.64,BID
395,1712370055.5203986,5640888.15230887,51.95,3.893782161345096e-05,52.64,BID
396,1712370055.523706,5705856.92872282,51.94,2.55906484765078e-05,52.64,BID
397,1712370060.5720303,5705856.92872282,51.94,0.0,52.64,BID
398,1712370071.202608,5705970.34171184,51.89,-4.452317022595928e-08,52.64,ASK
399,1712370090.5822966,5705970.34171184,51.89,-0.0,52.64,ASK
400,1712370120.4082456,5705970.34171184,51.89,-0.0,52.64,ASK
401,1712370150.3913348,5705970.34171184,51.89,-0.0,52.64,ASK
402,1712370180.410769,5705970.34171184,51.89,-0.0,52.64,ASK
403,1712370192.614053,5711944.51785368,51.89,-2.345310260379211e-06,52.64,ASK
404,1712370210.3708427,5711944.51785368,51.89,-0.0,52.64,ASK
405,1712370240.5648634,5711944.51785368,51.89,-0.0,52.64,ASK
406,1712370256.661163,5712225.03634587,51.9,-1.1011105573705557e-07,52.64,ASK
407,1712370270.563136,5712225.03634587,51.9,-0.0,52.64,ASK
408,1712370276.6713722,5721907.45307708,51.9,-3.800587359948308e-06,52.64,ASK
409,1712370283.7811594,5727668.92801466,51.9,-2.26152100558186e-06,52.64,ASK
410,1712370300.4080806,5727668.92801466,51.9,-0.0,52.64,ASK
411,1712370300.5009272,5727782.34100368,51.89,-4.475671335386484e-08,52.64,ASK
412,1712370330.3785722,5727782.34100368,51.89,-0.0,52.64,ASK
413,1712370360.5515711,5727782.34100368,51.89,-0.0,52.64,ASK
414,1712370390.5736938,5727782.34100368,51.89,-0.0,52.64,ASK
415,1712370420.372363,5727782.34100368,51.89,-0.0,52.64,ASK
416,1712370445.0418649,5727891.40851716,51.9,4.304173747981365e-08,52.64,BID
417,1712370450.3845897,5727891.40851716,51.9,0.0,52.64,BID
418,1712370480.5930674,5727891.40851716,51.9,0.0,52.64,BID
419,1712370510.5619245,5727891.40851716,51.9,0.0,52.64,BID
420,1712370540.4208894,5727891.40851716,51.9,0.0,52.64,BID
421,1712370570.3835962,5727891.40851716,51.9,0.0,52.64,BID
422,1712370571.412049,5737525.31988518,51.9,-3.801859458230455e-06,52.64,ASK
423,1712370600.4897337,5737525.31988518,51.9,-0.0,52.64,ASK
424,1712370630.4631956,5737525.31988518,51.9,-0.0,52.64,ASK
425,1712370660.5638037,5737525.31988518,51.9,-0.0,52.64,ASK
426,1712370684.8424938,5785577.79059483,51.9,-1.9012211785163585e-05,52.64,ASK
427,1712370690.59305,5785577.79059483,51.9,-0.0,52.64,ASK
428,1712370720.3778276,5785577.79059483,51.9,-0.0,52.64,ASK
429,1712370750.4056163,5785577.79059483,51.9,-0.0,52.64,ASK
430,1712370780.5327885,5785577.79059483,51.9,-0.0,52.64,ASK
431,1712370810.584488,5785577.79059483,51.9,-0.0,52.64,ASK
432,1712370840.4310107,5785577.79059483,51.9,-0.0,52.64,ASK
433,1712370863.6626844,5786155.82527692,51.9,-2.284770043356198e-07,52.64,ASK
434,1712370870.4251735,5786155.82527692,51.9,-0.0,52.64,ASK
435,1712370900.5523944,5786155.82527692,51.9,-0.0,52.64,ASK
436,1712370930.5622315,5786155.82527692,51.9,-0.0,52.64,ASK
437,1712370960.4046152,5786155.82527692,51.9,-0.0,52.64,ASK
438,1712370990.3808649,5786155.82527692,51.9,-0.0,52.64,ASK
439,1712370993.421898,5786253.47347692,51.91,-3.867440608420299e-08,52.64,ASK
440,1712371003.3619454,5809852.84919873,51.9,-9.346734911580478e-06,52.64,ASK
441,1712371003.366084,5898603.89514592,51.9,-3.515061200654014e-05,52.64,ASK
442,1712371003.461985,5898603.89514665,51.9,-2.891848943199212e-16,52.64,ASK
443,1712371003.5485437,5901781.85906505,51.89,-1.2586598329548887e-06,52.64,ASK
444,1712371003.5507712,5909803.27241388,51.88,-3.1769494698299854e-06,52.64,ASK
445,1712371003.552983,5917305.48773786,51.88,-2.971316644534576e-06,52.64,ASK
446,1712371003.5551972,5918974.95667461,51.89,-6.612074734038836e-07,52.64,ASK
447,1712371003.557386,5920902.11026765,51.88,-7.632656889054477e-07,52.64,ASK
448,1712371003.5595872,5920902.11026875,51.88,-4.3562163289773846e-16,52.64,ASK
449,1712371003.5669863,5921902.11026875,51.87,-3.960585661993872e-07,52.64,ASK
450,1712371003.7255626,5922479.69979512,51.85,-2.287592796659517e-07,52.64,ASK
451,1712371003.727884,5942344.13756302,51.85,-7.867480740711267e-06,52.64,ASK
452,1712371020.5835156,5942344.13756302,51.85,-0.0,52.64,ASK
453,1712371050.5714664,5942344.13756302,51.85,-0.0,52.64,ASK
454,1712371076.8415668,5942632.43956715,51.85,-1.1381912517872113e-07,52.64,ASK
455,1712371076.8458786,5957864.79443602,51.85,-6.013601295699368e-06,52.64,ASK
456,1712371080.3554318,5957864.79443602,51.85,-0.0,52.64,ASK
457,1712371110.3712363,5957864.79443602,51.85,-0.0,52.64,ASK
458,1712371128.6813946,5971573.15316308,51.85,-5.410222002135102e-06,52.64,ASK
459,1712371128.686076,5971573.15316402,51.85,-3.7086933180354993e-16,52.64,ASK
460,1712371135.311208,5971573.15316405,51.85,-1.1761960968992665e-17,52.64,ASK
461,1712371140.5810971,5971573.15316405,51.85,-0.0,52.64,ASK
462,1712371150.980888,5983239.88020924,51.83,-4.603168276272637e-06,52.64,ASK
463,1712371151.1311457,5983337.31412782,51.83,-3.84430630202231e-08,52.64,ASK
464,1712371151.135401,6072556.81320649,51.83,-3.5202020771813224e-05,52.64,ASK
465,1712371151.2057111,6078669.32103952,51.82,-2.4117219882221525e-06,52.64,ASK
466,1712371151.20787,6080739.07788949,51.82,-8.166334083650529e-07,52.64,ASK
467,1712371151.231068,6080739.07789015,51.82,-2.605278644398894e-16,52.64,ASK
468,1712371151.27138,6088346.28831486,51.8,-3.001464726338253e-06,52.64,ASK
469,1712371151.2756882,6109650.82974638,51.8,-8.405818433760059e-06,52.64,ASK
470,1712371170.5509188,6109650.82974638,51.8,-0.0,52.64,ASK
471,1712371200.4732509,6109650.82974638,51.8,-0.0,52.64,ASK
472,1712371230.3633168,6109650.82974638,51.8,-0.0,52.64,ASK
473,1712371260.5708237,6109650.82974638,51.8,-0.0,52.64,ASK
474,1712371290.5805533,6109650.82974638,51.8,-0.0,52.64,ASK
475,1712371320.389351,6109650.82974638,51.8,-0.0,52.64,ASK
476,1712371330.810769,6109842.65786838,51.83,-7.556521357730971e-08,52.64,ASK
477,1712371350.4050283,6109842.65786838,51.83,-0.0,52.64,ASK
478,1712371372.9574833,6110035.52189923,51.85,7.597298275098034e-08,52.64,BID
479,1712371380.5419157,6110035.52189923,51.85,0.0,52.64,BID
480,1712371382.4549432,6110228.38593008,51.85,7.597268347944971e-08,52.64,BID
481,1712371382.4704206,6112199.48890261,51.85,7.764536579336874e-07,52.64,BID
482,1712371410.5704703,6112199.48890261,51.85,0.0,52.64,BID
483,1712371412.6912537,6112392.35293346,51.85,-7.596932576395799e-08,52.64,ASK
484,1712371412.69533,6127400.3592491,51.85,-5.911668006910261e-06,52.64,ASK
485,1712371433.4903436,6127572.8761247,51.85,6.795456189746706e-08,52.64,BID
486,1712371440.4301512,6127572.8761247,51.85,0.0,52.64,BID
487,1712371455.8237607,6138356.16336246,51.85,4.246213894719258e-06,52.64,BID
488,1712371460.2004693,6145928.27040871,51.85,2.981723981115676e-06,52.64,BID
489,1712371470.3658092,6145928.27040871,51.85,0.0,52.64,BID
490,1712371474.0404382,6146024.51679947,51.95,3.7885447051029776e-08,52.64,BID
491,1712371500.3901026,6146024.51679947,51.95,0.0,52.64,BID
492,1712371530.37034,6146024.51679947,51.95,0.0,52.64,BID
493,1712371560.3956726,6146024.51679947,51.95,0.0,52.64,BID
494,1712371564.8304198,6184523.0731036,51.95,1.5287155229307372e-05,52.64,BID
495,1712371590.3715382,6184523.0731036,51.95,0.0,52.64,BID
496,1712371595.1205308,6218546.12360528,51.95,1.3499283427817954e-05,52.64,BID
497,1712371620.542514,6218546.12360528,51.95,0.0,52.64,BID
498,1712371647.1705978,6254737.02034028,51.96,1.4349354054761772e-05,52.64,BID
499,1712371647.175284,6254737.02034074,51.96,1.8241480627962364e-16,52.64,BID
500,1712371650.5502346,6254737.02034074,51.96,0.0,52.64,BID
501,1712371651.8902864,6297711.08244733,51.95,-1.7026121507732928e-05,52.64,ASK
502,1712371680.423597,6297711.08244733,51.95,-0.0,52.64,ASK
503,1712371680.5885496,6297808.49757078,51.84,-3.8561306493557173e-08,52.64,ASK
504,1712371680.5910504,6297824.60482388,51.84,-6.375978406120202e-09,52.64,ASK
505,1712371689.3722355,6298724.60482388,51.94,3.562606566095611e-07,52.64,BID
506,1712371710.3993237,6298724.60482388,51.94,0.0,52.64,BID
507,1712371720.6801827,6307724.60482388,51.93,3.5625323452680416e-06,52.64,BID
508,1712371740.532412,6307724.60482388,51.93,0.0,52.64,BID
509,1712371770.4307492,6307724.60482388,51.93,0.0,52.64,BID
510,1712371788.300385,6309456.84095884,51.93,6.855561994606857e-07,52.64,BID
511,1712371800.474542,6309456.84095884,51.93,0.0,52.64,BID
512,1712371830.3708303,6309456.84095884,51.93,0.0,52.64,BID
513,1712371860.550056,6309456.84095884,51.93,0.0,52.64,BID
514,1712371890.5554838,6309456.84095884,51.93,0.0,52.64,BID
515,1712371911.3400967,6311390.97015607,51.85,-7.667309594535567e-07,52.64,ASK
516,1712371920.4112964,6311390.97015607,51.85,-0.0,52.64,ASK
517,1712371950.4332178,6311390.97015607,51.85,-0.0,52.64,ASK
518,1712371980.562423,6311390.97015607,51.85,-0.0,52.64,ASK
519,1712372010.5415304,6311390.97015607,51.85,-0.0,52.64,ASK
520,1712372040.4090457,6311390.97015607,51.85,-0.0,52.64,ASK
521,1712372046.4900792,6344952.07440456,51.91,1.3303824144322653e-05,52.64,BID
522,1712372046.576749,6365677.31525927,51.91,8.215610476887146e-06,52.64,BID
523,1712372070.3706884,6365677.31525927,51.91,0.0,52.64,BID
524,1712372100.5580142,6365677.31525927,51.91,0.0,52.64,BID
525,1712372130.5500102,6365677.31525927,51.91,0.0,52.64,BID
526,1712372146.5502374,6393635.94006666,51.92,1.1080001901781356e-05,52.64,BID
527,1712372160.3799038,6393635.94006666,51.92,0.0,52.64,BID
528,1712372164.0500553,6403256.51498721,51.92,3.810441412548153e-06,52.64,BID
529,1712372170.250061,6417063.61725993,51.92,5.46860813638907e-06,52.64,BID
530,1712372190.3901796,6417063.61725993,51.92,0.0,52.64,BID
531,1712372220.5700474,6417063.61725993,51.92,0.0,52.64,BID
532,1712372250.551954,6417063.61725993,51.92,0.0,52.64,BID
533,1712372280.400707,6417063.61725993,51.92,0.0,52.64,BID
534,1712372282.0808222,6419963.66036193,51.92,1.1480730866473865e-06,52.64,BID
535,1712372304.230157,6419963.66036247,51.92,2.1384209829715352e-16,52.64,BID
536,1712372310.380833,6419963.66036247,51.92,0.0,52.64,BID
537,1712372314.1901553,6433632.62261154,51.92,-5.410965202477432e-06,52.64,ASK
538,1712372319.4997418,6435566.75180877,51.91,-7.656401117075935e-07,52.64,ASK
539,1712372340.4420996,6435566.75180877,51.91,-0.0,52.64,ASK
540,1712372354.4001858,6443586.99814964,51.91,-3.173859201996704e-06,52.64,ASK
541,1712372354.4101577,6539811.28053743,51.91,-3.807892066303934e-05,52.64,ASK
542,1712372370.3866498,6539811.28053743,51.91,-0.0,52.64,ASK
543,1712372400.5001087,6539811.28053743,51.91,-0.0,52.64,ASK
544,1712372430.5331297,6539811.28053743,51.91,-0.0,52.64,ASK
545,1712372460.5738797,6539811.28053743,51.91,-0.0,52.64,ASK
546,1712372490.5577753,6539811.28053743,51.91,-0.0,52.64,ASK
547,1712372520.440348,6539811.28053743,51.91,-0.0,52.64,ASK
548,1712372550.41599,6539811.28053743,51.91,-0.0,52.64,ASK
549,1712372580.5510263,6539811.28053743,51.91,-0.0,52.64,ASK
550,1712372610.570451,6539811.28053743,51.91,-0.0,52.64,ASK
551,1712372627.2204556,6549811.28053743,51.86,-3.960878913495197e-06,52.64,ASK
552,1712372627.225376,6702990.05380511,51.84,-6.067225730310149e-05,52.64,ASK
553,1712372627.229162,6716537.91419847,51.86,-5.366143455503739e-06,52.64,ASK
554,1712372627.232932,6728637.91419847,51.85,-4.792663485329189e-06,52.64,ASK
555,1712372627.3003197,6779351.43290147,51.84,2.0087010685985577e-05,52.64,BID
556,1712372627.3202407,6789442.45254923,51.84,3.996930693847957e-06,52.64,BID
557,1712372627.480282,6801742.45254923,51.89,4.871881063599092e-06,52.64,BID
558,1712372627.5803156,6814142.45254923,51.9,4.911489852734045e-06,52.64,BID
559,1712372633.9903977,6814335.09365884,51.91,7.630281089264726e-08,52.64,BID
560,1712372637.9802356,6935488.9357241,51.92,4.79875698325215e-05,52.64,BID
561,1712372637.9903414,6937487.05974848,51.91,7.9143273147149e-07,52.64,BID
562,1712372640.4321768,6937487.05974848,51.91,0.0,52.64,BID
563,1712372643.6503377,6937679.5895906,51.94,7.564073716888326e-08,52.64,BID
564,1712372644.350361,7044033.4870246,51.94,4.178410533205291e-05,52.64,BID
565,1712372644.430372,7053754.51478918,51.95,3.81917783786999e-06,52.64,BID
566,1712372644.435333,7053754.5147896,51.94,1.6501915918577847e-16,52.64,BID
567,1712372644.4395833,7053754.51479024,51.95,2.513706482497335e-16,52.64,BID
568,1712372648.9904926,7053946.82248254,52.0,7.555345939471404e-08,52.64,BID
569,1712372670.4758608,7053946.82248254,52.0,0.0,52.64,BID
570,1712372691.8860643,7071548.60632212,52.0,6.898957853133908e-06,52.64,BID
571,1712372700.5824292,7071548.60632212,52.0,0.0,52.64,BID
572,1712372720.0705771,7071840.42434212,52.01,-1.1437474571401144e-07,52.64,ASK
573,1712372730.5402915,7071840.42434212,52.01,-0.0,52.64,ASK
574,1712372751.450472,7072032.10538486,52.17,7.512675230864284e-08,52.64,BID
575,1712372760.417939,7072032.10538486,52.17,0.0,52.64,BID
576,1712372790.3967955,7072032.10538486,52.17,0.0,52.64,BID
577,1712372820.560293,7072032.10538486,52.17,0.0,52.64,BID
578,1712372850.5702796,7072032.10538486,52.17,0.0,52.64,BID
579,1712372880.388021,7072032.10538486,52.17,0.0,52.64,BID
580,1712372910.4446735,7072032.10538486,52.17,0.0,52.64,BID
581,1712372924.1493535,7077782.5366672,52.17,2.253793735877548e-06,52.64,BID
582,1712372940.5407577,7077782.5366672,52.17,0.0,52.64,BID
583,1712372970.538258,7077782.5366672,52.17,0.0,52.64,BID
584,1712372976.8582523,7077974.21770994,52.17,7.5117625498913e-08,52.64,BID
585,1712373000.4317462,7077974.21770994,52.17,0.0,52.64,BID
586,1712373030.4115255,7077974.21770994,52.17,0.0,52.64,BID
587,1712373060.536365,7077974.21770994,52.17,0.0,52.64,BID
588,1712373090.555932,7077974.21770994,52.17,0.0,52.64,BID
589,1712373120.4010563,7077974.21770994,52.17,0.0,52.64,BID
590,1712373123.395301,7079891.02813738,52.17,7.550138830338601e-07,52.64,BID
591,1712373148.5349803,7080082.70918012,52.17,7.55013883018453e-08,52.64,BID
592,1712373150.3964171,7080082.70918012,52.17,0.0,52.64,BID
593,1712373180.5342994,7080082.70918012,52.17,0.0,52.64,BID
594,1712373185.4843912,7091680.33010189,52.04,-4.567997597245887e-06,52.64,ASK
595,1712373210.0495515,7095238.04526389,52.17,1.4012903526790697e-06,52.64,BID
596,1712373210.054354,7102138.04526389,52.17,2.717728371500219e-06,52.64,BID
597,1712373210.1732829,7105972.48480695,52.17,-1.5102848021705176e-06,52.64,ASK
598,1712373210.5338826,7105972.48480695,52.17,-0.0,52.64,ASK
599,1712373217.2767162,7110810.18167299,52.18,1.904429440393317e-06,52.64,BID
600,1712373217.2792373,7113880.00684604,52.18,1.2084811426394543e-06,52.64,BID
601,1712373240.365924,7113880.00684604,52.18,0.0,52.64,BID
602,1712373242.8534317,7115978.41094116,52.18,8.25933007593843e-07,52.64,BID
603,1712373242.863344,7118235.34163552,52.18,8.88329164367093e-07,52.64,BID
604,1712373249.287002,7119769.17887985,52.17,-6.037191841717322e-07,52.64,ASK
605,1712373270.4103482,7119769.17887985,52.17,-0.0,52.64,ASK
606,1712373291.3131998,7119774.60450856,52.17,2.13527219566146e-09,52.64,BID
607,1712373300.4220448,7119774.60450856,52.17,0.0,52.64,BID
608,1712373303.222841,7130547.41497233,52.18,4.239874538475188e-06,52.64,BID
609,1712373305.0282428,7133819.26110772,52.17,-1.2877064132801454e-06,52.64,ASK
610,1712373315.9525793,7133932.00057132,52.2,4.437107501371085e-08,52.64,BID
611,1712373330.3643742,7133932.00057132,52.2,0.0,52.64,BID
612,1712373348.5624948,7151179.98830608,52.18,-6.78634878047035e-06,52.64,ASK
613,1712373356.552156,7203298.71142908,52.17,-2.050649841271824e-05,52.64,ASK
614,1712373356.652244,7210547.45489708,52.17,-2.852071914155133e-06,52.64,ASK
615,1712373360.5246215,7210547.45489708,52.17,-0.0,52.64,ASK
616,1712373390.554507,7210547.45489708,52.17,-0.0,52.64,ASK
617,1712373420.4021432,7210547.45489708,52.17,-0.0,52.64,ASK
618,1712373450.529198,7210547.45489708,52.17,-0.0,52.64,ASK
619,1712373480.4228055,7210547.45489708,52.17,-0.0,52.64,ASK
620,1712373510.387982,7210547.45489708,52.17,-0.0,52.64,ASK
621,1712373540.571045,7210547.45489708,52.17,-0.0,52.64,ASK
622,1712373570.5299444,7210547.45489708,52.17,-0.0,52.64,ASK
623,1712373590.3013055,7210547.45489735,52.17,-1.0609951015293971e-16,52.64,ASK
624,1712373590.3044934,7305051.61527875,52.17,-3.712497576648936e-05,52.64,ASK
625,1712373600.4216895,7305051.61527875,52.17,-0.0,52.64,ASK
626,1712373630.4188118,7305051.61527875,52.17,-0.0,52.64,ASK
627,1712373660.5393295,7305051.61527875,52.17,-0.0,52.64,ASK
628,1712373684.307204,7306029.00125038,52.18,3.842855978668349e-07,52.64,BID
629,1712373690.5325837,7306029.00125038,52.18,0.0,52.64,BID
630,1712373720.4428566,7306029.00125038,52.18,0.0,52.64,BID
631,1712373749.2662492,7307450.59979102,52.19,5.589285162426164e-07,52.64,BID
632,1712373749.271937,7309053.02930738,52.18,6.300256551748207e-07,52.64,BID
633,1712373750.3592703,7309053.02930738,52.18,0.0,52.64,BID
634,1712373780.525277,7309053.02930738,52.18,0.0,52.64,BID
635,1712373792.818396,7310293.59767335,52.17,-4.877227975852147e-07,52.64,ASK
636,1712373792.978444,7342465.46290835,52.15,1.2648196219064297e-05,52.64,BID
637,1712373810.5386028,7342465.46290835,52.15,0.0,52.64,BID
638,1712373823.5594308,7342465.46290929,52.15,3.691868633467728e-16,52.64,BID
639,1712373840.371488,7342465.46290929,52.15,0.0,52.64,BID
640,1712373846.5782287,7342578.22397462,52.19,4.430105953628256e-08,52.64,BID
641,1712373870.3710458,7342578.22397462,52.19,0.0,52.64,BID
642,1712373874.178058,7354678.22397462,52.18,4.753782517500053e-06,52.64,BID
643,1712373874.7180705,7395766.12415526,52.19,1.61423918644225e-05,52.64,BID
644,1712373874.7236288,7396938.25871762,52.19,4.605018835293494e-07,52.64,BID
645,1712373900.528934,7396938.25871762,52.19,0.0,52.64,BID
646,1712373930.5414956,7396938.25871762,52.19,0.0,52.64,BID
647,1712373960.4318674,7396938.25871762,52.19,0.0,52.64,BID
648,1712373990.3756442,7396938.25871762,52.19,0.0,52.64,BID
649,1712373994.0986454,7398854.33459422,52.18,-7.542304544093464e-07,52.64,ASK
650,1712373994.1045218,7408438.38673146,52.17,-3.772597988854017e-06,52.64,ASK
651,1712374020.533141,7408438.38673146,52.17,-0.0,52.64,ASK
652,1712374050.5492282,7408438.38673146,52.17,-0.0,52.64,ASK
653,1712374056.3577957,7408725.27981565,52.11,-1.1290388454867985e-07,52.64,ASK
654,1712374056.36355,7409318.47592343,52.06,-2.3344635530935922e-07,52.64,ASK
655,1712374080.3784416,7409318.47592343,52.06,-0.0,52.64,ASK
656,1712374110.4121838,7409318.47592343,52.06,-0.0,52.64,ASK
657,1712374125.997229,7409431.30184367,52.16,4.440070402375744e-08,52.64,BID
658,1712374129.6174195,7409544.10613732,52.17,4.439219325059832e-08,52.64,BID
659,1712374140.5571935,7409544.10613732,52.17,0.0,52.64,BID
660,1712374170.547119,7409544.10613732,52.17,0.0,52.64,BID
661,1712374200.4389696,7409544.10613732,52.17,0.0,52.64,BID
662,1712374230.3913686,7409544.10613732,52.17,0.0,52.64,BID
663,1712374260.5463116,7409544.10613732,52.17,0.0,52.64,BID
664,1712374290.5478644,7409544.10613732,52.17,0.0,52.64,BID
665,1712374320.4332662,7409544.10613732,52.17,0.0,52.64,BID
666,1712374350.3865824,7409544.10613732,52.17,0.0,52.64,BID
667,1712374380.5358503,7409544.10613732,52.17,0.0,52.64,BID
668,1712374391.5859118,7410118.70870388,52.06,-2.266435643413796e-07,52.64,ASK
669,1712374410.5882115,7410118.70870388,52.06,-0.0,52.64,ASK
670,1712374440.4624598,7410118.70870388,52.06,-0.0,52.64,ASK
671,1712374470.3886068,7410118.70870388,52.06,-0.0,52.64,ASK
672,1712374500.5354877,7410118.70870388,52.06,-0.0,52.64,ASK
673,1712374530.5553794,7410118.70870388,52.06,-0.0,52.64,ASK
674,1712374560.4288592,7410118.70870388,52.06,-0.0,52.64,ASK
675,1712374590.383686,7410118.70870388,52.06,-0.0,52.64,ASK
676,1712374595.4051678,7412167.18776809,52.06,-8.100084877000833e-07,52.64,ASK
677,1712374620.5450797,7412167.18776809,52.06,-0.0,52.64,ASK
678,1712374650.5749707,7412167.18776809,52.06,-0.0,52.64,ASK
679,1712374679.5049462,7424567.18776809,52.08,-4.902994563394591e-06,52.64,ASK
680,1712374679.5648773,7479888.16950109,52.08,2.1874070377302792e-05,52.64,BID
681,1712374679.5675073,7573004.78980177,52.08,3.681857121741209e-05,52.64,BID
682,1712374680.420253,7573004.78980177,52.08,0.0,52.64,BID
683,1712374710.4044044,7573004.78980177,52.08,0.0,52.64,BID
684,1712374740.4652889,7573004.78980177,52.08,0.0,52.64,BID
685,1712374761.755515,7575791.43075792,52.09,-1.0982082689804636e-06,52.64,ASK
686,1712374761.7638838,7576079.26569073,52.1,-1.1343503102377673e-07,52.64,ASK
687,1712374770.4402666,7576079.26569073,52.1,-0.0,52.64,ASK
688,1712374800.4248958,7576079.26569073,52.1,-0.0,52.64,ASK
689,1712374830.408799,7576079.26569073,52.1,-0.0,52.64,ASK
690,1712374832.7645495,7576192.09161097,52.16,4.454392741457442e-08,52.64,BID
691,1712374860.5347507,7576192.09161097,52.16,0.0,52.64,BID
692,1712374890.5446217,7576192.09161097,52.16,0.0,52.64,BID
693,1712374893.3131206,7576299.5455987,52.16,4.2422977794952536e-08,52.64,BID
694,1712374896.174843,7576396.24805268,52.16,3.8178257918529865e-08,52.64,BID
695,1712374917.3848505,7576506.95932568,52.16,4.370895836762997e-08,52.64,BID
696,1712374920.3717048,7576506.95932568,52.16,0.0,52.64,BID
697,1712374931.2747858,7576606.59506187,52.16,3.933606659500938e-08,52.64,BID
698,1712374948.265621,7914606.59506187,52.07,-0.0001334419859523,52.64,ASK
699,1712374948.2752402,7926006.59506187,52.07,-4.500706035079216e-06,52.64,ASK
700,1712374950.401079,7926006.59506187,52.07,-0.0,52.64,ASK
701,1712374966.4257996,7926198.34961604,52.15,7.516442714319101e-08,52.64,BID
702,1712374980.5260634,7926198.34961604,52.15,0.0,52.64,BID
703,1712375010.5369446,7926198.34961604,52.15,0.0,52.64,BID
704,1712375033.0986,7926304.35605673,52.15,4.155250544021485e-08,52.64,BID
705,1712375040.3832128,7926304.35605673,52.15,0.0,52.64,BID
706,1712375066.63824,7946606.53522949,52.16,7.958050255885373e-06,52.64,BID
707,1712375066.6429515,7948912.39214621,52.16,9.038500286097377e-07,52.64,BID
708,1712375070.3583138,7948912.39214621,52.16,0.0,52.64,BID
709,1712375087.6886437,7949012.39214621,52.17,3.9179899776832665e-08,52.64,BID
710,1712375100.4188066,7949012.39214621,52.17,0.0,52.64,BID
711,1712375130.398153,7949012.39214621,52.17,0.0,52.64,BID
712,1712375160.5200567,7949012.39214621,52.17,0.0,52.64,BID
713,1712375183.9505966,7952101.09123159,52.17,1.210624135985897e-06,52.64,BID
714,1712375190.5808015,7952101.09123159,52.17,0.0,52.64,BID
715,1712375220.4687266,7952101.09123159,52.17,0.0,52.64,BID
716,1712375250.3620348,7952101.09123159,52.17,0.0,52.64,BID
717,1712375280.5319564,7952101.09123159,52.17,0.0,52.64,BID
718,1712375310.54236,7952101.09123159,52.17,0.0,52.64,BID
719,1712375340.4094644,7952101.09123159,52.17,0.0,52.64,BID
720,1712375370.386004,7952101.09123159,52.17,0.0,52.64,BID
721,1712375400.4081442,7952101.09123159,52.17,0.0,52.64,BID
722,1712375430.0783916,7952209.68762341,52.16,-4.256284855664587e-08,52.64,ASK
723,1712375430.083403,7952309.68762341,52.16,-3.919361209295304e-08,52.64,ASK
724,1712375430.0880177,7952409.68762341,52.12,-3.919361209295304e-08,52.64,ASK
725,1712375430.090675,7959299.48786978,52.1,-2.7003615825415905e-06,52.64,ASK
726,1712375430.0933473,7959586.38611598,52.11,-1.124457857174094e-07,52.64,ASK
727,1712375430.387838,7959586.38611598,52.11,-0.0,52.64,ASK
728,1712375439.8137074,7959699.21203622,52.16,4.421379519402996e-08,52.64,BID
729,1712375441.6836894,7959812.01632987,52.17,4.420532024738489e-08,52.64,BID
730,1712375460.5341983,7959812.01632987,52.17,0.0,52.64,BID
731,1712375490.5641496,7959812.01632987,52.17,0.0,52.64,BID
732,1712375520.3885777,7959812.01632987,52.17,0.0,52.64,BID
733,1712375532.3447394,7960012.01632987,52.12,-7.837488259781017e-08,52.64,ASK
734,1712375532.3511257,7969058.34345289,52.12,-3.5450241310406948e-06,52.64,ASK
735,1712375538.4648576,8003250.64116214,52.17,1.3399086593559166e-05,52.64,BID
736,1712375538.47129,8045997.51606676,52.17,1.6751406510364164e-05,52.64,BID
737,1712375538.4761343,8064898.86482532,52.17,7.40695494946226e-06,52.64,BID
738,1712375550.3822677,8064898.86482532,52.17,0.0,52.64,BID
739,1712375580.583279,8064898.86482532,52.17,0.0,52.64,BID
740,1712375610.5390751,8064898.86482532,52.17,0.0,52.64,BID
741,1712375640.3996377,8064898.86482532,52.17,0.0,52.64,BID
742,1712375655.3557534,8065011.64750067,52.18,4.41019039459728e-08,52.64,BID
743,1712375670.402781,8065011.64750067,52.18,0.0,52.64,BID
744,1712375700.397241,8065011.64750067,52.18,0.0,52.64,BID
745,1712375730.3983376,8065011.64750067,52.18,0.0,52.64,BID
746,1712375760.5566316,8065011.64750067,52.18,0.0,52.64,BID
747,1712375790.5366564,8065011.64750067,52.18,0.0,52.64,BID
748,1712375820.381492,8065011.64750067,52.18,0.0,52.64,BID
749,1712375850.4024646,8065011.64750067,52.18,0.0,52.64,BID
750,1712375880.5721743,8065011.64750067,52.18,0.0,52.64,BID
751,1712375910.572371,8065011.64750067,52.18,0.0,52.64,BID
752,1712375940.3873982,8065011.64750067,52.18,0.0,52.64,BID
753,1712375969.737866,8066011.64750067,52.18,3.9150497819338163e-07,52.64,BID
754,1712375970.388138,8066011.64750067,52.18,0.0,52.64,BID
755,1712376000.4998205,8066011.64750067,52.18,0.0,52.64,BID
756,1712376030.494854,8066011.64750067,52.18,0.0,52.64,BID
757,1712376043.3083825,8066360.47653575,52.18,1.3658344061567173e-07,52.64,BID
758,1712376060.5484338,8066360.47653575,52.18,0.0,52.64,BID
759,1712376090.564585,8066360.47653575,52.18,0.0,52.64,BID
760,1712376120.3820825,8066360.47653575,52.18,0.0,52.64,BID
761,1712376150.4000936,8066360.47653575,52.18,0.0,52.64,BID
762,1712376180.5509684,8066360.47653575,52.18,0.0,52.64,BID
763,1712376182.649125,8066743.83862124,52.17,-1.5010373048876014e-07,52.64,ASK
764,1712376182.6552913,8074844.64320241,52.17,-3.171834236132938e-06,52.64,ASK
765,1712376189.3091662,8075337.80343526,52.18,1.930947098872145e-07,52.64,BID
766,1712376189.316507,8109349.80600286,52.18,1.3317249305595865e-05,52.64,BID
767,1712376200.7990725,8116543.35395612,52.17,-2.816601912660775e-06,52.64,ASK
768,1712376200.8062634,8117761.5713207,52.18,-4.769876257735375e-07,52.64,ASK
769,1712376200.8104277,8119244.81887677,52.17,-5.807590260773133e-07,52.64,ASK
770,1712376207.8190107,8119432.63029877,52.17,-7.353673234140016e-08,52.64,ASK
771,1712376210.5490155,8119432.63029877,52.17,-0.0,52.64,ASK
772,1712376240.4683254,8119432.63029877,52.17,-0.0,52.64,ASK
773,1712376270.4108522,8119432.63029877,52.17,-0.0,52.64,ASK
774,1712376294.0794728,8121432.63029832,52.19,7.822430216695068e-07,52.64,BID
775,1712376294.0874147,8121432.63029877,52.19,1.7593772129684204e-16,52.64,BID
776,1712376300.5492828,8121432.63029877,52.19,0.0,52.64,BID
777,1712376330.56366,8121432.63029877,52.19,0.0,52.64,BID
778,1712376360.4062097,8121432.63029877,52.19,0.0,52.64,BID
779,1712376382.7112565,8121633.81826581,52.19,7.87707331266938e-08,52.64,BID
780,1712376386.9296925,8128233.52221901,52.19,2.583969242605171e-06,52.64,BID
781,1712376390.5207746,8128233.52221901,52.19,0.0,52.64,BID
782,1712376396.952032,8128337.30174687,52.2,4.0626950676224863e-08,52.64,BID
783,1712376414.7397635,8130547.00864342,52.2,8.650420265503377e-07,52.64,BID
784,1712376420.5427155,8130547.00864342,52.2,0.0,52.64,BID
785,1712376450.5603106,8130547.00864342,52.2,0.0,52.64,BID
786,1712376457.2699292,8140547.00864342,52.19,-3.91455144651069e-06,52.64,ASK
787,1712376480.3846042,8140547.00864342,52.19,-0.0,52.64,ASK
788,1712376508.369954,8141108.63345964,52.19,-2.1980601720673645e-07,52.64,ASK
789,1712376510.4004388,8141108.63345964,52.19,-0.0,52.64,ASK
790,1712376513.420089,8145295.54990082,52.19,-1.6386364052389972e-06,52.64,ASK
791,1712376513.429868,8162522.9967254,52.19,-6.7423178686894906e-06,52.64,ASK
792,1712376540.5657492,8162522.9967254,52.19,-0.0,52.64,ASK
793,1712376570.5700388,8162522.9967254,52.19,-0.0,52.64,ASK
794,1712376600.411375,8162522.9967254,52.19,-0.0,52.64,ASK
795,1712376630.3933146,8162522.9967254,52.19,-0.0,52.64,ASK
796,1712376660.550268,8162522.9967254,52.19,-0.0,52.64,ASK
797,1712376666.13045,8162714.67776814,52.17,-7.518693725912349e-08,52.64,ASK
798,1712376666.1369584,8163902.46442957,52.17,-4.659096169007216e-07,52.64,ASK
799,1712376666.1423056,8164093.46442957,52.17,-7.49197980728988e-08,52.64,ASK
800,1712376670.8525288,8164668.28719255,52.19,2.2547437345605765e-07,52.64,BID
801,1712376690.5503511,8164668.28719255,52.19,0.0,52.64,BID
802,1712376720.4809604,8164668.28719255,52.19,0.0,52.64,BID
803,1712376750.3803132,8164668.28719255,52.19,0.0,52.64,BID
804,1712376780.5505598,8164668.28719255,52.19,0.0,52.64,BID
805,1712376810.560555,8164668.28719255,52.19,0.0,52.64,BID
806,1712376840.3692837,8164668.28719255,52.19,0.0,52.64,BID
807,1712376870.378577,8164668.28719255,52.19,0.0,52.64,BID
808,1712376900.4720235,8164668.28719255,52.19,0.0,52.64,BID
809,1712376930.3802629,8164668.28719255,52.19,0.0,52.64,BID
810,1712376960.5604713,8164668.28719255,52.19,0.0,52.64,BID
811,1712376969.890562,8165115.51115959,52.19,1.755943509179755e-07,52.64,BID
812,1712376969.8961868,8165626.32513085,52.19,2.0056180869878922e-07,52.64,BID
813,1712376974.750563,8165817.93271851,52.19,7.523123192320667e-08,52.64,BID
814,1712376990.550141,8165817.93271851,52.19,0.0,52.64,BID
815,1712377014.819575,8167734.00859511,52.19,7.522945967462913e-07,52.64,BID
816,1712377020.3592377,8167734.00859511,52.19,0.0,52.64,BID
817,1712377028.8993006,8170429.08564613,52.17,-1.0581064806870137e-06,52.64,ASK
818,1712377050.3778362,8170429.08564613,52.17,-0.0,52.64,ASK
819,1712377068.5583544,8173429.08564613,52.17,-1.1777563923845993e-06,52.64,ASK
820,1712377068.5681694,8179130.27407092,52.17,-2.238203703828612e-06,52.64,ASK
821,1712377080.547832,8179130.27407092,52.17,-0.0,52.64,ASK
822,1712377087.8677857,8189597.18992062,52.17,4.108426851473864e-06,52.64,BID
823,1712377087.8745873,8200322.47265248,52.17,4.209839860944982e-06,52.64,BID
824,1712377110.660137,8200322.47265248,52.17,0.0,52.64,BID
825,1712377140.366686,8200322.47265248,52.17,0.0,52.64,BID
826,1712377170.3783984,8200322.47265248,52.17,0.0,52.64,BID
827,1712377174.4560115,8201258.7820019,52.11,-3.673565257603504e-07,52.64,ASK
828,1712377192.4656386,8208040.79426939,52.11,-2.6608902984831133e-06,52.64,ASK
829,1712377200.4231346,8208040.79426939,52.11,-0.0,52.64,ASK
830,1712377216.4953291,8208145.43658293,52.11,-4.1069148831354456e-08,52.64,ASK
831,1712377219.495808,8208278.40234202,52.19,5.218530023633885e-08,52.64,BID
832,1712377230.383587,8208278.40234202,52.19,0.0,52.64,BID
833,1712377260.5443325,8208278.40234202,52.19,0.0,52.64,BID
834,1712377290.5342808,8208278.40234202,52.19,0.0,52.64,BID
835,1712377315.7139056,8212110.55409523,52.11,-1.50400387680118e-06,52.64,ASK
836,1712377320.4137936,8212110.55409523,52.11,-0.0,52.64,ASK
837,1712377350.585749,8212110.55409523,52.11,-0.0,52.64,ASK
838,1712377353.433414,8212223.31516056,52.19,4.4251845893460535e-08,52.64,BID
839,1712377372.3530242,8212477.75341762,52.11,-9.98515090987642e-08,52.64,ASK
840,1712377380.5328977,8212477.75341762,52.11,-0.0,52.64,ASK
841,1712377410.542496,8212477.75341762,52.11,-0.0,52.64,ASK
842,1712377413.2825394,8222072.84073291,52.19,3.765458707468089e-06,52.64,BID
843,1712377440.3988822,8222072.84073291,52.19,0.0,52.64,BID
844,1712377470.3564804,8222072.84073291,52.19,0.0,52.64,BID
845,1712377500.5312636,8222072.84073291,52.19,0.0,52.64,BID
846,1712377530.5110743,8222072.84073291,52.19,0.0,52.64,BID
847,1712377560.5085716,8222072.84073291,52.19,0.0,52.64,BID
848,1712377590.3538475,8222072.84073291,52.19,0.0,52.64,BID
849,1712377613.050313,8222333.3691619,52.19,1.0276529318958789e-07,52.64,BID
850,1712377613.057365,8223988.91660951,52.19,6.53029765320388e-07,52.64,BID
851,1712377620.5764265,8223988.91660951,52.19,0.0,52.64,BID
852,1712377650.5598054,8223988.91660951,52.19,0.0,52.64,BID
853,1712377680.3975146,8223988.91660951,52.19,0.0,52.64,BID
854,1712377710.4327717,8223988.91660951,52.19,0.0,52.64,BID
855,1712377729.119128,8243898.95583708,52.11,-7.853194075544605e-06,52.64,ASK
856,1712377729.126118,8277872.50671456,52.11,-1.3400319578817584e-05,52.64,ASK
857,1712377740.438358,8277872.50671456,52.11,-0.0,52.64,ASK
858,1712377744.7492287,8277972.50671456,52.09,-3.939975222439855e-08,52.64,ASK
859,1712377744.7564526,8401496.24083172,52.07,-4.866804518048575e-05,52.64,ASK
860,1712377744.7633555,8411997.81807689,52.08,-4.137595414250898e-06,52.64,ASK
861,1712377753.9590874,8424840.20088205,52.07,-5.059867004941534e-06,52.64,ASK
862,1712377753.9688325,8431187.99270748,52.06,-2.501014250940229e-06,52.64,ASK
863,1712377759.2688954,8442360.09504233,52.04,-4.401780638186962e-06,52.64,ASK
864,1712377759.2764006,8450389.22158613,52.06,-3.163455964041118e-06,52.64,ASK
865,1712377769.968876,8459217.11925128,52.04,-3.478169806692013e-06,52.64,ASK
866,1712377769.975351,8469217.11925128,52.01,-3.939975222439855e-06,52.64,ASK
867,1712377769.9807625,8469717.11925128,52.01,-1.9699876112199282e-07,52.64,ASK
868,1712377769.9932432,8470517.11925128,52.03,-3.151980177951884e-07,52.64,ASK
869,1712377769.996362,8470617.11925128,52.02,-3.939975222439855e-08,52.64,ASK
870,1712377769.999503,8615212.97964246,52.0,-5.697041072086254e-05,52.64,ASK
871,1712377770.00263,8630594.63701604,52.01,-6.060334893196141e-06,52.64,ASK
872,1712377770.1151302,8632611.54058884,52.0,7.94655010288833e-07,52.64,BID
873,1712377770.5469074,8632611.54058884,52.0,0.0,52.64,BID
874,1712377787.0986254,8632803.184897,52.18,7.496220416420397e-08,52.64,BID
875,1712377800.4511456,8632803.184897,52.18,0.0,52.64,BID
876,1712377804.5482843,8632994.86593974,52.17,7.518926205562363e-08,52.64,BID
877,1712377830.3817272,8632994.86593974,52.17,0.0,52.64,BID
878,1712377852.9781404,8633107.57439287,52.17,4.421111266466748e-08,52.64,BID
879,1712377856.9380808,8633241.50193743,52.17,5.25345313241828e-08,52.64,BID
880,1712377860.5434022,8633241.50193743,52.17,0.0,52.64,BID
881,1712377861.9981022,8633396.51439669,52.17,6.080501080996675e-08,52.64,BID
882,1712377874.8185954,8633530.61445419,52.17,5.260193590132053e-08,52.64,BID
883,1712377879.6977654,8633680.27901236,52.17,5.8707249216557923e-08,52.64,BID
884,1712377890.5279052,8633680.27901236,52.17,0.0,52.64,BID
885,1712377909.6478083,8645480.27901236,52.03,-4.628613006184084e-06,52.64,ASK
886,1712377909.7876372,8649642.61526565,52.03,1.6326986201774777e-06,52.64,BID
887,1712377909.8675969,8652848.38328665,52.03,1.2574796234579265e-06,52.64,BID
888,1712377909.887681,8652848.38328685,52.03,7.890831058243212e-17,52.64,BID
889,1712377915.1678908,8664048.38328685,52.05,-4.393259802479809e-06,52.64,ASK
890,1712377920.2705002,8672477.3667611,52.04,-3.3063137743915022e-06,52.64,ASK
891,1712377920.377545,8672477.3667611,52.04,-0.0,52.64,ASK
892,1712377925.6175964,8681847.02458501,52.02,-3.672390025952181e-06,52.64,ASK
893,1712377930.7175984,8692338.78612347,52.0,-4.112192905292561e-06,52.64,ASK
894,1712377935.1174097,8701063.01228647,52.0,3.419416348736913e-06,52.64,BID
895,1712377935.157631,8701063.01228678,52.0,1.2191907672744516e-16,52.64,BID
896,1712377942.2276013,8712463.01228678,51.99,-4.468172379680363e-06,52.64,ASK
897,1712377942.2350812,8736786.39245181,51.98,-9.533425915249927e-06,52.64,ASK
898,1712377943.3474598,8736978.11024322,52.16,7.514281932212384e-08,52.64,BID
899,1712377949.4902933,8737170.45492488,51.99,7.538852578687223e-08,52.64,BID
900,1712377950.427116,8737170.45492488,51.99,0.0,52.64,BID
901,1712377953.7874074,8737363.69163986,51.95,-7.563843444104929e-08,52.64,ASK
902,1712377953.797294,8754527.62255492,51.95,-6.7184585672883125e-06,52.64,ASK
903,1712377969.1574204,8755514.44277812,51.99,3.862699527127725e-07,52.64,BID
904,1712377969.1620722,8756427.62255492,52.0,3.574449539142647e-07,52.64,BID
905,1712377969.6771798,8758349.96011739,52.02,7.524584740936042e-07,52.64,BID
906,1712377975.0207088,8770685.96011739,51.86,-4.828666888500595e-06,52.64,ASK
907,1712377975.077202,8770877.6779088,52.16,7.504388386176378e-08,52.64,BID
908,1712377980.5371535,8770877.6779088,52.16,0.0,52.64,BID
909,1712378010.5476315,8770877.6779088,52.16,0.0,52.64,BID
910,1712378037.8467915,8802361.32899417,51.85,-1.23151737986603e-05,52.64,ASK
911,1712378037.8539686,8802458.72532975,51.85,-3.809763984365285e-08,52.64,ASK
912,1712378040.3597586,8802458.72532975,51.85,-0.0,52.64,ASK
913,1712378043.8068082,8802571.5296234,52.17,4.4096386346624944e-08,52.64,BID
914,1712378070.4021738,8802571.5296234,52.17,0.0,52.64,BID
915,1712378100.5064156,8802571.5296234,52.17,0.0,52.64,BID
916,1712378130.5362656,8802571.5296234,52.17,0.0,52.64,BID
917,1712378160.3570805,8802571.5296234,52.17,0.0,52.64,BID
918,1712378190.3652265,8802571.5296234,52.17,0.0,52.64,BID
919,1712378195.4758997,8813971.5296234,52.14,4.486348503128472e-06,52.64,BID
920,1712378195.5558164,8818133.86587669,52.14,-1.6380430718825506e-06,52.64,ASK
921,1712378204.2958815,8820150.76944949,52.14,-7.937309056828178e-07,52.64,ASK
922,1712378204.37592,8852437.27569149,52.14,-1.2706010434215015e-05,52.64,ASK
923,1712378204.383275,8852437.27569167,52.14,-7.037031812304686e-17,52.64,ASK
924,1712378220.4056413,8852437.27569167,52.14,-0.0,52.64,ASK
925,1712378222.56571,8863337.27569167,52.13,4.285194211407618e-06,52.64,BID
926,1712378222.6657944,8872704.40265667,52.13,-3.682564976875547e-06,52.64,ASK
927,1712378222.7057378,8872704.40265753,52.13,-3.375787205001138e-16,52.64,ASK
928,1712378238.793024,8874046.94197475,52.14,5.278019918110281e-07,52.64,BID
929,1712378250.3648643,8874046.94197475,52.14,0.0,52.64,BID
930,1712378280.5380108,8874046.94197475,52.14,0.0,52.64,BID
931,1712378310.55551,8874046.94197475,52.14,0.0,52.64,BID
932,1712378340.3649318,8874046.94197475,52.14,0.0,52.64,BID
933,1712378343.7552736,8877546.94197475,51.86,-1.3753706700286552e-06,52.64,ASK
934,1712378370.4498184,8877546.94197475,51.86,-0.0,52.64,ASK
935,1712378400.366066,8877546.94197475,51.86,-0.0,52.64,ASK
936,1712378418.1047888,8877738.73330578,52.14,7.56543020762047e-08,52.64,BID
937,1712378430.4010108,8877738.73330578,52.14,0.0,52.64,BID
938,1712378450.4394648,8878026.42030232,52.14,1.1348100547319118e-07,52.64,BID
939,1712378460.544651,8878026.42030232,52.14,0.0,52.64,BID
940,1712378475.8746088,8889026.42030232,52.11,4.339034051760139e-06,52.64,BID
941,1712378475.882378,8889203.00515134,52.12,6.965524299315689e-08,52.64,BID
942,1712378475.9744992,8912549.11675134,52.13,-9.20905210987146e-06,52.64,ASK
943,1712378490.544439,8912549.11675134,52.13,-0.0,52.64,ASK
944,1712378497.4845202,8912740.87130551,52.14,7.55853981801525e-08,52.64,BID
945,1712378520.410606,8912740.87130551,52.14,0.0,52.64,BID
946,1712378525.454378,8924140.87130551,52.04,-4.493609797779572e-06,52.64,ASK
947,1712378525.4621575,8924140.87130607,52.13,-2.202631708518637e-16,52.64,ASK
948,1712378535.554382,8934940.87130607,51.89,-4.2571040189490685e-06,52.64,ASK
949,1712378535.674357,8943320.00440907,51.89,3.302855667415785e-06,52.64,BID
950,1712378535.6820252,8943320.00440926,51.89,7.488947808963368e-17,52.64,BID
951,1712378542.094363,8954920.00440926,51.89,-4.57244505738974e-06,52.64,ASK
952,1712378542.184239,8962502.81660953,51.89,2.988964841917405e-06,52.64,BID
953,1712378550.4013636,8962502.81660953,51.89,0.0,52.64,BID
954,1712378554.4342544,9020317.42443378,51.88,-2.2765961060590352e-05,52.64,ASK
955,1712378575.1541245,9169834.90640292,51.9,-5.887628231837833e-05,52.64,ASK
956,1712378580.5340052,9169834.90640292,51.9,-0.0,52.64,ASK
957,1712378585.4342835,9177614.03950555,51.9,-3.050306534103848e-06,52.64,ASK
958,1712378610.5044546,9177614.03950555,51.9,-0.0,52.64,ASK
959,1712378640.377455,9177614.03950555,51.9,-0.0,52.64,ASK
960,1712378670.3669388,9177614.03950555,51.9,-0.0,52.64,ASK
961,1712378700.5342128,9177614.03950555,51.9,-0.0,52.64,ASK
962,1712378730.363757,9177614.03950555,51.9,-0.0,52.64,ASK
963,1712378760.5198162,9177614.03950555,51.9,-0.0,52.64,ASK
964,1712378790.5436077,9177614.03950555,51.9,-0.0,52.64,ASK
965,1712378797.9344847,9180674.03950555,51.9,-1.2067859618424052e-06,52.64,ASK
966,1712378820.3730235,9180674.03950555,51.9,-0.0,52.64,ASK
967,1712378824.87309,9186242.99906101,52.02,-2.1961180776708127e-06,52.64,ASK
968,1712378835.4531004,9238319.61118337,52.02,-2.0536401488790023e-05,52.64,ASK
969,1712378847.553235,9245791.27194528,51.9,-2.946447914739342e-06,52.64,ASK
970,1712378850.385725,9245791.27194528,51.9,-0.0,52.64,ASK
971,1712378867.6128514,9245904.46679044,51.99,4.4578830835466193e-08,52.64,BID
972,1712378880.5129652,9245904.46679044,51.99,0.0,52.64,BID
973,1712378910.5681088,9245904.46679044,51.99,0.0,52.64,BID
974,1712378940.3833969,9245904.46679044,51.99,0.0,52.64,BID
975,1712378952.0927155,9248330.47634754,51.9,-9.554182334656466e-07,52.64,ASK
976,1712378970.4060369,9248330.47634754,51.9,-0.0,52.64,ASK
977,1712379000.4042034,9248330.47634754,51.9,-0.0,52.64,ASK
978,1712379010.7323823,9250253.92316423,51.99,7.579535836350032e-07,52.64,BID
979,1712379030.3926067,9250253.92316423,51.99,0.0,52.64,BID
980,1712379048.7231922,9255908.11018917,51.99,2.2280015276406413e-06,52.64,BID
981,1712379056.8738148,9256196.51626492,52.01,1.1364483957049025e-07,52.64,BID
982,1712379060.5133605,9256196.51626492,52.01,0.0,52.64,BID
983,1712379090.524622,9256196.51626492,52.01,0.0,52.64,BID
984,1712379097.364498,9278913.14874622,52.0,-8.950275359273674e-06,52.64,ASK
985,1712379115.375697,9325469.38675043,52.01,1.8342998249082413e-05,52.64,BID
986,1712379115.383651,9327392.83356712,52.01,7.578314551008745e-07,52.64,BID
987,1712379120.3913016,9327392.83356712,52.01,0.0,52.64,BID
988,1712379121.675184,9336686.49348512,52.02,3.6563361226762495e-06,52.64,BID
989,1712379121.8124902,9340331.00282712,52.02,1.4338324485897752e-06,52.64,BID
990,1712379126.575284,9340331.00282782,52.02,2.7553533892027833e-16,52.64,BID
991,1712379126.5830166,9340443.93700482,52.11,4.443086087649668e-08,52.64,BID
992,1712379129.130397,9340556.80620313,52.14,4.4405296789826e-08,52.64,BID
993,1712379150.3783486,9340556.80620313,52.14,0.0,52.64,BID
994,1712379180.526713,9340556.80620313,52.14,0.0,52.64,BID
995,1712379190.047013,9340748.59753416,52.02,7.543472605886332e-08,52.64,BID
996,1712379210.5310905,9340748.59753416,52.02,0.0,52.64,BID
997,1712379213.9042175,9342479.14376561,52.02,6.806499956844229e-07,52.64,BID
998,1712379240.368201,9342479.14376561,52.02,0.0,52.64,BID
999,1712379270.405051,9342479.14376561,52.02,0.0,52.64,BID
1000,1712379300.520429,9342479.14376561,52.02,0.0,52.64,BID
1201,1712379323.81009,9342957.43298693,52.14,1.881606738946958e-07,52.64,BID
1202,1712379330.564757,9342957.43298693,52.14,0.0,52.64,BID
1203,1712379360.3613243,9342957.43298693,52.14,0.0,52.64,BID
1204,1712379390.3608165,9342957.43298693,52.14,0.0,52.64,BID
1205,1712379420.5349984,9342957.43298693,52.14,0.0,52.64,BID
1206,1712379450.5519114,9342957.43298693,52.14,0.0,52.64,BID
1207,1712379453.0320723,9346195.71390413,52.03,-1.2739386854490626e-06,52.64,ASK
1208,1712379453.0347536,9350978.65734662,52.03,-1.8816084328386897e-06,52.64,ASK
1209,1712379453.0918777,9357828.28540362,52.03,2.6946415045109423e-06,52.64,BID
1210,1712379453.3919473,9357828.28540399,52.03,1.4508727413138536e-16,52.64,BID
1211,1712379480.4102628,9357828.28540399,52.03,0.0,52.64,BID
1212,1712379510.4331117,9357828.28540399,52.03,0.0,52.64,BID
1213,1712379540.5530696,9357828.28540399,52.03,0.0,52.64,BID
1214,1712379567.5534852,9359171.85546157,52.1,5.283991974353148e-07,52.64,BID
1215,1712379570.5434446,9359171.85546157,52.1,0.0,52.64,BID
1216,1712379592.5339437,9362289.54112911,52.1,1.2260895848024e-06,52.64,BID
1217,1712379592.5372255,9373989.54112911,52.12,4.601249026334047e-06,52.64,BID
1218,1712379592.5404675,9386789.54112911,52.14,5.033845088638958e-06,52.64,BID
1219,1712379592.5429487,9425177.25706001,52.15,1.5096704320533317e-05,52.64,BID
1220,1712379592.5443904,9434572.32644124,52.14,3.6947909267284976e-06,52.64,BID
1221,1712379592.545839,9702740.27389717,52.15,0.0001054621800962,52.64,BID
1222,1712379592.693688,9714740.27389717,52.16,4.719229770599022e-06,52.64,BID
1223,1712379600.4833071,9714740.27389717,52.16,0.0,52.64,BID
1224,1712379630.3702145,9714740.27389717,52.16,0.0,52.64,BID
1225,1712379635.594175,9714914.77054146,52.15,6.836809300319506e-08,52.64,BID
1226,1712379660.5343978,9714914.77054146,52.15,0.0,52.64,BID
1227,1712379690.574756,9714914.77054146,52.15,0.0,52.64,BID
1228,1712379720.4054632,9714914.77054146,52.15,0.0,52.64,BID
1229,1712379750.5777223,9714914.77054146,52.15,0.0,52.64,BID
1230,1712379780.5554934,9714914.77054146,52.15,0.0,52.64,BID
1231,1712379810.5456617,9714914.77054146,52.15,0.0,52.64,BID
1232,1712379840.380706,9714914.77054146,52.15,0.0,52.64,BID
1233,1712379870.3753562,9714914.77054146,52.15,0.0,52.64,BID
1234,1712379900.5365896,9714914.77054146,52.15,0.0,52.64,BID
1235,1712379930.5758376,9714914.77054146,52.15,0.0,52.64,BID
1236,1712379960.3784602,9714914.77054146,52.15,0.0,52.64,BID
1237,1712379990.3803256,9714914.77054146,52.15,0.0,52.64,BID
1238,1712379992.274175,9715012.77054146,52.15,3.920054343170929e-08,52.64,BID
1239,1712380020.4575863,9715012.77054146,52.15,0.0,52.64,BID
1240,1712380050.3871486,9715012.77054146,52.15,0.0,52.64,BID
1241,1712380080.8677857,9715012.77054146,52.15,0.0,52.64,BID
1242,1712380090.0974529,9724265.12456684,52.15,3.700985350549738e-06,52.64,BID
1243,1712380090.10016,9725995.67079829,52.15,6.922266737176526e-07,52.64,BID
1244,1712380110.54757,9725995.67079829,52.15,0.0,52.64,BID
1245,1712380140.3477151,9725995.67079829,52.15,0.0,52.64,BID
1246,1712380158.5975208,9728385.79773286,52.16,9.558430837330877e-07,52.64,BID
1247,1712380158.5996478,9768646.40762829,52.18,1.610074551222832e-05,52.64,BID
1248,1712380170.4048443,9768646.40762829,52.18,0.0,52.64,BID
1249,1712380200.43135,9768646.40762829,52.18,0.0,52.64,BID
1250,1712380230.3910413,9768646.40762829,52.18,0.0,52.64,BID
1251,1712380242.944445,9784218.30700526,52.19,6.242197933071057e-06,52.64,BID
1252,1712380242.9468472,9784218.30700619,52.18,3.725860738072401e-16,52.64,BID
1253,1712380242.949142,9785223.25215576,52.19,4.0284530381551553e-07,52.64,BID
1254,1712380242.9514704,9786278.17326229,52.18,4.228788146727813e-07,52.64,BID
1255,1712380260.550217,9786278.17326229,52.18,0.0,52.64,BID
1256,1712380290.5384405,9786278.17326229,52.18,0.0,52.64,BID
1257,1712380320.3883493,9786278.17326229,52.18,0.0,52.64,BID
1258,1712380350.415307,9786278.17326229,52.18,0.0,52.64,BID
1259,1712380380.8477042,9786278.17326229,52.18,0.0,52.64,BID
1260,1712380407.9889543,9786278.17326333,52.19,4.164857077004533e-16,52.64,BID
1261,1712380410.5486429,9786278.17326333,52.19,0.0,52.64,BID
1262,1712380418.628608,9786574.33916371,52.2,1.1867816745644617e-07,52.64,BID
1263,1712380422.5187068,9803449.33916371,52.2,6.762068399035371e-06,52.64,BID
1264,1712380422.5285826,9847431.27195109,52.2,1.762422742696578e-05,52.64,BID
1265,1712380422.6186297,9853175.09733715,52.23,2.3016379337862867e-06,52.64,BID
1266,1712380422.6286492,9858164.47590309,52.22,1.999319652241428e-06,52.64,BID
1267,1712380440.3878503,9858164.47590309,52.22,0.0,52.64,BID
1268,1712380470.3790853,9858164.47590309,52.22,0.0,52.64,BID
1269,1712380471.9326477,9858164.47590474,52.23,6.603087210855514e-16,52.64,BID
1270,1712380471.9388244,9858454.38214113,52.26,1.1599539377350081e-07,52.64,BID
1271,1712380500.4511838,9858454.38214113,52.26,0.0,52.64,BID
1272,1712380519.2989974,9858735.19454924,52.27,1.1351307933159161e-07,52.64,BID
1273,1712380530.560676,9858735.19454924,52.27,0.0,52.64,BID
1274,1712380560.538714,9858735.19454924,52.27,0.0,52.64,BID
1275,1712380564.7387354,9859013.50824472,52.28,1.1250235472340505e-07,52.64,BID
1276,1712380574.887362,9859738.03809022,52.28,2.928756831238019e-07,52.64,BID
1277,1712380590.5508678,9859738.03809022,52.28,0.0,52.64,BID
1278,1712380620.379207,9859738.03809022,52.28,0.0,52.64,BID
1279,1712380650.3818004,9859738.03809022,52.28,0.0,52.64,BID
1280,1712380651.5389488,9860462.56793609,52.28,2.928694764428441e-07,52.64,BID
1281,1712380651.5420318,9860963.98970658,52.28,2.0268472339268058e-07,52.64,BID
1282,1712380653.428989,9862738.03809022,52.28,-7.171058918578236e-07,52.64,ASK
1283,1712380662.7490537,9862973.8655577,52.28,9.53261861129749e-08,52.64,BID
1284,1712380680.5393438,9862973.8655577,52.28,0.0,52.64,BID
1285,1712380710.5591135,9862973.8655577,52.28,0.0,52.64,BID
1286,1712380727.3615005,9862977.1040392,52.27,-1.30896958127813e-09,52.64,ASK
1287,1712380727.3647158,9866520.09899389,52.18,-1.4320516030055575e-06,52.64,ASK
1288,1712380740.3826563,9866520.09899389,52.18,-0.0,52.64,ASK
1289,1712380752.91935,9866793.00042929,52.25,1.1029643436886209e-07,52.64,BID
1290,1712380770.4121315,9866793.00042929,52.25,0.0,52.64,BID
1291,1712380800.404475,9866793.00042929,52.25,0.0,52.64,BID
1292,1712380809.389948,9867080.35675112,52.2,-1.187037954460603e-07,52.64,ASK
1293,1712380830.3697338,9867080.35675112,52.2,-0.0,52.64,ASK
1294,1712380835.8853192,9867348.05368598,52.2,1.1058202964592705e-07,52.64,BID
1295,1712380858.5316536,9874357.29694972,52.2,2.895424808622492e-06,52.64,BID
1296,1712380858.533894,9887057.29694972,52.27,5.246200436462577e-06,52.64,BID
1297,1712380858.5360315,9960714.2297371,52.25,3.042669550690108e-05,52.64,BID
1298,1712380858.5379076,9963042.34304031,52.28,9.617125218454888e-07,52.64,BID
1299,1712380860.5496624,9963042.34304031,52.28,0.0,52.64,BID
1300,1712380890.569922,9963042.34304031,52.28,0.0,52.64,BID
1301,1712380920.392844,9963042.34304031,52.28,0.0,52.64,BID
1302,1712380950.4022143,9963042.34304031,52.28,0.0,52.64,BID
1303,1712380980.539646,9963042.34304031,52.28,0.0,52.64,BID
1304,1712381010.5398078,9963042.34304031,52.28,0.0,52.64,BID
1305,1712381015.3299136,9967690.55471709,52.26,1.9161454520293856e-06,52.64,BID
1306,1712381040.4005065,9967690.55471709,52.26,0.0,52.64,BID
1307,1712381070.363046,9967690.55471709,52.26,0.0,52.64,BID
1308,1712381100.5391915,9967690.55471709,52.26,0.0,52.64,BID
1309,1712381130.5486271,9967690.55471709,52.26,0.0,52.64,BID
1310,1712381143.9784057,9986825.64847904,52.26,7.916966270549316e-06,52.64,BID
1311,1712381160.3842275,9986825.64847904,52.26,0.0,52.64,BID
1312,1712381190.444468,9986825.64847904,52.26,0.0,52.64,BID
1313,1712381220.415409,9986825.64847904,52.26,0.0,52.64,BID
1314,1712381247.666434,9996396.85827995,52.24,3.958360899335815e-06,52.64,BID
1315,1712381250.4146922,9996396.85827995,52.24,0.0,52.64,BID
1316,1712381280.5459857,9996396.85827995,52.24,0.0,52.64,BID
1317,1712381302.135566,9996971.130868,52.24,2.374525523860045e-07,52.64,BID
1318,1712381310.5367975,9996971.130868,52.24,0.0,52.64,BID
1319,1712381340.3891888,9996971.130868,52.24,0.0,52.64,BID
1320,1712381370.4323444,9996971.130868,52.24,0.0,52.64,BID
1321,1712381381.57768,9997071.130868,52.24,4.134789155504978e-08,52.64,BID
1322,1712381386.7743108,9997447.14706826,52.24,1.554747707126457e-07,52.64,BID
1323,1712381400.472529,9997447.14706826,52.24,0.0,52.64,BID
1324,1712381430.3487134,9997447.14706826,52.24,0.0,52.64,BID
1325,1712381457.23349,9999125.64847904,52.24,7.131217248900329e-07,52.64,BID
1326,1712381457.2368455,10008825.64847826,52.24,4.121105103903575e-06,52.64,BID
1327,1712381460.5448773,10008825.64847826,52.24,0.0,52.64,BID
1328,1712381490.5327787,10008825.64847826,52.24,0.0,52.64,BID
1329,1712381496.9227228,10008938.2800572,52.25,4.78401426626708e-08,52.64,BID
1330,1712381498.832826,10009033.39866292,52.26,4.040152602296747e-08,52.64,BID
1331,1712381498.8365085,10009050.89008398,52.25,7.429462383428316e-09,52.64,BID
1332,1712381501.1300256,10009163.50011076,52.26,4.78309884063958e-08,52.64,BID
1333,1712381520.6738474,10009163.50011076,52.26,0.0,52.64,BID
1334,1712381550.3805044,10009163.50011076,52.26,0.0,52.64,BID
1335,1712381580.5320473,10009163.50011076,52.26,0.0,52.64,BID
1336,1712381610.5615857,10009163.50011076,52.26,0.0,52.64,BID
1337,1712381640.359239,10009163.50011076,52.26,0.0,52.64,BID
1338,1712381670.4106936,10009163.50011076,52.26,0.0,52.64,BID
1339,1712381700.5408244,10009163.50011076,52.26,0.0,52.64,BID
1340,1712381730.5528116,10009163.50011076,52.26,0.0,52.64,BID
1341,1712381735.880356,10009259.19471466,52.26,4.1019944415700214e-08,52.64,BID
1342,1712381760.3854814,10009259.19471466,52.26,0.0,52.64,BID
1343,1712381790.3852358,10009259.19471466,52.26,0.0,52.64,BID
1344,1712381797.9904275,10010024.21576326,52.26,3.279291865999983e-07,52.64,BID
1345,1712381820.5532374,10010024.21576326,52.26,0.0,52.64,BID
1346,1712381835.8680208,10010311.57208509,52.2,-1.23174271041233e-07,52.64,ASK
1347,1712381835.870783,10011655.88214635,52.2,-5.762337532521108e-07,52.64,ASK
1348,1712381850.509704,10011655.88214635,52.2,-0.0,52.64,ASK
1349,1712381880.3970602,10011655.88214635,52.2,-0.0,52.64,ASK
1350,1712381884.5493035,10028796.14206063,52.2,-7.346843564574226e-06,52.64,ASK
1351,1712381884.552992,10030856.09351299,52.2,-8.829586684676668e-07,52.64,ASK
1352,1712381910.3951335,10030856.09351299,52.2,-0.0,52.64,ASK
1353,1712381940.5405667,10030856.09351299,52.2,-0.0,52.64,ASK
1354,1712381970.5430696,10030856.09351299,52.2,-0.0,52.64,ASK
1355,1712382000.4091284,10030856.09351299,52.2,-0.0,52.64,ASK
1356,1712382020.7683537,10035584.93009928,52.26,2.0451162756619075e-06,52.64,BID
1357,1712382030.3482375,10035584.93009928,52.26,0.0,52.64,BID
1358,1712382060.548845,10035584.93009928,52.26,0.0,52.64,BID
1359,1712382071.218326,10035682.73009928,52.25,-4.22917970445666e-08,52.64,ASK
1360,1712382073.9082825,10042643.88786712,52.25,3.0102236351334376e-06,52.64,BID
1361,1712382090.5483208,10042643.88786712,52.25,0.0,52.64,BID
1362,1712382120.412895,10042643.88786712,52.25,0.0,52.64,BID
1363,1712382150.3683002,10042643.88786712,52.25,0.0,52.64,BID
1364,1712382163.7379732,10042835.23880473,52.26,8.273297041950291e-08,52.64,BID
1365,1712382180.5578115,10042835.23880473,52.26,0.0,52.64,BID
1366,1712382195.2778726,10043026.62636453,52.25,8.274844670755809e-08,52.64,BID
1367,1712382195.457898,10043164.9390797,52.21,-5.980097323090768e-08,52.64,ASK
1368,1712382210.5459952,10043164.9390797,52.21,-0.0,52.64,ASK
1369,1712382240.350083,10043164.9390797,52.21,-0.0,52.64,ASK
1370,1712382257.1974113,10047286.43483034,52.21,-1.7819592479143957e-06,52.64,ASK
1371,1712382270.4148588,10047286.43483034,52.21,-0.0,52.64,ASK
1372,1712382289.1675415,10047478.00571156,52.2,-8.28193857657621e-08,52.64,ASK
1373,1712382289.1712446,10047577.00571156,52.2,-4.279940217747666e-08,52.64,ASK
1374,1712382298.9674168,10048818.11203339,52.2,5.365516021517566e-07,52.64,BID
1375,1712382300.409903,10048818.11203339,52.2,0.0,52.64,BID
1376,1712382330.5962496,10048818.11203339,52.2,0.0,52.64,BID
1377,1712382331.8471863,10133818.11203339,52.2,3.684718174180914e-05,52.64,BID
1378,1712382350.887128,10134572.55520216,52.2,3.270482888653389e-07,52.64,BID
1379,1712382356.587123,10135326.99837093,52.18,-3.270482888653389e-07,52.64,ASK
1380,1712382360.5392578,10135326.99837093,52.18,-0.0,52.64,ASK
1381,1712382363.437137,10144201.61157821,52.18,-3.839595357896229e-06,52.64,ASK
1382,1712382388.5568776,10147073.57866584,52.26,1.2425546038053049e-06,52.64,BID
1383,1712382390.556819,10147073.57866584,52.26,0.0,52.64,BID
1384,1712382391.7070022,10148023.00766171,52.19,-4.106608656475562e-07,52.64,ASK
1385,1712382396.2670276,10149024.30068595,52.2,-4.330938510303957e-07,52.64,ASK
1386,1712382420.3882082,10149024.30068595,52.2,-0.0,52.64,ASK
1387,1712382450.4111338,10149024.30068595,52.2,-0.0,52.64,ASK
1388,1712382464.6432748,10149260.12815343,52.2,-1.019990410026668e-07,52.64,ASK
1389,1712382480.5384278,10149260.12815343,52.2,-0.0,52.64,ASK
1390,1712382481.9064734,10151176.93858088,52.2,-8.290458550026179e-07,52.64,ASK
1391,1712382510.5384514,10151176.93858088,52.2,-0.0,52.64,ASK
1392,1712382540.348227,10151176.93858088,52.2,-0.0,52.64,ASK
1393,1712382551.5567849,10153761.57310058,52.26,1.1178402293712277e-06,52.64,BID
1394,1712382570.693808,10153761.57310058,52.26,0.0,52.64,BID
1395,1712382600.595856,10153761.57310058,52.26,0.0,52.64,BID
1396,1712382630.3769886,10153761.57310058,52.26,0.0,52.64,BID
1397,1712382652.555943,10155113.90447177,52.26,5.850292143441253e-07,52.64,BID
1398,1712382652.565643,10158351.70053973,52.26,1.400696109104235e-06,52.64,BID
1399,1712382660.5257938,10158351.70053973,52.26,0.0,52.64,BID
1400,1712382670.3459332,10158451.70053973,52.26,4.325629962307725e-08,52.64,BID
1401,1712382686.3056304,10158551.70053973,52.26,4.325629962307725e-08,52.64,BID
1402,1712382690.545961,10158551.70053973,52.26,0.0,52.64,BID
1403,1712382720.3707092,10158551.70053973,52.26,0.0,52.64,BID
1404,1712382750.3670428,10158551.70053973,52.26,0.0,52.64,BID
1405,1712382780.58662,10158551.70053973,52.26,0.0,52.64,BID
1406,1712382810.52706,10158551.70053973,52.26,0.0,52.64,BID
1407,1712382840.415082,10158551.70053973,52.26,0.0,52.64,BID
1408,1712382870.3667498,10158551.70053973,52.26,0.0,52.64,BID
1409,1712382884.7454374,10158743.05147734,52.26,8.277096068375687e-08,52.64,BID
1410,1712382900.5150633,10158743.05147734,52.26,0.0,52.64,BID
1411,1712382930.535013,10158743.05147734,52.26,0.0,52.64,BID
1412,1712382960.3647275,10158743.05147734,52.26,0.0,52.64,BID
1413,1712382990.366873,10158743.05147734,52.26,0.0,52.64,BID
1414,1712383020.5357628,10158743.05147734,52.26,0.0,52.64,BID
1415,1712383043.9249735,10172135.43571002,52.26,5.798817703882092e-06,52.64,BID
1416,1712383050.5349498,10172135.43571002,52.26,0.0,52.64,BID
1417,1712383080.3765254,10172135.43571002,52.26,0.0,52.64,BID
1418,1712383110.3929725,10172135.43571002,52.26,0.0,52.64,BID
1419,1712383140.395425,10172135.43571002,52.26,0.0,52.64,BID
1420,1712383170.3702898,10172135.43571002,52.26,0.0,52.64,BID
1421,1712383200.4718816,10172135.43571002,52.26,0.0,52.64,BID
1422,1712383230.3691432,10172135.43571002,52.26,0.0,52.64,BID
1423,1712383260.5507078,10172135.43571002,52.26,0.0,52.64,BID
1424,1712383275.5588434,10172747.94061006,52.2,-2.658031947356187e-07,52.64,ASK
1425,1712383290.539186,10172747.94061006,52.2,-0.0,52.64,ASK
1426,1712383320.3657146,10172747.94061006,52.2,-0.0,52.64,ASK
1427,1712383350.37176,10172747.94061006,52.2,-0.0,52.64,ASK
1428,1712383358.140381,10173054.19306008,52.2,-1.3289975339305972e-07,52.64,ASK
1429,1712383380.5514746,10173054.19306008,52.2,-0.0,52.64,ASK
1430,1712383410.551238,10173054.19306008,52.2,-0.0,52.64,ASK
1431,1712383440.4011986,10173054.19306008,52.2,-0.0,52.64,ASK
1432,1712383470.4143136,10173054.19306008,52.2,-0.0,52.64,ASK
1433,1712383497.1325133,10173255.38102712,52.21,-8.730589980483738e-08,52.64,ASK
1434,1712383500.5525358,10173255.38102712,52.21,-0.0,52.64,ASK
1435,1712383530.5434215,10173255.38102712,52.21,-0.0,52.64,ASK
1436,1712383559.7029517,10176221.96101021,52.25,1.2877044824483042e-06,52.64,BID
1437,1712383560.3528306,10176221.96101021,52.25,0.0,52.64,BID
1438,1712383590.4232738,10176221.96101021,52.25,0.0,52.64,BID
1439,1712383620.5435507,10176221.96101021,52.25,0.0,52.64,BID
1440,1712383650.534119,10176221.96101021,52.25,0.0,52.64,BID
1441,1712383680.3982909,10176221.96101021,52.25,0.0,52.64,BID
1442,1712383710.3862712,10176221.96101021,52.25,0.0,52.64,BID
1443,1712383740.5447366,10176221.96101021,52.25,0.0,52.64,BID
1444,1712383770.5250552,10176221.96101021,52.25,0.0,52.64,BID
1445,1712383786.6652515,10176670.07449628,52.25,1.944997020079465e-07,52.64,BID
1446,1712383788.3593416,10178583.95009436,52.25,8.307008047703027e-07,52.64,BID
1447,1712383800.407427,10178583.95009436,52.25,0.0,52.64,BID
1448,1712383830.3755994,10178583.95009436,52.25,0.0,52.64,BID
1449,1712383849.3557987,10179461.08045714,52.21,-3.807175933065389e-07,52.64,ASK
1450,1712383849.3601012,10179541.62103863,52.21,-3.4958562204547414e-08,52.64,ASK
1451,1712383860.5557208,10179541.62103863,52.21,-0.0,52.64,ASK
1452,1712383869.9775038,10186541.62103863,52.21,-3.038277353004421e-06,52.64,ASK
1453,1712383869.980811,10191057.90098959,52.21,-1.9602444421183563e-06,52.64,ASK
1454,1712383869.9840422,10192135.12525812,52.21,-4.675580141685897e-07,52.64,ASK
1455,1712383890.3429484,10213484.48973588,52.25,9.266470084831224e-06,52.64,BID
1456,1712383890.3449066,10303617.74371621,52.21,3.912140347443285e-05,52.64,BID
1457,1712383890.3467648,10415332.31903102,52.25,4.848855202564221e-05,52.64,BID
1458,1712383890.419241,10427332.31903102,52.26,5.208475462293293e-06,52.64,BID
1459,1712383890.525783,10427332.31903102,52.26,0.0,52.64,BID
1460,1712383920.390166,10427332.31903102,52.26,0.0,52.64,BID
1461,1712383922.8863614,10428911.57459987,52.26,6.816302226552612e-07,52.64,BID
1462,1712383922.8907752,10431159.33778341,52.26,9.701680649378527e-07,52.64,BID
1463,1712383950.3861165,10431159.33778341,52.26,0.0,52.64,BID
1464,1712383980.546538,10431159.33778341,52.26,0.0,52.64,BID
1465,1712384010.546666,10431159.33778341,52.26,0.0,52.64,BID
1466,1712384040.40894,10431159.33778341,52.26,0.0,52.64,BID
1467,1712384070.386969,10431159.33778341,52.26,0.0,52.64,BID
1468,1712384100.442388,10431159.33778341,52.26,0.0,52.64,BID
1469,1712384130.3681164,10431159.33778341,52.26,0.0,52.64,BID
1470,1712384160.541999,10431159.33778341,52.26,0.0,52.64,BID
1471,1712384190.725948,10431159.33778341,52.26,0.0,52.64,BID
1472,1712384220.391186,10431159.33778341,52.26,0.0,52.64,BID
1473,1712384250.3785074,10431159.33778341,52.26,0.0,52.64,BID
1474,1712384253.9985142,10489214.34717039,52.2,-2.5069741929787646e-05,52.64,ASK
1475,1712384254.0040011,10490214.34717039,52.2,-4.31827368464945e-07,52.64,ASK
1476,1712384280.5483906,10490214.34717039,52.2,-0.0,52.64,ASK
1477,1712384310.5585866,10490214.34717039,52.2,-0.0,52.64,ASK
1478,1712384315.0705435,10491053.09187764,52.26,3.6171141604893153e-07,52.64,BID
1479,1712384315.0759745,10504127.69820324,52.23,5.638467017963108e-06,52.64,BID
1480,1712384315.0803187,10506079.47776696,52.26,8.417113618808347e-07,52.64,BID
1481,1712384315.082581,10507499.32214733,52.26,6.123125629930287e-07,52.64,BID
1482,1712384315.084875,10539523.36886397,52.25,1.3810475565901426e-05,52.64,BID
1483,1712384315.0871656,10569676.89297364,52.26,1.3003806534107486e-05,52.64,BID
1484,1712384340.3684216,10569676.89297364,52.26,0.0,52.64,BID
1485,1712384370.403505,10569676.89297364,52.26,0.0,52.64,BID
1486,1712384385.438789,10569772.59713074,52.26,4.1198963426499123e-08,52.64,BID
1487,1712384394.1490505,10570093.53311572,52.26,1.381573205174244e-07,52.64,BID
1488,1712384400.4094114,10570093.53311572,52.26,0.0,52.64,BID
1489,1712384430.3784907,10570093.53311572,52.26,0.0,52.64,BID
1490,1712384460.4387293,10570093.53311572,52.26,0.0,52.64,BID
1491,1712384476.679091,10582168.7541796,52.25,5.219828296668022e-06,52.64,BID
1492,1712384476.6841877,10583168.7541796,52.25,4.322760029861254e-07,52.64,BID
1493,1712384490.4031413,10583168.7541796,52.25,0.0,52.64,BID
1494,1712384520.5588322,10583168.7541796,52.25,0.0,52.64,BID
1495,1712384523.0890818,10585180.82842376,52.26,8.695146247878979e-07,52.64,BID
1496,1712384530.3790815,10586919.48455865,52.26,7.513574318395804e-07,52.64,BID
1497,1712384530.383694,10688355.36741847,52.26,4.383535243834836e-05,52.64,BID
1498,1712384550.5504146,10688355.36741847,52.26,0.0,52.64,BID
1499,1712384572.6592338,10688984.42594891,52.27,2.7120237206744386e-07,52.64,BID
1500,1712384572.663869,10704365.86776517,52.27,6.631312198350461e-06,52.64,BID
1501,1712384573.639238,10711327.02553301,52.27,-3.0011237549734686e-06,52.64,ASK
1502,1712384580.366452,10711327.02553301,52.27,-0.0,52.64,ASK
1503,1712384610.4158669,10711327.02553301,52.27,-0.0,52.64,ASK
1504,1712384639.8795185,10720925.24630974,52.27,-4.135884508582341e-06,52.64,ASK
1505,1712384639.885232,10722800.70165779,52.27,-8.081358932004573e-07,52.64,ASK
1506,1712384639.8896756,10831082.83386823,52.26,-4.665889685004109e-05,52.64,ASK
1507,1712384639.8920972,10850221.58984909,52.25,-8.24691223676314e-06,52.64,ASK
1508,1712384639.8946743,10893201.78605265,52.25,-1.8520216589003245e-05,52.64,ASK
1509,1712384640.5221255,10893201.78605265,52.25,-0.0,52.64,ASK
1510,1712384670.5491912,10893201.78605265,52.25,-0.0,52.64,ASK
1511,1712384700.3955512,10893201.78605265,52.25,-0.0,52.64,ASK
1512,1712384730.4002094,10893201.78605265,52.25,-0.0,52.64,ASK
1513,1712384757.4897232,10894815.00898492,52.22,-6.924431223616175e-07,52.64,ASK
1514,1712384760.5194786,10894815.00898492,52.22,-0.0,52.64,ASK
1515,1712384790.5595996,10894815.00898492,52.22,-0.0,52.64,ASK
1516,1712384820.381255,10894815.00898492,52.22,-0.0,52.64,ASK
1517,1712384821.3597157,10902586.23530977,52.27,3.3355201825819813e-06,52.64,BID
1518,1712384840.909816,10904499.3786042,52.27,8.211481436764449e-07,52.64,BID
1519,1712384850.3968928,10904499.3786042,52.27,0.0,52.64,BID
1520,1712384872.929891,10922040.11756497,52.22,-7.527097689663388e-06,52.64,ASK
1521,1712384872.935573,10925568.139378,52.22,-1.5139478956574545e-06,52.64,ASK
1522,1712384880.538267,10925568.139378,52.22,-0.0,52.64,ASK
1523,1712384884.8399825,10925759.82671762,52.21,-8.221822654959104e-08,52.64,ASK
1524,1712384884.8452885,10931315.63273853,52.2,-2.382987415844494e-06,52.64,ASK
1525,1712384884.8495083,10933230.97462705,52.21,-8.2152537367262e-07,52.64,ASK
1526,1712384910.559945,10933230.97462705,52.21,-0.0,52.64,ASK
1527,1712384940.3859282,10933230.97462705,52.21,-0.0,52.64,ASK
1528,1712384970.3662996,10933230.97462705,52.21,-0.0,52.64,ASK
1529,1712385000.500649,10933230.97462705,52.21,-0.0,52.64,ASK
1530,1712385026.6104896,10937060.19211365,52.21,1.6496646742102014e-06,52.64,BID
1531,1712385026.6157124,11034168.99679165,52.21,4.183543117952771e-05,52.64,BID
1532,1712385030.3675842,11034168.99679165,52.21,0.0,52.64,BID
1533,1712385060.5504165,11034168.99679165,52.21,0.0,52.64,BID
1534,1712385090.54053,11034168.99679165,52.21,0.0,52.64,BID
1535,1712385106.6307175,11169526.90442503,52.21,-5.81814295102734e-05,52.64,ASK
1536,1712385106.6354923,11181126.90442503,52.21,-4.986074283500017e-06,52.64,ASK
1537,1712385106.640043,11345035.62355694,52.2,-7.045353873319312e-05,52.64,ASK
1538,1712385120.426105,11345035.62355694,52.2,-0.0,52.64,ASK
1539,1712385150.394149,11345035.62355694,52.2,-0.0,52.64,ASK
1540,1712385180.5504203,11345035.62355694,52.2,-0.0,52.64,ASK
1541,1712385210.5697184,11345035.62355694,52.2,-0.0,52.64,ASK
1542,1712385240.392481,11345035.62355694,52.2,-0.0,52.64,ASK
1543,1712385270.420514,11345035.62355694,52.2,-0.0,52.64,ASK
1544,1712385300.5380297,11345035.62355694,52.2,-0.0,52.64,ASK
1545,1712385308.0294194,11345227.19443817,52.21,-8.190888824392566e-08,52.64,ASK
1546,1712385330.5413947,11345227.19443817,52.21,-0.0,52.64,ASK
1547,1712385360.4134686,11345227.19443817,52.21,-0.0,52.64,ASK
1548,1712385390.386165,11345227.19443817,52.21,-0.0,52.64,ASK
1549,1712385420.517349,11345227.19443817,52.21,-0.0,52.64,ASK
1550,1712385450.548673,11345227.19443817,52.21,-0.0,52.64,ASK
1551,1712385480.3749113,11345227.19443817,52.21,-0.0,52.64,ASK
1552,1712385510.3765812,11345227.19443817,52.21,-0.0,52.64,ASK
1553,1712385529.6134648,11347219.22631068,52.21,-8.517182632810217e-07,52.64,ASK
1554,1712385540.5532436,11347219.22631068,52.21,-0.0,52.64,ASK
1555,1712385570.5529096,11347219.22631068,52.21,-0.0,52.64,ASK
1556,1712385600.4296975,11347219.22631068,52.21,-0.0,52.64,ASK
1557,1712385630.3917768,11347219.22631068,52.21,-0.0,52.64,ASK
1558,1712385660.6527157,11347219.22631068,52.21,-0.0,52.64,ASK
1559,1712385690.5410488,11347219.22631068,52.21,-0.0,52.64,ASK
1560,1712385720.373063,11347219.22631068,52.21,-0.0,52.64,ASK
1561,1712385750.4017627,11347219.22631068,52.21,-0.0,52.64,ASK
1562,1712385780.5301366,11347219.22631068,52.21,-0.0,52.64,ASK
1563,1712385801.8701682,11347393.83780011,52.21,-7.48670091938836e-08,52.64,ASK
1564,1712385807.739872,11347974.54631059,52.21,-2.489865331029418e-07,52.64,ASK
1565,1712385810.5096462,11347974.54631059,52.21,-0.0,52.64,ASK
1566,1712385840.3521912,11347974.54631059,52.21,-0.0,52.64,ASK
1567,1712385870.392013,11347974.54631059,52.21,-0.0,52.64,ASK
1568,1712385900.4378824,11347974.54631059,52.21,-0.0,52.64,ASK
1569,1712385930.4187524,11347974.54631059,52.21,-0.0,52.64,ASK
1570,1712385956.0787144,11350782.74999372,52.21,-1.2047044686184304e-06,52.64,ASK
1571,1712385956.083823,11354037.39541568,52.21,-1.3962256039907754e-06,52.64,ASK
1572,1712385956.0877848,11358842.24526809,52.21,-2.0612550731324387e-06,52.64,ASK
1573,1712385960.5483818,11358842.24526809,52.21,-0.0,52.64,ASK
1574,1712385961.6985388,11359783.42108126,52.21,-4.0366116999610827e-07,52.64,ASK
1575,1712385961.7028863,11359883.42108126,52.21,-4.288902927036148e-08,52.64,ASK
1576,1712385963.1784887,11359994.70709466,52.2,-4.772949086102251e-08,52.64,ASK
1577,1712385974.708191,11361781.16990145,52.2,-7.661965561079432e-07,52.64,ASK
1578,1712385990.5284278,11361781.16990145,52.2,-0.0,52.64,ASK
1579,1712386020.3872175,11361781.16990145,52.2,-0.0,52.64,ASK
1580,1712386050.3581064,11361781.16990145,52.2,-0.0,52.64,ASK
1581,1712386080.5313864,11361781.16990145,52.2,-0.0,52.64,ASK
1582,1712386110.5375147,11361781.16990145,52.2,-0.0,52.64,ASK
1583,1712386140.359699,11361781.16990145,52.2,-0.0,52.64,ASK
1584,1712386158.387225,11363081.16990145,52.26,5.575206949139492e-07,52.64,BID
1585,1712386170.3692458,11363081.16990145,52.26,0.0,52.64,BID
1586,1712386200.4167807,11363081.16990145,52.26,0.0,52.64,BID
1587,1712386230.5168417,11363081.16990145,52.26,0.0,52.64,BID
1588,1712386260.4028788,11363081.16990145,52.26,0.0,52.64,BID
1589,1712386262.8563087,11366908.18865345,52.25,1.641215376931236e-06,52.64,BID
1590,1712386290.347053,11366908.18865345,52.25,0.0,52.64,BID
1591,1712386320.5259104,11366908.18865345,52.25,0.0,52.64,BID
1592,1712386350.5265155,11366908.18865345,52.25,0.0,52.64,BID
1593,1712386380.4336803,11366908.18865345,52.25,0.0,52.64,BID
1594,1712386410.3691568,11366908.18865345,52.25,0.0,52.64,BID
1595,1712386411.5955513,11366908.18865384,52.25,1.6693375337797531e-16,52.64,BID
1596,1712386411.599738,11368792.17257997,52.26,8.078764335129581e-07,52.64,BID
1597,1712386425.1254928,11368892.17257997,52.26,4.2881280583548654e-08,52.64,BID
1598,1712386440.525926,11368892.17257997,52.26,0.0,52.64,BID
1599,1712386470.5354805,11368892.17257997,52.26,0.0,52.64,BID
1600,1712386500.3850482,11368892.17257997,52.26,0.0,52.64,BID
1601,1712386530.367322,11368892.17257997,52.26,0.0,52.64,BID
1602,1712386560.5355062,11368892.17257997,52.26,0.0,52.64,BID
1603,1712386590.5252452,11368892.17257997,52.26,0.0,52.64,BID
1604,1712386598.0143547,11369022.90147389,52.25,-5.6055944197133734e-08,52.64,ASK
1605,1712386615.714689,11370279.45068875,52.22,-5.38802483197449e-07,52.64,ASK
1606,1712386615.8945668,11374182.39973075,52.22,1.6735664713747225e-06,52.64,BID
1607,1712386620.3957963,11374182.39973075,52.22,0.0,52.64,BID
1608,1712386650.3846252,11374182.39973075,52.22,0.0,52.64,BID
1609,1712386673.9442475,11374182.39973174,52.22,4.2485467407107727e-16,52.64,BID
1610,1712386673.94861,11374301.85342382,52.26,5.1215122990187344e-08,52.64,BID
1611,1712386680.5442395,11374301.85342382,52.26,0.0,52.64,BID
1612,1712386689.6185126,11374684.55529905,52.26,1.640809154359358e-07,52.64,BID
1613,1712386707.04454,11376024.01186238,52.26,5.742832040393515e-07,52.64,BID
1614,1712386710.535878,11376024.01186238,52.26,0.0,52.64,BID
1615,1712386740.359204,11376024.01186238,52.26,0.0,52.64,BID
1616,1712386770.3737292,11376024.01186238,52.26,0.0,52.64,BID
1617,1712386772.1439798,11376832.68079332,52.22,-3.466981148318792e-07,52.64,ASK
1618,1712386800.4251635,11376832.68079332,52.22,-0.0,52.64,ASK
1619,1712386806.5337248,11378468.13641059,52.22,-7.013582082808621e-07,52.64,ASK
1620,1712386822.9737642,11388076.12788059,52.22,4.120346410761945e-06,52.64,BID
