,time,acc_trade_volume,trade_price,dev,high,ask_bid
0,1712365207.2205005,14834753.87150185,9.575,0.0,9.605,ASK
1,1712365212.998791,14835432.1284114,9.552,-1.8318243005344013e-07,9.605,ASK
2,1712365213.0000217,14836110.31432159,9.553,-1.8316325467207658e-07,9.605,ASK
3,1712365213.0012147,14836693.31159965,9.552,-1.5745487676689598e-07,9.605,ASK
4,1712365213.002178,14837310.31159965,9.52,-1.6663827194637362e-07,9.605,ASK
5,1712365213.009802,14838885.94185175,9.52,-4.255434399294342e-07,9.605,ASK
6,1712365213.0107388,14915885.94185175,9.551,-2.079602421372896e-05,9.605,ASK
7,1712365213.0116982,14916468.87810214,9.553,-1.5743839452182977e-07,9.605,ASK
8,1712365213.0126114,14917018.87810214,9.54,-1.48543030098064e-07,9.605,ASK
9,1712365213.0135567,15248374.58334108,9.55,-8.949196453904203e-05,9.605,ASK
10,1712365213.014469,15249216.0685625,9.507,-2.2726684467707341e-07,9.605,ASK
11,1712365213.0154111,15323416.0685625,9.552,-2.003980515141154e-05,9.605,ASK
12,1712365213.0163603,15634829.98534542,9.508,-8.41061214793476e-05,9.605,ASK
13,1712365213.01731,15706929.98534542,9.553,-1.947264085467348e-05,9.605,ASK
14,1712365213.0182526,15729924.36248811,9.533,-6.210280829077916e-06,9.605,ASK
15,1712365213.0192518,15730552.04320785,9.529,-1.695229018989375e-07,9.605,ASK
16,1712365213.020215,15731460.34070076,9.533,-2.453113851406408e-07,9.605,ASK
17,1712365213.0211902,15732468.88367769,9.54,-2.723855086857035e-07,9.605,ASK
18,1712365213.0221498,15766766.95851226,9.507,-9.263163568104047e-06,9.605,ASK
19,1712365213.023137,15767316.95851226,9.52,-1.48543030098064e-07,9.605,ASK
20,1712365213.024109,15893539.74172463,9.507,-3.4090026701412105e-05,9.605,ASK
21,1712365230.6686702,15893539.74172463,9.507,-0.0,9.605,ASK
22,1712365238.1888094,15904018.87781163,9.538,-2.8224940417629886e-06,9.605,ASK
23,1712365238.190231,15904685.3557397,9.537,-1.7951193355328517e-07,9.605,ASK
24,1712365238.1986444,15905351.7637917,9.538,-1.7949311284255578e-07,9.605,ASK
25,1712365238.2919788,15906015.72282531,9.52,-1.78833484055964e-07,9.605,ASK
26,1712365238.298401,15906690.71127069,9.52,-1.818041916365245e-07,9.605,ASK
27,1712365238.4285462,15959088.24535669,9.52,1.411296947887701e-05,9.605,BID
28,1712365238.4486842,15959088.24535736,9.52,1.8060932934848608e-16,9.605,BID
29,1712365260.458609,15959088.24535736,9.52,0.0,9.605,BID
30,1712365270.698736,15960417.85317988,9.511,-3.580618915535665e-07,9.605,ASK
31,1712365270.7001247,16124141.84960508,9.511,-4.409068814115512e-05,9.605,ASK
32,1712365270.8391953,16336490.33220608,9.511,5.7185207593473535e-05,9.605,BID
33,1712365270.8437214,16355145.17861755,9.511,5.023729162542514e-06,9.605,BID
34,1712365270.899002,16522441.31587408,9.511,-4.505266165041017e-05,9.605,ASK
35,1712365270.9021127,16526276.57349764,9.51,-1.0328305655466894e-06,9.605,ASK
36,1712365270.94045,16598376.57349764,9.518,1.941644892860669e-05,9.605,BID
37,1712365271.2786036,16613061.68556113,9.519,-3.954684166319233e-06,9.605,ASK
38,1712365271.498625,16624374.32926879,9.514,-3.046482230198652e-06,9.605,ASK
39,1712365272.5385213,16698574.32926879,9.525,1.998197656730397e-05,9.605,BID
40,1712365272.578567,16713352.81393679,9.525,-3.979829303722781e-06,9.605,ASK
41,1712365273.1686218,16811436.02364083,9.511,2.641369808560756e-05,9.605,BID
42,1712365283.448711,16826367.19958461,9.511,-4.02094889259998e-06,9.605,ASK
43,1712365287.1906033,16831181.88544315,9.511,-1.2965894879283128e-06,9.605,ASK
44,1712365287.1921303,16833168.02780463,9.511,-5.348659046689753e-07,9.605,ASK
45,1712365287.193575,16833832.7875565,9.511,-1.7901905370220008e-07,9.605,ASK
46,1712365289.2592058,16938232.91612336,9.511,-2.811483723243317e-05,9.605,ASK
47,1712365289.260704,16939586.01601821,9.51,-3.643882802175615e-07,9.605,ASK
48,1712365289.2622128,16940180.41618644,9.511,-1.6007129694274e-07,9.605,ASK
49,1712365289.2636929,16940797.41618644,9.51,-1.661574062267729e-07,9.605,ASK
50,1712365289.2651577,16942095.49715385,9.51,-3.495717449218788e-07,9.605,ASK
51,1712365289.278569,16942689.95982472,9.51,1.600881288337436e-07,9.605,BID
52,1712365289.946169,16943738.39765235,9.538,2.823431280864465e-07,9.605,BID
53,1712365290.409299,16943738.39765235,9.538,0.0,9.605,BID
54,1712365320.6585517,16943738.39765235,9.538,0.0,9.605,BID
55,1712365350.639042,16943738.39765235,9.538,0.0,9.605,BID
56,1712365380.458671,16943738.39765235,9.538,0.0,9.605,BID
57,1712365386.998656,17016538.39765235,9.533,1.9555628994550687e-05,9.605,BID
58,1712365387.008695,17067149.95342701,9.533,1.3595340763272518e-05,9.605,BID
59,1712365410.4485197,17067149.95342701,9.533,0.0,9.605,BID
60,1712365425.6285846,17278578.82548088,9.504,-5.677635076222663e-05,9.605,ASK
61,1712365425.6293335,17279230.58053139,9.504,-1.7501996297549125e-07,9.605,ASK
62,1712365425.728729,17668004.26940689,9.504,0.000104399891615,9.605,BID
63,1712365440.648539,17668004.26940689,9.504,0.0,9.605,BID
64,1712365470.6186798,17668004.26940689,9.504,0.0,9.605,BID
65,1712365488.608827,17669056.45795907,9.53,2.821183154166135e-07,9.605,BID
66,1712365500.408712,17669056.45795907,9.53,0.0,9.605,BID
67,1712365514.1163836,17670105.7759024,9.529,2.842028276414525e-07,9.605,BID
68,1712365530.6591268,17670105.7759024,9.529,0.0,9.605,BID
69,1712365560.4624314,17670105.7759024,9.529,0.0,9.605,BID
70,1712365590.452634,17670105.7759024,9.529,0.0,9.605,BID
71,1712365594.529514,17672515.2123847,9.529,6.525827669106302e-07,9.605,BID
72,1712365610.2090664,17673175.84264564,9.504,-1.7892811317364889e-07,9.605,ASK
73,1712365610.210384,17676322.80582617,9.503,-8.523378619031366e-07,9.605,ASK
74,1712365610.211668,17681584.85592088,9.502,-1.4251976491835734e-06,9.605,ASK
75,1712365610.2191403,17683681.73157615,9.502,-5.679273668489488e-07,9.605,ASK
76,1712365610.220406,17684353.70779419,9.503,-1.8200110394647786e-07,9.605,ASK
77,1712365610.2217274,17684950.72694402,9.504,-1.616993896938426e-07,9.605,ASK
78,1712365610.2230194,17686003.02621793,9.503,-2.8500953514747986e-07,9.605,ASK
79,1712365610.2244933,17693091.65786842,9.5,1.9199173292471046e-06,9.605,BID
80,1712365610.2260542,18100512.12102631,9.5,0.0001103476165887,9.605,BID
81,1712365610.2273676,18101184.02653978,9.5,1.819819539977224e-07,9.605,BID
82,1712365610.2286556,18191495.18674914,9.5,2.446028656297973e-05,9.605,BID
83,1712365610.2299757,18244770.85022383,9.5,1.4429423699162197e-05,9.605,BID
84,1712365610.230878,18448636.6396975,9.5,5.521594030409886e-05,9.605,BID
85,1712365610.2316504,18449233.72167161,9.5,1.617164053091522e-07,9.605,BID
86,1712365610.2324038,18450286.35325055,9.5,2.850995381562613e-07,9.605,BID
87,1712365615.2491994,18452256.73647998,9.5,5.33667581271645e-07,9.605,BID
88,1712365620.6290452,18452256.73647998,9.5,0.0,9.605,BID
89,1712365626.9189706,18453311.03273722,9.485,-2.849768726268115e-07,9.605,ASK
90,1712365626.9201655,18454147.49715582,9.485,-2.260968038518637e-07,9.605,ASK
91,1712365647.4492362,18523094.66951262,9.5,1.8636459552736447e-05,9.605,BID
92,1712365647.459119,18628223.92600647,9.5,2.8416497290388285e-05,9.605,BID
93,1712365650.6651022,18628223.92600647,9.5,0.0,9.605,BID
94,1712365651.1513228,18643893.11592758,9.5,-4.233477968549513e-06,9.605,ASK
95,1712365651.2692354,18670157.04268536,9.5,7.095947898803224e-06,9.605,BID
96,1712365672.179126,18671211.3389426,9.52,2.84848163805292e-07,9.605,BID
97,1712365680.408927,18671211.3389426,9.52,0.0,9.605,BID
98,1712365682.6490135,18685826.23260647,9.51,3.948194155867387e-06,9.605,BID
99,1712365687.612395,18762826.23260647,9.537,2.080144796080883e-05,9.605,BID
100,1712365687.6138468,18837473.11874612,9.538,2.0165757369744794e-05,9.605,BID
101,1712365697.309321,18838525.75032506,9.536,2.8436702612004057e-07,9.605,BID
102,1712365703.3413167,18869985.48186868,9.536,8.49880478656637e-06,9.605,BID
103,1712365710.4602587,18869985.48186868,9.536,0.0,9.605,BID
104,1712365728.898475,18898363.80786909,9.546,7.66244377630931e-06,9.605,BID
105,1712365740.6291182,18898363.80786909,9.546,0.0,9.605,BID
106,1712365751.3191612,18899411.36705618,9.538,2.828312101918815e-07,9.605,BID
107,1712365770.628862,18899411.36705618,9.538,0.0,9.605,BID
108,1712365772.7890224,18900459.80488381,9.536,2.830676713279836e-07,9.605,BID
109,1712365800.5490618,18900459.80488381,9.536,0.0,9.605,BID
110,1712365808.0695496,18924351.05907844,9.536,6.499104645198308e-06,9.605,BID
111,1712365810.1089883,18928083.85306438,9.513,-1.015426755580238e-06,9.605,ASK
112,1712365813.1091125,18929950.25005735,9.513,-5.077133777901191e-07,9.605,ASK
113,1712365814.8491583,18930557.58633402,9.513,-1.6521284252145928e-07,9.605,ASK
114,1712365814.8594189,18949866.99355093,9.513,-5.2527111853199615e-06,9.605,ASK
115,1712365814.8613286,18950523.64409761,9.512,-1.786277347953917e-07,9.605,ASK
116,1712365814.8632798,18951144.01411758,9.513,-1.687583935809525e-07,9.605,ASK
117,1712365814.8651698,18951745.71828074,9.512,-1.6368074651805742e-07,9.605,ASK
118,1712365814.866994,18957315.03986359,9.513,-1.5150148031090834e-06,9.605,ASK
119,1712365814.8685052,18957922.43998975,9.512,-1.652302114094446e-07,9.605,ASK
120,1712365814.8700314,18960369.2002126,9.513,-6.655887799143095e-07,9.605,ASK
121,1712365814.8717766,18960958.31703609,9.512,-1.602566300160816e-07,9.605,ASK
122,1712365815.279166,18962006.97475421,9.535,2.852649003501081e-07,9.605,BID
123,1712365816.0590825,18971208.69419224,9.535,2.5031309388915373e-06,9.605,BID
124,1712365830.4418168,18971208.69419224,9.535,0.0,9.605,BID
125,1712365838.3791838,18972257.46189019,9.532,2.852425345630444e-07,9.605,BID
126,1712365860.6494117,18972257.46189019,9.532,0.0,9.605,BID
127,1712365890.6401856,18972257.46189019,9.532,0.0,9.605,BID
128,1712365920.4361207,18972257.46189019,9.532,0.0,9.605,BID
129,1712365945.0090427,18973306.22958814,9.531,2.852417590091307e-07,9.605,BID
130,1712365950.429173,18973306.22958814,9.531,0.0,9.605,BID
131,1712365980.6593518,18973306.22958814,9.531,0.0,9.605,BID
132,1712366010.6691573,18973306.22958814,9.531,0.0,9.605,BID
133,1712366040.3891852,18973306.22958814,9.531,0.0,9.605,BID
134,1712366070.4591196,18973306.22958814,9.531,0.0,9.605,BID
135,1712366100.4691317,18973306.22958814,9.531,0.0,9.605,BID
136,1712366130.420322,18973306.22958814,9.531,0.0,9.605,BID
137,1712366138.3092864,18999536.42579,9.531,7.184832329622611e-06,9.605,BID
138,1712366156.8091984,19000255.29833358,9.531,1.969096476537662e-07,9.605,BID
139,1712366160.629035,19000255.29833358,9.531,0.0,9.605,BID
140,1712366190.6391337,19000255.29833358,9.531,0.0,9.605,BID
141,1712366207.8538475,19001056.56819616,9.51,-2.194640315452863e-07,9.605,ASK
142,1712366220.423334,19001056.56819616,9.51,-0.0,9.605,ASK
143,1712366240.8294058,19011544.50103981,9.53,2.872589283609734e-06,9.605,BID
144,1712366241.7892542,19012593.81898314,9.53,2.874026296741744e-07,9.605,BID
145,1712366250.4312377,19012593.81898314,9.53,0.0,9.605,BID
146,1712366280.6590889,19012593.81898314,9.53,0.0,9.605,BID
147,1712366283.8511145,19016056.56819615,9.53,9.484001171230176e-07,9.605,BID
148,1712366290.1792457,19022176.48655649,9.51,-1.6761627633674715e-06,9.605,ASK
149,1712366290.181502,19128400.20428017,9.51,-2.9093237809968374e-05,9.605,ASK
150,1712366290.2790377,19390732.20428017,9.51,7.184918231743506e-05,9.605,BID
151,1712366292.9693837,19391353.56810772,9.51,1.7018313789786117e-07,9.605,BID
152,1712366294.74917,19483086.14556242,9.51,2.5124310728355862e-05,9.605,BID
153,1712366310.6530037,19483086.14556242,9.51,0.0,9.605,BID
154,1712366313.269282,19483743.67842602,9.509,-1.798689192211422e-07,9.605,ASK
155,1712366313.271578,19603113.91671186,9.509,-3.265387471303742e-05,9.605,ASK
156,1712366313.2737832,19627976.03051186,9.509,-6.801061644716494e-06,9.605,ASK
157,1712366324.9292865,19628611.73097463,9.508,-1.7389663926611014e-07,9.605,ASK
158,1712366324.9315894,19645603.33494624,9.508,-4.64807405288037e-06,9.605,ASK
159,1712366325.00939,19699339.8165119,9.507,-1.469968027007445e-05,9.605,ASK
160,1712366325.0117483,19752378.57301301,9.507,-1.4508816725115529e-05,9.605,ASK
161,1712366325.020757,19752967.15826598,9.507,-1.61008215987776e-07,9.605,ASK
162,1712366325.0289917,19754015.98656598,9.507,2.869082645345265e-07,9.605,BID
163,1712366325.0493352,19754730.74366598,9.507,1.9552267909255682e-07,9.605,BID
164,1712366325.0697577,19757876.71682034,9.505,-8.605848049589732e-07,9.605,ASK
165,1712366325.071536,19760220.509561,9.505,-6.411473714537223e-07,9.605,ASK
166,1712366325.0738204,19770742.39508288,9.504,-2.878274656315161e-06,9.605,ASK
167,1712366325.109131,19771268.81613551,9.5,-1.4400312293719194e-07,9.605,ASK
168,1712366325.129103,19778812.81323551,9.5,2.063669635550342e-06,9.605,BID
169,1712366325.1492014,19783953.90763551,9.5,1.40635266240737e-06,9.605,BID
170,1712366325.1511235,19811619.17883551,9.5,7.567868780690935e-06,9.605,BID
171,1712366325.1534288,19827921.21540294,9.5,4.459442045892864e-06,9.605,BID
172,1712366325.1557598,19852214.95723551,9.5,6.645582797716658e-06,9.605,BID
173,1712366325.4913058,19852806.7420483,9.504,1.6188345949038837e-07,9.605,BID
174,1712366325.82923,19853398.58910836,9.504,1.6190048730693314e-07,9.605,BID
175,1712366340.4358344,19853398.58910836,9.504,0.0,9.605,BID
176,1712366363.1692145,19854450.77766055,9.491,-2.875505697364894e-07,9.605,ASK
177,1712366365.4722755,19867333.20342049,9.491,-3.5206131630593777e-06,9.605,ASK
178,1712366365.473415,19950571.39522863,9.491,-2.2748004080121288e-05,9.605,ASK
179,1712366365.6490624,19958950.53242863,9.491,-2.289918162239612e-06,9.605,ASK
180,1712366365.6510649,20015160.80899363,9.491,-1.536159751755089e-05,9.605,ASK
181,1712366365.6521406,20120534.88697044,9.49,-2.879747750023888e-05,9.605,ASK
182,1712366365.6532238,20225908.96494725,9.49,-2.8797477500237866e-05,9.605,ASK
183,1712366365.6545796,20230658.45504725,9.491,-1.2979789424345596e-06,9.605,ASK
184,1712366365.655686,20231320.20109572,9.49,-1.8084729477637125e-07,9.605,ASK
185,1712366365.6567998,20231959.44458956,9.491,-1.7469761524352573e-07,9.605,ASK
186,1712366365.6579216,20232598.75544309,9.49,-1.7471602384252453e-07,9.605,ASK
187,1712366370.4679365,20232598.75544309,9.49,-0.0,9.605,ASK
188,1712366371.909387,20233652.3851976,9.484,-2.8766151724124173e-07,9.605,ASK
189,1712366387.520532,20246141.80444309,9.484,-3.4098555723608766e-06,9.605,ASK
190,1712366387.522334,20285538.83315591,9.484,-1.075615889340517e-05,9.605,ASK
191,1712366387.5234716,20326200.39713562,9.484,-1.1101401737887227e-05,9.605,ASK
192,1712366387.5245745,20329348.0521335,9.484,-8.593713385247497e-07,9.605,ASK
193,1712366387.6611538,20377833.31154972,9.484,1.3237423514101503e-05,9.605,BID
194,1712366397.3476653,20403258.43299389,9.484,6.941555113993076e-06,9.605,BID
195,1712366397.7021558,20456994.91455955,9.492,-1.4671109801351792e-05,9.605,ASK
196,1712366397.703366,20460839.24358137,9.483,-1.0495769642586648e-06,9.605,ASK
197,1712366397.704499,20486264.36502553,9.484,-6.941555113991041e-06,9.605,ASK
198,1712366397.7056413,20502204.03382553,9.492,-4.351841139361412e-06,9.605,ASK
199,1712366397.706793,20532132.31845096,9.487,-8.171006681359754e-06,9.605,ASK
200,1712366397.707975,20563065.64845096,9.492,-8.445403713246157e-06,9.605,ASK
201,1712366397.7093265,20571981.41095445,9.483,-2.434177431055706e-06,9.605,ASK
202,1712366400.4891365,20571981.41095445,9.483,-0.0,9.605,ASK
203,1712366404.1893475,20714197.63566885,9.483,-3.922471666779693e-05,9.605,ASK
204,1712366423.209229,20845328.55777976,9.485,-3.616727470101672e-05,9.605,ASK
205,1712366430.0192623,20861340.20919665,9.503,4.416180302017607e-06,9.605,BID
206,1712366430.045667,20880328.55777976,9.503,5.237184397614049e-06,9.605,BID
207,1712366430.0497684,20881170.04300118,9.504,2.3209039233464485e-07,9.605,BID
208,1712366430.054578,20891306.01490656,9.504,2.7956066682245205e-06,9.605,BID
209,1712366430.2183895,20915468.11783575,9.504,6.664159756728785e-06,9.605,BID
210,1712366430.228649,20986613.2837791,9.504,1.96225780990565e-05,9.605,BID
211,1712366430.442286,20986613.2837791,9.504,0.0,9.605,BID
212,1712366454.728719,20987667.80239136,9.487,-2.905318911221893e-07,9.605,ASK
213,1712366460.6487577,20987667.80239136,9.487,-0.0,9.605,ASK
214,1712366490.6495254,20987667.80239136,9.487,-0.0,9.605,ASK
215,1712366520.4686894,20987667.80239136,9.487,-0.0,9.605,ASK
216,1712366550.418707,20987667.80239136,9.487,-0.0,9.605,ASK
217,1712366580.6188288,20987667.80239136,9.487,-0.0,9.605,ASK
218,1712366610.6386888,20987667.80239136,9.487,-0.0,9.605,ASK
219,1712366623.5190096,20992938.17237133,9.487,-1.452042969144631e-06,9.605,ASK
220,1712366623.521768,21012920.32764388,9.487,-5.505296247156961e-06,9.605,ASK
221,1712366640.428752,21012920.32764388,9.487,-0.0,9.605,ASK
222,1712366648.359,21729391.51246537,9.508,0.000197382401549,9.605,BID
223,1712366648.463039,21784455.85430494,9.509,1.5169810401685898e-05,9.605,BID
224,1712366648.4658,21832740.86593508,9.514,-1.3302156117773706e-05,9.605,ASK
225,1712366648.4685247,21851804.39988524,9.514,-5.251859659970157e-06,9.605,ASK
226,1712366665.5687778,21852858.47388123,9.532,2.903894268832773e-07,9.605,BID
227,1712366669.728862,21853935.67316309,9.532,2.9676026852840015e-07,9.605,BID
228,1712366669.7322557,21858829.81538179,9.532,1.3482992269824208e-06,9.605,BID
229,1712366670.0288224,21978829.81538179,9.542,3.305909391427868e-05,9.605,BID
230,1712366670.2695284,22005059.82986268,9.554,7.226170934138283e-06,9.605,BID
231,1712366670.4289167,22005059.82986268,9.554,0.0,9.605,BID
232,1712366680.4292383,22006110.91247777,9.6,2.8881429259984386e-07,9.605,BID
233,1712366682.1586912,22080659.82986268,9.6,2.048439630674605e-05,9.605,BID
234,1712366682.274862,22131382.44337898,9.6,-1.393745413655222e-05,9.605,ASK
235,1712366692.2986848,22134513.31376094,9.582,8.602940450222794e-07,9.605,BID
236,1712366692.8588288,22135559.99577894,9.582,2.876051056941203e-07,9.605,BID
237,1712366699.838853,22172367.69860649,9.582,1.0113943948609066e-05,9.605,BID
238,1712366699.8418252,22698944.31011832,9.582,0.0001446916249685,9.605,BID
239,1712366700.659009,22698944.31011832,9.582,0.0,9.605,BID
240,1712366707.8488348,22699990.99213632,9.56,-2.873166247940011e-07,9.605,ASK
241,1712366730.659104,22699990.99213632,9.56,-0.0,9.605,ASK
242,1712366760.42689,22699990.99213632,9.56,-0.0,9.605,ASK
243,1712366768.269474,22726221.00661721,9.582,7.200179614306916e-06,9.605,BID
244,1712366768.290104,22828962.24491721,9.582,2.820262909481748e-05,9.605,BID
245,1712366768.349114,22869194.1175617,9.582,-1.1043711373902468e-05,9.605,ASK
246,1712366785.089677,22943394.1175617,9.563,-2.0368014961286183e-05,9.605,ASK
247,1712366785.0926385,23020319.52124294,9.562,-2.111614249437224e-05,9.605,ASK
248,1712366785.095546,23020944.79782979,9.563,-1.7163939185831985e-07,9.605,ASK
249,1712366785.0984526,23021570.26692298,9.561,-1.7169223514776646e-07,9.605,ASK
250,1712366785.0998106,23028196.95374768,9.56,-1.8190358003936244e-06,9.605,ASK
251,1712366785.1011305,23117373.57974775,9.55,-2.447912200224401e-05,9.605,ASK
252,1712366785.102467,23120223.57974775,9.561,-7.823294156289169e-07,9.605,ASK
253,1712366785.1038277,23192323.57974775,9.558,-1.979156170766488e-05,9.605,ASK
254,1712366785.105237,23192948.92172642,9.562,-1.716573420142034e-07,9.605,ASK
255,1712366785.106581,23369194.1175617,9.557,-4.837957932112965e-05,9.605,ASK
256,1712366790.40963,23369194.1175617,9.557,-0.0,9.605,ASK
257,1712366820.665846,23369194.1175617,9.557,-0.0,9.605,ASK
258,1712366850.63896,23369194.1175617,9.557,-0.0,9.605,ASK
259,1712366870.459334,23430816.82957859,9.551,-1.688586410116024e-05,9.605,ASK
260,1712366880.4339435,23430816.82957859,9.551,-0.0,9.605,ASK
261,1712366896.5290372,23435691.82957859,9.551,-1.335632770037168e-06,9.605,ASK
262,1712366897.9890797,23438822.69996055,9.551,-8.577831960785508e-07,9.605,ASK
263,1712366900.0497124,23491147.07698259,9.551,-1.4335621050752874e-05,9.605,ASK
264,1712366900.0522294,23491741.62938548,9.551,-1.628930610873594e-07,9.605,ASK
265,1712366900.0545352,23492340.57818665,9.551,-1.640975684961046e-07,9.605,ASK
266,1712366900.0568469,23494239.95416822,9.551,-5.203833443293243e-07,9.605,ASK
267,1712366900.0591855,23499897.30104289,9.551,-1.5499770004667757e-06,9.605,ASK
268,1712366901.4891362,23732179.30104289,9.55,-6.363968227482532e-05,9.605,ASK
269,1712366901.548935,23855412.61221559,9.55,-3.376296384870717e-05,9.605,ASK
270,1712366910.435918,23855412.61221559,9.55,-0.0,9.605,ASK
271,1712366931.2306418,23856838.1514826,9.55,3.901300596132232e-07,9.605,BID
272,1712366940.4491167,23856838.1514826,9.55,0.0,9.605,BID
273,1712366964.5696297,23858808.53471203,9.511,-5.392365405562695e-07,9.605,ASK
274,1712366970.6191702,23911918.02671203,9.511,-1.4534522172650508e-05,9.605,ASK
275,1712366970.6222596,23913182.99148966,9.511,-3.461840419803494e-07,9.605,ASK
276,1712366970.6246886,23973605.54668437,9.511,-1.6535894717383576e-05,9.605,ASK
277,1712366970.6489234,23973605.54668437,9.511,-0.0,9.605,ASK
278,1712366970.7402332,24422192.84905141,9.511,0.0001227279872615,9.605,BID
279,1712366970.7589242,24465061.0376507,9.522,-1.172821093369562e-05,9.605,ASK
280,1712367000.5219443,24465061.0376507,9.522,-0.0,9.605,ASK
281,1712367030.4801714,24465061.0376507,9.522,-0.0,9.605,ASK
282,1712367030.5830126,24465644.50750997,9.522,-1.600758500649736e-07,9.605,ASK
283,1712367030.584448,24466246.65644391,9.521,-1.6520048282690437e-07,9.605,ASK
284,1712367030.585884,24466848.74214019,9.522,-1.651831334780715e-07,9.605,ASK
285,1712367030.587324,24467432.27328188,9.521,-1.6009266299147334e-07,9.605,ASK
286,1712367030.5887487,24540932.27328188,9.516,-2.016483763964399e-05,9.605,ASK
287,1712367030.5901806,24546183.27097144,9.522,-1.4406192633486291e-06,9.605,ASK
288,1712367048.0238924,24546778.02496639,9.512,-1.6317166998203392e-07,9.605,ASK
289,1712367048.0266445,24550662.154487,9.512,-1.0656168864550802e-06,9.605,ASK
290,1712367048.160144,24551339.82560465,9.511,-1.859201096671136e-07,9.605,ASK
291,1712367048.1618102,24552641.64455113,9.511,-3.571560230193417e-07,9.605,ASK
292,1712367048.1633224,24553236.46107936,9.511,-1.631888260837133e-07,9.605,ASK
293,1712367048.1648138,24554461.07678749,9.511,-3.359751962643019e-07,9.605,ASK
294,1712367048.1663404,24555201.07678749,9.51,-2.030201340590007e-07,9.605,ASK
295,1712367048.167861,24555881.50891871,9.511,-1.8667759797062969e-07,9.605,ASK
296,1712367056.71927,24569207.1997786,9.488,-3.655923709194551e-06,9.605,ASK
297,1712367056.7218444,24602957.66986828,9.487,-9.259493192109006e-06,9.605,ASK
298,1712367056.7243638,24603605.55140285,9.488,-1.7774729189532765e-07,9.605,ASK
299,1712367056.7269528,24608974.39824589,9.487,-1.472951359211519e-06,9.605,ASK
300,1712367056.7294457,24679035.13866917,9.487,-1.922127150406393e-05,9.605,ASK
301,1712367056.8190966,24700866.46479423,9.487,5.9894577791828366e-06,9.605,BID
302,1712367056.8223755,24753868.48273242,9.487,1.454118484757937e-05,9.605,BID
303,1712367056.8392005,25285675.82850567,9.487,0.0001459021603141,9.605,BID
304,1712367056.84245,25317994.44930567,9.487,8.866663145159385e-06,9.605,BID
305,1712367056.8789313,25395694.44930567,9.496,-2.131711407619508e-05,9.605,ASK
306,1712367056.9390206,25422331.47802001,9.499,7.307909649349723e-06,9.605,BID
307,1712367057.5425851,25470594.44930567,9.499,1.3241020135811296e-05,9.605,BID
308,1712367060.650736,25470594.44930567,9.499,0.0,9.605,BID
309,1712367090.6489382,25470594.44930567,9.499,0.0,9.605,BID
310,1712367120.4372573,25470594.44930567,9.499,0.0,9.605,BID
311,1712367150.4404414,25470594.44930567,9.499,0.0,9.605,BID
312,1712367160.4925048,25471272.53772672,9.5,-1.855487677320716e-07,9.605,ASK
313,1712367160.4951415,25471950.69753302,9.499,-1.855683012393059e-07,9.605,ASK
314,1712367160.4966593,25472595.76069091,9.5,-1.7651189777054173e-07,9.605,ASK
315,1712367160.498178,25473240.89175734,9.499,-1.765304799282554e-07,9.605,ASK
316,1712367160.6518435,25588209.40688163,9.499,3.1459416865209735e-05,9.605,BID
317,1712367160.7490594,25614775.3756578,9.499,7.269380536524831e-06,9.605,BID
318,1712367180.6388052,25614775.3756578,9.499,0.0,9.605,BID
319,1712367210.679279,25614775.3756578,9.499,0.0,9.605,BID
320,1712367237.9089048,25615775.3756578,9.505,-2.735325527262395e-07,9.605,ASK
321,1712367240.4688845,25615775.3756578,9.505,-0.0,9.605,ASK
322,1712367249.468921,25644022.32664036,9.506,-7.726440520811795e-06,9.605,ASK
323,1712367270.4296143,25644022.32664036,9.506,-0.0,9.605,ASK
324,1712367300.657864,25644022.32664036,9.506,-0.0,9.605,ASK
325,1712367330.6689644,25644022.32664036,9.506,-0.0,9.605,ASK
326,1712367360.4259567,25644022.32664036,9.506,-0.0,9.605,ASK
327,1712367390.469627,25644022.32664036,9.506,-0.0,9.605,ASK
328,1712367420.6409352,25644022.32664036,9.506,-0.0,9.605,ASK
329,1712367433.9688518,25645074.18316713,9.51,-2.904142823877869e-07,9.605,ASK
330,1712367450.6490078,25645074.18316713,9.51,-0.0,9.605,ASK
331,1712367478.829037,25659806.02042741,9.51,-4.067402750535561e-06,9.605,ASK
332,1712367480.474876,25659806.02042741,9.51,-0.0,9.605,ASK
333,1712367480.8788657,25664866.74917234,9.51,-1.3971934032005489e-06,9.605,ASK
334,1712367510.432596,25664866.74917234,9.51,-0.0,9.605,ASK
335,1712367540.6695237,25664866.74917234,9.51,-0.0,9.605,ASK
336,1712367570.628737,25664866.74917234,9.51,-0.0,9.605,ASK
337,1712367585.1669962,25671995.37900775,9.511,-1.968084586440903e-06,9.605,ASK
338,1712367600.2921584,25672668.63103172,9.511,-1.8587259568299485e-07,9.605,ASK
339,1712367600.2938244,25679103.02244474,9.511,-1.7764180291967062e-06,9.605,ASK
340,1712367600.2954292,25679124.00884316,9.511,-5.793961562230761e-09,9.605,ASK
341,1712367600.4988012,25679124.00884316,9.511,-0.0,9.605,ASK
342,1712367613.439058,25683033.40166136,9.511,-1.0865365527092738e-06,9.605,ASK
343,1712367613.4411144,25684985.88439406,9.511,-5.426530298361109e-07,9.605,ASK
344,1712367626.3418622,25685623.64067626,9.511,-1.772514414780273e-07,9.605,ASK
345,1712367626.3454616,25686869.41504279,9.511,-3.462377531784576e-07,9.605,ASK
346,1712367626.348986,25690109.63845842,9.511,-9.005544706677877e-07,9.605,ASK
347,1712367626.3512745,25691338.87618316,9.511,-3.416417285267911e-07,9.605,ASK
348,1712367626.439051,25743915.11172469,9.51,-1.4612499786108014e-05,9.605,ASK
349,1712367626.44255,25744556.2442168,9.51,-1.7818979064079256e-07,9.605,ASK
350,1712367626.445325,25746423.43454277,9.51,-5.189477329036316e-07,9.605,ASK
351,1712367626.4480984,25747672.03075716,9.51,-3.470220286361463e-07,9.605,ASK
352,1712367626.4588485,25747672.03075728,9.51,-3.313180755755929e-17,9.605,ASK
353,1712367626.499032,25756919.92748669,9.509,-2.570265588409417e-06,9.605,ASK
354,1712367626.5025764,25758581.86079897,9.507,-4.619007032370901e-07,9.605,ASK
355,1712367626.5061836,25987486.34396659,9.506,-6.361936484942673e-05,9.605,ASK
356,1712367626.5387545,26050611.01519226,9.505,-1.7544223835779213e-05,9.605,ASK
357,1712367626.6190724,26061662.58871083,9.501,-3.0715610201629365e-06,9.605,ASK
358,1712367626.6591988,26135862.58871083,9.5,-2.062238714813973e-05,9.605,ASK
359,1712367626.6625776,26141126.30068051,9.499,-1.4629421303916502e-06,9.605,ASK
360,1712367626.6654153,26141740.21940024,9.498,-1.7062627379665417e-07,9.605,ASK
361,1712367626.6682186,26220140.21940024,9.497,-2.178969208105329e-05,9.605,ASK
362,1712367626.6710458,26221251.21940024,9.5,-3.087799477302324e-07,9.605,ASK
363,1712367626.673929,26231783.07827333,9.495,-2.9271168607879563e-06,9.605,ASK
364,1712367630.4535513,26231783.07827333,9.495,-0.0,9.605,ASK
365,1712367660.6487875,26231783.07827333,9.495,-0.0,9.605,ASK
366,1712367690.6690168,26231783.07827333,9.495,-0.0,9.605,ASK
367,1712367720.429481,26231783.07827333,9.495,-0.0,9.605,ASK
368,1712367727.7690678,26232834.60298417,9.51,2.9182398677186855e-07,9.605,BID
369,1712367727.77307,26308434.60298417,9.51,2.0980860623140613e-05,9.605,BID
370,1712367727.8290715,26349308.36744262,9.51,-1.1343475598489016e-05,9.605,ASK
371,1712367750.437331,26349308.36744262,9.51,-0.0,9.605,ASK
372,1712367780.488958,26349308.36744262,9.51,-0.0,9.605,ASK
373,1712367792.9088426,26351226.97943,9.51,-5.322969385626521e-07,9.605,ASK
374,1712367792.9118347,26352584.79331013,9.51,-3.767099216947968e-07,9.605,ASK
375,1712367810.4688993,26352584.79331013,9.51,-0.0,9.605,ASK
376,1712367840.4900432,26352584.79331013,9.51,-0.0,9.605,ASK
377,1712367870.4538224,26352584.79331013,9.51,-0.0,9.605,ASK
378,1712367900.4688866,26352584.79331013,9.51,-0.0,9.605,ASK
379,1712367930.448722,26352584.79331013,9.51,-0.0,9.605,ASK
380,1712367949.3188908,26383946.83326806,9.51,8.773740786812304e-06,9.605,BID
381,1712367960.648857,26383946.83326806,9.51,0.0,9.605,BID
382,1712367990.6434407,26383946.83326806,9.51,0.0,9.605,BID
383,1712367997.861525,26394053.384267,9.51,2.827139458698702e-06,9.605,BID
384,1712368020.441368,26394053.384267,9.51,0.0,9.605,BID
385,1712368050.43395,26394053.384267,9.51,0.0,9.605,BID
386,1712368052.29932,26427369.29622993,9.496,-9.319321400908834e-06,9.605,ASK
387,1712368052.3032198,26441441.75831924,9.496,-3.936431254180297e-06,9.605,ASK
388,1712368079.2288718,26442106.77832766,9.496,-1.8602327930824498e-07,9.605,ASK
389,1712368079.2332652,26450992.98304542,9.496,-2.4857010635412976e-06,9.605,ASK
390,1712368079.3551512,26451639.60126554,9.495,-1.8087582365022617e-07,9.605,ASK
391,1712368079.3590026,26452304.69131293,9.495,-1.860428710190371e-07,9.605,ASK
392,1712368079.3609111,26452304.69131324,9.491,-8.649097597147295e-17,9.605,ASK
393,1712368079.3628516,26455553.664457,9.491,-9.088217360914992e-07,9.605,ASK
394,1712368079.3650572,26466089.96200173,9.491,-2.947274662755472e-06,9.605,ASK
395,1712368079.4387126,26571508.47349217,9.486,-2.9488281493778587e-05,9.605,ASK
396,1712368079.4463048,26578749.95079273,9.486,-2.025628308070262e-06,9.605,ASK
397,1712368079.4486656,26578749.9507929,9.486,-4.793475776732236e-17,9.605,ASK
398,1712368079.4889584,26591681.89553029,9.482,-3.61739908187483e-06,9.605,ASK
399,1712368079.4923398,26595900.41483001,9.482,-1.180028847289735e-06,9.605,ASK
400,1712368079.4960675,26695900.41483001,9.485,-2.797258382504504e-05,9.605,ASK
401,1712368079.5004015,26706444.48906029,9.484,-2.9494500026399825e-06,9.605,ASK
402,1712368079.503337,26721796.50934878,9.483,-4.294356744035719e-06,9.605,ASK
403,1712368079.5087938,26727070.21465412,9.481,-1.4751916372225354e-06,9.605,ASK
404,1712368079.5110476,26732759.06604109,9.481,-1.5913187229018742e-06,9.605,ASK
405,1712368079.513109,26733813.80710215,9.481,-2.9503832744263135e-07,9.605,ASK
406,1712368080.02888,26839299.03916966,9.48,-2.9506944963127663e-05,9.605,ASK
407,1712368080.0391018,26839849.03916966,9.48,-1.5384921103774772e-07,9.605,ASK
408,1712368080.0427573,26840539.42116966,9.481,-1.931176836628224e-07,9.605,ASK
409,1712368080.045891,26841077.50937254,9.478,-1.5051717360295994e-07,9.605,ASK
410,1712368080.048981,26875567.87857084,9.48,-9.647847435561968e-06,9.605,ASK
411,1712368080.0511644,26876622.95348115,9.478,-2.9513171370325015e-07,9.605,ASK
412,1712368080.1288185,26877234.96150056,9.477,-1.711944562454808e-07,9.605,ASK
413,1712368080.140607,26927234.96150056,9.476,-1.398629191252252e-05,9.605,ASK
414,1712368080.143721,26927234.96150194,9.478,-3.866042419929695e-16,9.605,ASK
415,1712368080.1468797,26927762.96150194,9.477,-1.4769524259623785e-07,9.605,ASK
416,1712368080.194265,27509636.15682173,9.475,-0.0001627649673162,9.605,ASK
417,1712368080.199055,28475042.73130756,9.475,-0.0002700491633005,9.605,ASK
418,1712368080.2009678,28548542.73130756,9.473,-2.0559849111408106e-05,9.605,ASK
419,1712368080.2912767,28569653.13873842,9.474,-5.905126414406171e-06,9.605,ASK
420,1712368080.3289328,28590768.00360328,9.472,-5.906373273867872e-06,9.605,ASK
421,1712368080.3308246,28671330.82047728,9.471,-2.253550148189751e-05,9.605,ASK
422,1712368080.3346052,28724988.5592084,9.471,-1.500945594518614e-05,9.605,ASK
423,1712368080.3364792,28920189.39521944,9.471,-5.4602717480377136e-05,9.605,ASK
424,1712368080.3383417,28920789.39521944,9.47,-1.6783550295027026e-07,9.605,ASK
425,1712368080.3413942,28962058.50820782,9.47,-1.1544037224526824e-05,9.605,ASK
426,1712368080.4187765,28972619.28548102,9.469,-2.954122275322302e-06,9.605,ASK
427,1712368080.4220598,28979240.35868266,9.467,-1.8520852514457032e-06,9.605,ASK
428,1712368080.6592546,28979240.35868266,9.467,-0.0,9.605,ASK
429,1712368110.619445,28979240.35868266,9.467,-0.0,9.605,ASK
430,1712368137.738944,28979905.19184,9.47,-1.8470529647983106e-07,9.605,ASK
431,1712368137.7431796,28987059.39222312,9.47,-1.98759446373484e-06,9.605,ASK
432,1712368137.7472937,28992732.49608093,9.469,-1.5761132224622754e-06,9.605,ASK
433,1712368140.4389143,28992732.49608093,9.469,-0.0,9.605,ASK
434,1712368146.8788416,28996795.34638934,9.469,-1.1287092501972267e-06,9.605,ASK
435,1712368146.881019,28998700.24236568,9.469,-5.29203279951497e-07,9.605,ASK
436,1712368146.882942,28999377.56309649,9.469,-1.881679402838583e-07,9.605,ASK
437,1712368146.884837,29005083.94396293,9.469,-1.585302036792648e-06,9.605,ASK
438,1712368147.0386147,29031926.12042126,9.468,-7.45708322092244e-06,9.605,ASK
439,1712368156.9420724,29044105.93112556,9.469,3.3836996108730893e-06,9.605,BID
440,1712368156.9440486,29407859.93945242,9.469,0.0001010552894713,9.605,BID
441,1712368170.4355702,29407859.93945242,9.469,0.0,9.605,BID
442,1712368200.0287924,29413963.26167147,9.47,-1.6937275760126723e-06,9.605,ASK
443,1712368200.0322003,29450094.12802808,9.469,-1.0026644915196596e-05,9.605,ASK
444,1712368200.518718,29450094.12802808,9.469,-0.0,9.605,ASK
445,1712368202.5591333,29450620.72097173,9.495,1.4758988307594485e-07,9.605,BID
446,1712368216.0588615,29524994.12802808,9.495,2.0844871895411364e-05,9.605,BID
447,1712368216.1388357,29537229.33341949,9.496,3.4292000204423462e-06,9.605,BID
448,1712368216.1413915,29562563.56521949,9.496,7.100505911199748e-06,9.605,BID
449,1712368216.1489308,29579828.37501949,9.495,-4.838863282234073e-06,9.605,ASK
450,1712368216.1590364,29622427.41661949,9.495,-1.193936919343382e-05,9.605,ASK
451,1712368230.5486298,29622427.41661949,9.495,-0.0,9.605,ASK
452,1712368231.529111,29623065.29971586,9.495,-1.7869957453242593e-07,9.605,ASK
453,1712368231.5346365,29624280.79208026,9.495,-3.405137549518316e-07,9.605,ASK
454,1712368231.5385797,29625524.86159053,9.495,-3.485194911713876e-07,9.605,ASK
455,1712368242.7088978,29695504.12280425,9.475,-1.960431978231172e-05,9.605,ASK
456,1712368242.7133243,29696750.53863538,9.475,-3.491768005464121e-07,9.605,ASK
457,1712368247.0587995,29759728.37504698,9.475,1.764290766717962e-05,9.605,BID
458,1712368247.1392338,29800602.13950543,9.475,1.145056885786712e-05,9.605,BID
459,1712368248.5088618,30131197.17071743,9.475,9.261444887978732e-05,9.605,BID
460,1712368248.5687509,30131197.1707183,9.475,2.4420716595403797e-16,9.605,BID
461,1712368248.6294067,30208897.1707183,9.483,2.176724390435516e-05,9.605,BID
462,1712368260.6391993,30208897.1707183,9.483,0.0,9.605,BID
463,1712368263.4957073,30350276.09342259,9.495,3.954498959794007e-05,9.605,BID
464,1712368267.839047,30611673.16620779,9.495,7.311517393468552e-05,9.605,BID
465,1712368290.6512246,30611673.16620779,9.495,0.0,9.605,BID
466,1712368299.919063,30630096.13570779,9.496,5.1475682156651005e-06,9.605,BID
467,1712368299.9285758,30723475.25147939,9.496,2.609109070895829e-05,9.605,BID
468,1712368320.4489222,30723475.25147939,9.496,0.0,9.605,BID
469,1712368350.428794,30723475.25147939,9.496,0.0,9.605,BID
470,1712368353.4271886,30724001.2350687,9.506,1.469216715924983e-07,9.605,BID
471,1712368370.058804,30751993.6484687,9.506,7.819050351037676e-06,9.605,BID
472,1712368370.0687227,30771029.7225687,9.506,5.317298646139097e-06,9.605,BID
473,1712368370.2490542,30798933.3972687,9.51,7.79426319340923e-06,9.605,BID
474,1712368370.2537694,30829766.23036176,9.51,8.612457631816058e-06,9.605,BID
475,1712368380.6600647,30829766.23036176,9.51,0.0,9.605,BID
476,1712368410.650665,30829766.23036176,9.51,0.0,9.605,BID
477,1712368427.1288126,30830817.34009977,9.509,2.935209758727469e-07,9.605,BID
478,1712368428.5788755,30843413.23857266,9.509,3.5173876504590096e-06,9.605,BID
479,1712368440.3996396,30843413.23857266,9.509,0.0,9.605,BID
480,1712368470.438962,30843413.23857266,9.509,0.0,9.605,BID
481,1712368500.45949,30843413.23857266,9.509,0.0,9.605,BID
482,1712368512.4389417,30844001.49162272,9.508,-1.6545918703595437e-07,9.605,ASK
483,1712368512.4417634,30844589.68281002,9.509,-1.6544178676602078e-07,9.605,ASK
484,1712368512.449002,31113530.96297866,9.506,-7.564568610845805e-05,9.605,ASK
485,1712368512.452598,31123530.96297866,9.509,-2.8127212773369685e-06,9.605,ASK
486,1712368530.4591532,31123530.96297866,9.509,-0.0,9.605,ASK
487,1712368539.22882,31133530.96297866,9.509,-2.8106161808194e-06,9.605,ASK
488,1712368560.640107,31133530.96297866,9.509,-0.0,9.605,ASK
489,1712368581.0985034,31144057.27876813,9.5,-2.95846427987158e-06,9.605,ASK
490,1712368581.1083038,31146613.79666213,9.5,-7.185198526741902e-07,9.605,ASK
491,1712368581.110608,31147267.78087266,9.5,-1.8380494801373265e-07,9.605,ASK
492,1712368581.1984112,31147267.7808734,9.5,-2.0730761104975404e-16,9.605,ASK
493,1712368581.208501,31149180.37904162,9.499,-5.375435694308996e-07,9.605,ASK
494,1712368581.2122607,31149824.56790361,9.499,-1.8105192508112002e-07,9.605,ASK
495,1712368581.215796,31150478.62096183,9.499,-1.838242979386267e-07,9.605,ASK
496,1712368590.6383617,31150478.62096183,9.499,-0.0,9.605,ASK
497,1712368620.4218853,31150478.62096183,9.499,-0.0,9.605,ASK
498,1712368650.4682446,31150478.62096183,9.499,-0.0,9.605,ASK
499,1712368680.628762,31150478.62096183,9.499,-0.0,9.605,ASK
500,1712368710.6284444,31150478.62096183,9.499,-0.0,9.605,ASK
501,1712368740.4486856,31150478.62096183,9.499,-0.0,9.605,ASK
502,1712368770.4185417,31150478.62096183,9.499,-0.0,9.605,ASK
503,1712368788.8086843,31167569.79273116,9.483,-4.803326663646412e-06,9.605,ASK
504,1712368788.813189,31175069.79273116,9.483,-2.107810421869258e-06,9.605,ASK
505,1712368800.568924,31175069.79273116,9.483,-0.0,9.605,ASK
506,1712368830.431523,31175069.79273116,9.483,-0.0,9.605,ASK
507,1712368844.0899284,31180569.79273116,9.483,-1.5518403206503448e-06,9.605,ASK
508,1712368847.239968,31318050.01413796,9.483,-3.8790427431093245e-05,9.605,ASK
509,1712368847.2502267,31319299.84857853,9.483,-3.526442689117267e-07,9.605,ASK
510,1712368847.25387,31319936.08921968,9.483,-1.795170691942152e-07,9.605,ASK
511,1712368847.2575166,31324988.430251,9.483,-1.4255320956507515e-06,9.605,ASK
512,1712368847.2611792,31327493.49563805,9.482,-7.068111769985748e-07,9.605,ASK
513,1712368847.2643695,31328140.37848103,9.483,-1.825197960861445e-07,9.605,ASK
514,1712368847.266528,31358465.7697487,9.482,-8.556393619757415e-06,9.605,ASK
515,1712368860.7119532,31358465.7697487,9.482,-0.0,9.605,ASK
516,1712368890.6616132,31358465.7697487,9.482,-0.0,9.605,ASK
517,1712368920.444803,31358465.7697487,9.482,-0.0,9.605,ASK
518,1712368933.4814093,31361629.65922349,9.482,8.922623997913701e-07,9.605,BID
519,1712368950.4035995,31361629.65922349,9.482,0.0,9.605,BID
520,1712368980.6435215,31361629.65922349,9.482,0.0,9.605,BID
521,1712368992.968196,31382711.71469438,9.482,5.94539297638373e-06,9.605,BID
522,1712368993.0424309,31484389.39643325,9.482,2.8674328065397643e-05,9.605,BID
523,1712368993.0623767,31497600.23652241,9.482,3.725615653875589e-06,9.605,BID
524,1712369010.653776,31497600.23652241,9.482,0.0,9.605,BID
525,1712369040.4132686,31497600.23652241,9.482,0.0,9.605,BID
526,1712369060.1835945,31498711.23652241,9.476,-3.132014733132196e-07,9.605,ASK
527,1712369060.18861,31605520.59279087,9.476,-3.011057402962988e-05,9.605,ASK
528,1712369070.8204234,31605520.59279087,9.476,-0.0,9.605,ASK
529,1712369100.6377678,31605520.59279087,9.476,-0.0,9.605,ASK
530,1712369123.7644534,31606137.76039041,9.469,-1.7422624807320388e-07,9.605,ASK
531,1712369123.7748125,31608113.47271484,9.469,-5.577430600966107e-07,9.605,ASK
532,1712369123.7787542,31608795.27246135,9.468,-1.924718858554001e-07,9.605,ASK
533,1712369123.7825384,31671563.1310025,9.469,-1.771934965709056e-05,9.605,ASK
534,1712369123.786288,31673582.61558214,9.468,-5.700999560187735e-07,9.605,ASK
535,1712369123.7890506,31674253.75509001,9.469,-1.8946250334253105e-07,9.605,ASK
536,1712369123.791232,31935558.56227437,9.465,-7.376627709136938e-05,9.605,ASK
537,1712369123.793394,31937387.18922832,9.468,-5.162208993978641e-07,9.605,ASK
538,1712369123.7955823,31969133.42351584,9.467,-8.961953437805296e-06,9.605,ASK
539,1712369123.797753,31969750.65629995,9.468,-1.7424464966009826e-07,9.605,ASK
540,1712369123.799971,31979825.18888682,9.467,-2.8440378513394264e-06,9.605,ASK
541,1712369123.8023074,31980414.69358637,9.469,-1.6641701881523725e-07,9.605,ASK
542,1712369130.644158,31980414.69358637,9.469,-0.0,9.605,ASK
543,1712369153.7244394,32225904.94370695,9.465,6.923247423101557e-05,9.605,BID
544,1712369160.4244113,32225904.94370695,9.465,0.0,9.605,BID
545,1712369188.7648551,32265881.15973195,9.465,1.1266597879170732e-05,9.605,BID
546,1712369188.7948864,32265881.15973221,9.465,7.349355783145491e-17,9.605,BID
547,1712369190.4925196,32265881.15973221,9.465,0.0,9.605,BID
548,1712369192.3849134,32266420.73491978,9.463,-1.520536224804764e-07,9.605,ASK
549,1712369192.395521,32372095.46809107,9.463,-2.977940119112488e-05,9.605,ASK
550,1712369192.4006307,32372645.46809107,9.46,-1.549913604093985e-07,9.605,ASK
551,1712369192.4057786,32386581.96386274,9.46,-3.927338979983246e-06,9.605,ASK
552,1712369192.4091575,32439436.0864843,9.46,-1.489442248792929e-05,9.605,ASK
553,1712369192.4113884,32440713.62849,9.463,-3.600144971699261e-07,9.605,ASK
554,1712369192.4136293,33154673.59990501,9.459,-0.0002011956859044,9.605,ASK
555,1712369192.4159336,33155951.2769289,9.462,-3.600525456304607e-07,9.605,ASK
556,1712369192.4181852,33647715.12016584,9.46,-0.000138580267388,9.605,ASK
557,1712369200.725131,33804649.32719984,9.46,4.422444771449044e-05,9.605,BID
558,1712369200.7488558,33804649.32720079,9.46,2.687477812496506e-16,9.605,BID
559,1712369200.8452432,33858307.06593103,9.465,-1.512088349507543e-05,9.605,ASK
560,1712369200.864998,33858307.06593104,9.465,-2.0995920410128962e-18,9.605,ASK
561,1712369201.045087,33935307.06593104,9.469,2.169879045731579e-05,9.605,BID
562,1712369220.655273,33935307.06593104,9.469,0.0,9.605,BID
563,1712369250.663059,33935307.06593104,9.469,0.0,9.605,BID
564,1712369252.175785,33950353.46964333,9.482,4.22132633667038e-06,9.605,BID
565,1712369280.4458995,33950353.46964333,9.482,0.0,9.605,BID
566,1712369310.4160223,33950353.46964333,9.482,0.0,9.605,BID
567,1712369340.6569278,33950353.46964333,9.482,0.0,9.605,BID
568,1712369370.677889,33950353.46964333,9.482,0.0,9.605,BID
569,1712369400.5079634,33950353.46964333,9.482,0.0,9.605,BID
570,1712369430.4155738,33950353.46964333,9.482,0.0,9.605,BID
571,1712369448.0872808,34055816.45213647,9.481,2.9740738040369264e-05,9.605,BID
572,1712369460.6384485,34055816.45213647,9.481,0.0,9.605,BID
573,1712369490.6376104,34055816.45213647,9.481,0.0,9.605,BID
574,1712369520.4700398,34055816.45213647,9.481,0.0,9.605,BID
575,1712369550.672647,34055816.45213647,9.481,0.0,9.605,BID
576,1712369580.62843,34055816.45213647,9.481,0.0,9.605,BID
577,1712369609.7585337,34084459.86749184,9.469,-8.075214212898763e-06,9.605,ASK
578,1712369609.7626233,34114643.50212552,9.459,-8.509436195607396e-06,9.605,ASK
579,1712369609.7666595,34274830.13433015,9.459,-4.516016519143154e-05,9.605,ASK
580,1712369609.7752688,34283288.58220496,9.458,-2.384624097729996e-06,9.605,ASK
581,1712369609.7775738,34283885.98397936,9.468,-1.684208129367952e-07,9.605,ASK
582,1712369609.7799108,34486885.98397936,9.458,-5.723020334274328e-05,9.605,ASK
583,1712369609.7822511,34574334.0666829,9.459,-2.465355445840653e-05,9.605,ASK
584,1712369609.7846086,34574931.40536703,9.469,-1.684030263915573e-07,9.605,ASK
585,1712369609.7869685,34671760.40536703,9.459,-2.729824315012064e-05,9.605,ASK
586,1712369609.7893045,36177501.04497085,9.458,-0.000424501689586,9.605,ASK
587,1712369610.658385,36177501.04497085,9.458,-0.0,9.605,ASK
588,1712369640.5500782,36177501.04497085,9.458,-0.0,9.605,ASK
589,1712369657.568801,36193054.5583703,9.478,4.360212562073053e-06,9.605,BID
590,1712369664.8587132,36199383.00473671,9.458,-1.7740924919372573e-06,9.605,ASK
591,1712369664.861448,36316466.11414496,9.458,-3.28226318605558e-05,9.605,ASK
592,1712369670.4393616,36316466.11414496,9.458,-0.0,9.605,ASK
593,1712369688.8989532,36317521.18905527,9.478,2.9566670643846974e-07,9.605,BID
594,1712369700.4802752,36317521.18905527,9.478,0.0,9.605,BID
595,1712369730.4197936,36317521.18905527,9.478,0.0,9.605,BID
596,1712369733.1692626,36327080.71538218,9.458,-2.724410447126904e-06,9.605,ASK
597,1712369733.1735756,36328302.89026059,9.458,-3.483128654173992e-07,9.605,ASK
598,1712369733.1773963,36340429.23453035,9.457,-3.455938912056065e-06,9.605,ASK
599,1712369733.179756,36341071.69065215,9.458,-1.8309632822617414e-07,9.605,ASK
600,1712369733.182114,36342326.73294439,9.458,-3.576798907862832e-07,9.605,ASK
601,1712369760.659762,36342326.73294439,9.458,-0.0,9.605,ASK
602,1712369790.642589,36342326.73294439,9.458,-0.0,9.605,ASK
603,1712369816.5259063,36395091.61264046,9.476,1.5036684243099e-05,9.605,BID
604,1712369820.4632795,36395091.61264046,9.476,0.0,9.605,BID
605,1712369826.5598118,36395680.7181596,9.458,-1.6785656908632964e-07,9.605,ASK
606,1712369826.5653253,36406875.30792487,9.458,-3.1897264060182006e-06,9.605,ASK
607,1712369826.570041,36407170.38154986,9.457,-8.407669714465809e-08,9.605,ASK
608,1712369850.434717,36407170.38154986,9.457,-0.0,9.605,ASK
609,1712369880.629825,36407170.38154986,9.457,-0.0,9.605,ASK
610,1712369910.6698997,36407170.38154986,9.457,-0.0,9.605,ASK
611,1712369918.5101752,36499693.48143856,9.458,-2.6362178050487724e-05,9.605,ASK
612,1712369918.5151985,36509346.73794099,9.458,-2.750457636959053e-06,9.605,ASK
613,1712369921.238336,36519659.91772371,9.459,-2.938486518780207e-06,9.605,ASK
614,1712369925.419844,36524816.50761507,9.459,-1.4692432593901035e-06,9.605,ASK
615,1712369932.5641713,36648825.44550325,9.459,-3.53332919497139e-05,9.605,ASK
616,1712369940.431152,36648825.44550325,9.459,-0.0,9.605,ASK
617,1712369964.1900125,36754704.7092612,9.461,-3.0148053772115843e-05,9.605,ASK
618,1712369970.445856,36754704.7092612,9.461,-0.0,9.605,ASK
619,1712369989.5801406,36757283.00420688,9.462,-7.339341725437632e-07,9.605,ASK
620,1712369994.5223322,36758572.15167972,9.462,-3.669670862708212e-07,9.605,ASK
621,1712370000.463815,36758572.15167972,9.462,-0.0,9.605,ASK
622,1712370030.4301405,36758572.15167972,9.462,-0.0,9.605,ASK
623,1712370060.6714916,36758572.15167972,9.462,-0.0,9.605,ASK
624,1712370076.890741,36759223.49578277,9.471,-1.8551043299292419e-07,9.605,ASK
625,1712370076.895923,36900355.79042522,9.471,-4.019613130091797e-05,9.605,ASK
626,1712370076.9001703,36901670.79676102,9.47,-3.745292136669701e-07,9.605,ASK
627,1712370076.904384,36902294.89285395,9.47,-1.777498804184851e-07,9.605,ASK
628,1712370076.907777,36903554.9730989,9.471,-3.588856193670053e-07,9.605,ASK
629,1712370090.6717198,36903554.9730989,9.471,-0.0,9.605,ASK
630,1712370096.3806937,36919048.3393989,9.474,4.4109672163283255e-06,9.605,BID
631,1712370096.385108,36929979.3834989,9.473,3.112072369020292e-06,9.605,BID
632,1712370096.389416,36956097.22720972,9.474,7.435759933565213e-06,9.605,BID
633,1712370107.606503,36957276.22720972,9.474,-3.356617437006257e-07,9.605,ASK
634,1712370110.340647,37037940.387527,9.474,-2.296511679918984e-05,9.605,ASK
635,1712370110.344637,37038588.61214174,9.474,-1.8454979176895695e-07,9.605,ASK
636,1712370110.420713,37039236.90518513,9.473,-1.8456927342938485e-07,9.605,ASK
637,1712370120.445369,37039236.90518513,9.473,-0.0,9.605,ASK
638,1712370150.4505885,37039236.90518513,9.473,-0.0,9.605,ASK
639,1712370156.284985,37156687.68609626,9.473,3.342604876313736e-05,9.605,BID
640,1712370174.811205,37161965.28795397,9.474,1.5019855609293306e-06,9.605,BID
641,1712370180.48419,37161965.28795397,9.474,0.0,9.605,BID
642,1712370202.260973,37171965.28795397,9.474,2.8450208952121195e-06,9.605,BID
643,1712370210.4388108,37171965.28795397,9.474,0.0,9.605,BID
644,1712370240.6608996,37171965.28795397,9.474,0.0,9.605,BID
645,1712370270.6632023,37171965.28795397,9.474,0.0,9.605,BID
646,1712370271.3116808,37221214.28286997,9.476,1.4011064310005534e-05,9.605,BID
647,1712370271.3178108,37302725.03057186,9.476,2.3189353000111886e-05,9.605,BID
648,1712370278.401331,37659364.57445138,9.472,-0.0001014619606615,9.605,ASK
649,1712370300.4187815,37659364.57445138,9.472,-0.0,9.605,ASK
650,1712370330.4224722,37659364.57445138,9.472,-0.0,9.605,ASK
651,1712370344.4201837,37929209.16773473,9.472,-7.696795905257046e-05,9.605,ASK
652,1712370360.6514368,37929209.16773473,9.472,-0.0,9.605,ASK
653,1712370390.6715944,37929209.16773473,9.472,-0.0,9.605,ASK
654,1712370420.4451654,37929209.16773473,9.472,-0.0,9.605,ASK
655,1712370423.9117887,37929841.94562968,9.482,1.8035618749592346e-07,9.605,BID
656,1712370440.6418583,37949338.88720318,9.482,5.557074730458783e-06,9.605,BID
657,1712370450.4027438,37949338.88720318,9.482,0.0,9.605,BID
658,1712370476.7575276,37972329.92260718,9.474,-6.552614991889594e-06,9.605,ASK
659,1712370479.7218845,37972933.08072413,9.474,-1.7190452061500885e-07,9.605,ASK
660,1712370479.7720127,38073606.46161736,9.474,-2.869265752208373e-05,9.605,ASK
661,1712370479.7776325,38074843.48895679,9.473,-3.525619332614243e-07,9.605,ASK
662,1712370479.7832708,38076112.16322321,9.474,-3.6158154132207524e-07,9.605,ASK
663,1712370479.7858305,38076696.89667618,9.473,-1.6665335522735798e-07,9.605,ASK
664,1712370479.788638,38076696.89667761,9.473,-4.077063416188277e-16,9.605,ASK
665,1712370479.7912583,38077331.89931669,9.473,-1.8098044475129161e-07,9.605,ASK
666,1712370479.7938397,38178374.57841504,9.472,-2.879791023962516e-05,9.605,ASK
667,1712370479.801765,38231307.35027258,9.472,-1.5086231147970094e-05,9.605,ASK
668,1712370479.8218527,38398682.22752248,9.472,-4.770307690197989e-05,9.605,ASK
669,1712370480.6618762,38398682.22752248,9.472,-0.0,9.605,ASK
670,1712370510.665651,38398682.22752248,9.472,-0.0,9.605,ASK
671,1712370540.4520433,38398682.22752248,9.472,-0.0,9.605,ASK
672,1712370570.4543507,38398682.22752248,9.472,-0.0,9.605,ASK
673,1712370600.552142,38398682.22752248,9.472,-0.0,9.605,ASK
674,1712370611.3223677,38418682.22752248,9.465,-5.723823195262349e-06,9.605,ASK
675,1712370630.4759617,38418682.22752248,9.465,-0.0,9.605,ASK
676,1712370655.9823887,38518682.22752248,9.465,-2.8617565591463364e-05,9.605,ASK
677,1712370656.70235,38584967.1465485,9.465,-1.896913017952098e-05,9.605,ASK
678,1712370660.662352,38584967.1465485,9.465,-0.0,9.605,ASK
679,1712370666.262964,38705678.01647427,9.465,-3.452896025449616e-05,9.605,ASK
680,1712370666.2678957,38709430.49824922,9.465,-1.0733854717690268e-06,9.605,ASK
681,1712370666.2724233,38726194.73769397,9.46,-4.795357351336923e-06,9.605,ASK
682,1712370666.2764113,38907328.84816041,9.458,-5.1812835951520216e-05,9.605,ASK
683,1712370666.2789433,39273530.78523075,9.464,-0.0001047508988875,9.605,ASK
684,1712370666.2815342,39293995.75670158,9.464,-5.853939972103083e-06,9.605,ASK
685,1712370666.2841196,39298995.75670158,9.457,-1.4302340905889512e-06,9.605,ASK
686,1712370666.2866952,39325995.75670158,9.458,-7.723264089180336e-06,9.605,ASK
687,1712370666.289332,40329409.60469105,9.457,-0.0002870233384727,9.605,ASK
688,1712370690.6950958,40329409.60469105,9.457,-0.0,9.605,ASK
689,1712370711.7425337,40373187.06042392,9.457,1.2463572579485563e-05,9.605,BID
690,1712370711.7824554,40399691.55885891,9.469,-7.545909975744779e-06,9.605,ASK
691,1712370712.843498,40401109.4945611,9.456,-4.036905352637543e-07,9.605,ASK
692,1712370720.4324455,40401109.4945611,9.456,-0.0,9.605,ASK
693,1712370720.6708083,40646730.7175471,9.456,6.991559347865544e-05,9.605,BID
694,1712370720.6808248,40646730.71754743,9.456,9.543568387039628e-17,9.605,BID
695,1712370730.0227568,40648019.86502028,9.455,-3.669532687369738e-07,9.605,ASK
696,1712370750.4739106,40648019.86502028,9.455,-0.0,9.605,ASK
697,1712370753.3837028,40648625.29111459,9.458,-1.722188805755873e-07,9.605,ASK
698,1712370753.3885374,40649870.10608604,9.458,-3.54098779226213e-07,9.605,ASK
699,1712370753.3931718,40650515.57399341,9.457,-1.836091333023003e-07,9.605,ASK
700,1712370753.3970883,40774361.73636634,9.458,-3.5229151250591286e-05,9.605,ASK
701,1712370753.3996642,40775642.66266432,9.457,-3.643709698200105e-07,9.605,ASK
702,1712370753.4022713,40786252.28165585,9.456,-3.018001244465677e-06,9.605,ASK
703,1712370753.4049428,40904273.85501775,9.455,-3.3572294685071256e-05,9.605,ASK
704,1712370753.4076073,40904879.34513089,9.457,-1.7223709130593924e-07,9.605,ASK
705,1712370753.4102523,40906441.81841327,9.453,-4.444595337906912e-07,9.605,ASK
706,1712370753.4129016,40906991.81841327,9.451,-1.564524311175595e-07,9.605,ASK
707,1712370753.4155788,42266104.22584778,9.455,-0.0003866117096457,9.605,ASK
708,1712370753.4182158,42269361.90407921,9.454,-9.266757801914256e-07,9.605,ASK
709,1712370753.4208972,42270852.4966718,9.45,-4.240124271229596e-07,9.605,ASK
710,1712370753.4235845,42271689.40185955,9.455,-2.3806518406932815e-07,9.605,ASK
711,1712370753.426252,42272619.39487252,9.454,-2.6454485054668245e-07,9.605,ASK
712,1712370753.4289362,42273677.26010049,9.453,-3.009192485662045e-07,9.605,ASK
713,1712370753.431618,42380628.10879662,9.451,-3.0423127797446223e-05,9.605,ASK
714,1712370753.4343276,42756234.95783263,9.45,-0.0001068447357747,9.605,ASK
715,1712370753.4370346,42887550.25173063,9.45,-3.735381267865297e-05,9.605,ASK
716,1712370753.4399583,42902510.02598887,9.45,-4.255441912130361e-06,9.605,ASK
717,1712370769.5727663,42923674.04715289,9.45,-6.020295569699607e-06,9.605,ASK
718,1712370780.6328304,42923674.04715289,9.45,-0.0,9.605,ASK
719,1712370810.68753,42923674.04715289,9.45,-0.0,9.605,ASK
720,1712370827.4697795,42931675.32735772,9.451,-2.2621919109021653e-06,9.605,ASK
721,1712370840.4928868,42931675.32735772,9.451,-0.0,9.605,ASK
722,1712370865.288494,42939198.52921386,9.451,-2.126979944576317e-06,9.605,ASK
723,1712370870.465313,42939198.52921386,9.451,-0.0,9.605,ASK
724,1712370892.8524122,42949198.52921386,9.451,-2.8271701721813925e-06,9.605,ASK
725,1712370900.666265,42949198.52921386,9.451,-0.0,9.605,ASK
726,1712370930.6621635,42949198.52921386,9.451,-0.0,9.605,ASK
727,1712370936.672232,42950271.67685056,9.454,-3.0775399662234965e-07,9.605,ASK
728,1712370960.4434218,42950271.67685056,9.454,-0.0,9.605,ASK
729,1712370985.2121732,43049198.52921386,9.454,-2.8369857573128025e-05,9.605,ASK
730,1712370985.2189531,43051680.28843683,9.454,-7.117092478377134e-07,9.605,ASK
731,1712370985.3320432,43073791.25619482,9.454,6.340897249966093e-06,9.605,BID
732,1712370990.4289267,43073791.25619482,9.454,0.0,9.605,BID
733,1712371020.7066288,43073791.25619482,9.454,0.0,9.605,BID
734,1712371022.591775,43074392.11085951,9.454,-1.7225307666356597e-07,9.605,ASK
735,1712371022.5968535,43076490.18151743,9.454,-6.014751105737472e-07,9.605,ASK
736,1712371022.6019025,43178715.35443792,9.453,-2.930592301730849e-05,9.605,ASK
737,1712371022.6068854,43179337.14838757,9.454,-1.7825595301683641e-07,9.605,ASK
738,1712371022.611487,43183107.01298082,9.453,-1.0807451667628872e-06,9.605,ASK
739,1712371050.6721995,43183107.01298082,9.453,-0.0,9.605,ASK
740,1712371080.421306,43183107.01298082,9.453,-0.0,9.605,ASK
741,1712371110.431726,43183107.01298082,9.453,-0.0,9.605,ASK
742,1712371140.691188,43183107.01298082,9.453,-0.0,9.605,ASK
743,1712371145.3211262,43184900.07278463,9.481,5.138823325652449e-07,9.605,BID
744,1712371153.3309712,43224900.07278463,9.481,1.1463807988384057e-05,9.605,BID
745,1712371170.6509228,43224900.07278463,9.481,0.0,9.605,BID
746,1712371200.541005,43224900.07278463,9.481,0.0,9.605,BID
747,1712371213.6728702,43225584.83373238,9.454,-2.00369910786228e-07,9.605,ASK
748,1712371213.682277,43227498.75376622,9.454,-5.600377587128805e-07,9.605,ASK
749,1712371213.6857414,43228763.45019101,9.454,-3.7006653291383626e-07,9.605,ASK
750,1712371213.6891491,43233358.41609981,9.454,-1.3445464614150113e-06,9.605,ASK
751,1712371230.4206731,43233358.41609981,9.454,-0.0,9.605,ASK
752,1712371251.5408158,43239643.30422105,9.454,-1.838996529751668e-06,9.605,ASK
753,1712371251.5473423,43247348.65116414,9.454,-2.254631429473376e-06,9.605,ASK
754,1712371251.6407206,43247996.87916291,9.454,1.8967545916985285e-07,9.605,BID
755,1712371251.647302,43276094.50795001,9.454,8.221537255230352e-06,9.605,BID
756,1712371251.760923,43276729.50213175,9.453,-1.858031637340804e-07,9.605,ASK
757,1712371251.7659452,43286038.71613787,9.453,-2.7239326972443e-06,9.605,ASK
758,1712371251.7709606,43293232.96074218,9.452,-2.105079773306172e-06,9.605,ASK
759,1712371251.7750208,43373517.38779135,9.451,-2.349171216549737e-05,9.605,ASK
760,1712371251.7778592,43384096.04007104,9.453,-3.0953780650532144e-06,9.605,ASK
761,1712371251.780738,43385206.80758025,9.451,-3.2501733609059775e-07,9.605,ASK
762,1712371251.7836485,43485206.80758025,9.452,-2.926060884897475e-05,9.605,ASK
763,1712371251.7866993,43488381.07485355,9.451,-9.288099306611524e-07,9.605,ASK
764,1712371251.7896185,43489380.65984685,9.452,-2.924846550033892e-07,9.605,ASK
765,1712371251.7925403,43494964.70074162,9.451,-1.6339243641851856e-06,9.605,ASK
766,1712371251.823423,43497105.66566634,9.451,-6.264593722169174e-07,9.605,ASK
767,1712371251.828379,43596642.38248048,9.45,-2.91250493680966e-05,9.605,ASK
768,1712371251.8406882,43597700.58353868,9.45,-3.0963607247605015e-07,9.605,ASK
769,1712371251.845415,43602662.85867095,9.45,-1.4519919164630792e-06,9.605,ASK
770,1712371251.850376,43619267.36065276,9.45,-4.858578376217607e-06,9.605,ASK
771,1712371251.8549826,44374203.65626071,9.45,-0.0002208989565167,9.605,ASK
772,1712371251.8578808,44535881.95830761,9.449,-4.730805555560807e-05,9.605,ASK
773,1712371251.900829,44544395.24154215,9.448,-2.4910385074652942e-06,9.605,ASK
774,1712371251.9073114,44550466.45508914,9.448,-1.776474048368924e-06,9.605,ASK
775,1712371252.0406475,44561056.31000812,9.443,-3.098656025518569e-06,9.605,ASK
776,1712371252.0513651,44562750.19122403,9.446,-4.956399569529901e-07,9.605,ASK
777,1712371252.056424,44583446.54599779,9.437,-6.0558794163459805e-06,9.605,ASK
778,1712371252.061441,44586625.52236739,9.437,-9.301878409091212e-07,9.605,ASK
779,1712371252.0664272,44589497.16514246,9.436,-8.402601599541438e-07,9.605,ASK
780,1712371252.0693274,44671239.50172358,9.432,-2.3918305371013456e-05,9.605,ASK
781,1712371252.0722842,44673121.99054253,9.444,-5.508276899389222e-07,9.605,ASK
782,1712371252.075263,44674647.12947167,9.442,-4.462649364579557e-07,9.605,ASK
783,1712371252.0782244,44676739.00521809,9.443,-6.120955797669706e-07,9.605,ASK
784,1712371252.0812092,44749539.00521809,9.438,-2.1301723242053616e-05,9.605,ASK
785,1712371252.0841973,44762457.27059867,9.44,-3.779963103085117e-06,9.605,ASK
786,1712371252.087222,44835257.27059867,9.442,-2.1301723242053616e-05,9.605,ASK
787,1712371252.0902,44835807.27059867,9.44,-1.609333486693611e-07,9.605,ASK
788,1712371252.0931911,44842321.1524284,9.444,-1.906001483082076e-06,9.605,ASK
789,1712371252.0961742,44844905.35705943,9.437,-7.561540089407631e-07,9.605,ASK
790,1712371252.100701,44868960.73524767,9.432,-7.038750118803958e-06,9.605,ASK
791,1712371252.105585,44873038.55769843,9.43,-1.1931956768716895e-06,9.605,ASK
792,1712371252.1105323,44876230.62503723,9.432,-9.340183382027076e-07,9.605,ASK
793,1712371252.1206925,44916718.81693723,9.427,1.1847091461881272e-05,9.605,BID
794,1712371252.145213,44927328.89651282,9.425,-3.104573883178581e-06,9.605,ASK
795,1712371252.1482944,45054663.36170806,9.424,-3.725883979071265e-05,9.605,ASK
796,1712371252.1515005,45066274.56714099,9.424,-3.397509404380289e-06,9.605,ASK
797,1712371252.154461,45119324.96501897,9.425,-1.5522869415901626e-05,9.605,ASK
798,1712371252.1575017,45144794.94139718,9.43,7.452670161954261e-06,9.605,BID
799,1712371252.1605077,45174659.16326821,9.427,8.738453147470846e-06,9.605,BID
800,1712371252.1635158,45280782.47856057,9.427,3.1052328185261194e-05,9.605,BID
801,1712371252.1665227,45281843.59910386,9.427,3.1049033158927215e-07,9.605,BID
802,1712371252.16955,45285921.42155462,9.423,1.1931956768716895e-06,9.605,BID
803,1712371252.2834754,45326434.70255462,9.423,-1.1854432685296948e-05,9.605,ASK
804,1712371252.2909172,45385883.53885462,9.422,-1.7395091455010474e-05,9.605,ASK
805,1712371252.2945168,45386414.54331416,9.418,-1.553751378758995e-07,9.605,ASK
806,1712371252.2997055,45387476.4526271,9.417,-3.107211303905404e-07,9.605,ASK
807,1712371252.3052092,45388007.2316549,9.422,-1.5530917517615358e-07,9.605,ASK
808,1712371252.308443,45388538.34890213,9.416,-1.5540814024179425e-07,9.605,ASK
809,1712371252.311445,45429051.62990213,9.422,-1.1854432685296948e-05,9.605,ASK
810,1712371252.3144677,45430113.76479326,9.415,-3.107871359420419e-07,9.605,ASK
811,1712371252.3175163,45430644.656513,9.42,-1.5534214952359273e-07,9.605,ASK
812,1712371252.3207345,45431175.88659585,9.414,-1.5544115663217733e-07,9.605,ASK
813,1712371252.3237906,45431706.72196364,9.421,-1.553256605992647e-07,9.605,ASK
814,1712371252.3268394,45433099.40773858,9.42,-4.075083371018881e-07,9.605,ASK
815,1712371252.3299131,45492548.24403858,9.423,-1.7395091455010474e-05,9.605,ASK
816,1712371252.33305,45501673.98987146,9.419,-2.670248792709275e-06,9.605,ASK
817,1712371252.3361473,45502223.98987146,9.42,-1.609333486693611e-07,9.605,ASK
818,1712371252.3392515,45502766.25835064,9.416,-1.5867105860511425e-07,9.605,ASK
819,1712371252.3423152,45564226.6127769,9.414,-1.798367390586069e-05,9.605,ASK
820,1712371260.6707816,45564226.6127769,9.414,-0.0,9.605,ASK
821,1712371279.3908262,45571438.40618022,9.429,2.0967147667958977e-06,9.605,BID
822,1712371279.3969488,45586907.9929869,9.429,4.497537475057866e-06,9.605,BID
823,1712371279.5308192,45780684.97202906,9.43,5.633758909895412e-05,9.605,BID
824,1712371279.537701,45856984.97202888,9.43,2.218301714418277e-05,9.605,BID
825,1712371279.5427928,45856984.9720289,9.429,6.498415089753504e-18,9.605,BID
826,1712371279.8307023,45934684.9720289,9.439,2.259004498174365e-05,9.605,BID
827,1712371290.6841664,45934684.9720289,9.439,0.0,9.605,BID
828,1712371320.4505644,45934684.9720289,9.439,0.0,9.605,BID
829,1712371322.2707005,46128639.99621136,9.442,-5.6332127690222994e-05,9.605,ASK
830,1712371322.2775865,46129239.99515237,9.443,-1.7426316797690277e-07,9.605,ASK
831,1712371322.2809615,46130488.96665962,9.441,-3.627501928578209e-07,9.605,ASK
832,1712371322.284078,46131172.48821911,9.439,-1.985214042823085e-07,9.605,ASK
833,1712371322.2872076,46133661.58269062,9.442,-7.229304226223414e-07,9.605,ASK
834,1712371322.290316,46140862.68403553,9.443,-2.0914815802363064e-06,9.605,ASK
835,1712371322.2934248,46141572.54531066,9.439,-2.0617148826882525e-07,9.605,ASK
836,1712371322.2965205,46142861.23824573,9.441,-3.742868496341073e-07,9.605,ASK
837,1712371322.299679,46143509.60193986,9.442,-1.8831018459586621e-07,9.605,ASK
838,1712371322.3028088,46144569.03620196,9.439,-3.0770116104915746e-07,9.605,ASK
839,1712371323.2206037,46145252.63018374,9.438,-1.9854243854843605e-07,9.605,ASK
840,1712371323.2263985,46206029.39062822,9.431,-1.7651949179391814e-05,9.605,ASK
841,1712371323.3006277,46206818.79443552,9.431,-2.2927375178696226e-07,9.605,ASK
842,1712371323.3078046,46241569.80749104,9.431,-1.0093053856478323e-05,9.605,ASK
843,1712371323.3205984,46242629.24175314,9.429,-3.077011610469935e-07,9.605,ASK
844,1712371323.326136,46243506.54314089,9.429,-2.548026482213284e-07,9.605,ASK
845,1712371323.5406158,46244590.6660715,9.42,-3.148717163495489e-07,9.605,ASK
846,1712371323.5461986,46275204.1591715,9.425,-8.89135617714566e-06,9.605,ASK
847,1712371323.5508618,46350739.6258715,9.426,-2.1938454923871305e-05,9.605,ASK
848,1712371323.5540109,46351714.81889067,9.425,-2.8323420808439185e-07,9.605,ASK
849,1712371332.2506382,46474653.80943067,9.425,3.570629295321552e-05,9.605,BID
850,1712371332.270552,46474653.80943094,9.425,7.790184418046374e-17,9.605,BID
851,1712371332.3305783,46528390.2909966,9.433,1.5607176735636313e-05,9.605,BID
852,1712371332.350448,46550953.80943094,9.433,6.553328571618565e-06,9.605,BID
853,1712371332.4505086,46625853.80943094,9.438,2.175389053097497e-05,9.605,BID
854,1712371340.160649,46633064.83806296,9.43,-2.094364852824837e-06,9.605,ASK
855,1712371340.2208774,46640194.98719688,9.43,2.070874282093942e-06,9.605,BID
856,1712371340.2606037,46640194.98719689,9.43,4.327880232247987e-18,9.605,BID
857,1712371350.4620898,46640194.98719689,9.43,0.0,9.605,BID
858,1712371352.8105323,46680510.74329689,9.429,-1.168668301506277e-05,9.605,ASK
859,1712371352.8158183,46690783.21310963,9.429,-2.9777712263530875e-06,9.605,ASK
860,1712371352.8202963,46766240.65764955,9.43,-2.187351350368797e-05,9.605,ASK
861,1712371356.3306243,46767295.50997022,9.48,3.0577932530419776e-07,9.605,BID
862,1712371364.420347,46768350.36229089,9.48,3.0577932530419776e-07,9.605,BID
863,1712371374.080464,46769405.21461156,9.48,3.0577932530419776e-07,9.605,BID
864,1712371380.640457,46769405.21461156,9.48,0.0,9.605,BID
865,1712371394.4304338,46779953.73781831,9.48,3.056713515662897e-06,9.605,BID
866,1712371410.680466,46779953.73781831,9.48,0.0,9.605,BID
867,1712371414.9804037,46781008.59013898,9.478,3.0566249418623025e-07,9.605,BID
868,1712371420.320341,46782063.66504929,9.478,3.057269935514611e-07,9.605,BID
869,1712371425.840429,46834791.0468743,9.478,1.5278710322491624e-05,9.605,BID
870,1712371430.1807618,46853453.73781831,9.478,5.407851459760082e-06,9.605,BID
871,1712371430.1902015,46881163.83009653,9.478,8.029499252087536e-06,9.605,BID
872,1712371440.5020468,46881163.83009653,9.478,0.0,9.605,BID
873,1712371470.4201908,46881163.83009653,9.478,0.0,9.605,BID
874,1712371500.4622278,46881163.83009653,9.478,0.0,9.605,BID
875,1712371520.0007334,46903313.28690488,9.481,6.4392369822629154e-06,9.605,BID
876,1712371530.4308476,46903313.28690488,9.481,0.0,9.605,BID
877,1712371560.460299,46903313.28690488,9.481,0.0,9.605,BID
878,1712371578.8305442,46956063.83009653,9.481,1.53345752705921e-05,9.605,BID
879,1712371578.8357048,47191461.64853929,9.482,6.843011174935472e-05,9.605,BID
880,1712371578.8403783,47211061.64853929,9.481,5.697717163056374e-06,9.605,BID
881,1712371590.430336,47211061.64853929,9.481,0.0,9.605,BID
882,1712371620.6422756,47211061.64853929,9.481,0.0,9.605,BID
883,1712371623.400298,47261348.59607528,9.451,-1.4606018647022974e-05,9.605,ASK
884,1712371640.7904952,47314096.77626306,9.479,1.5320892222932593e-05,9.605,BID
885,1712371650.6601553,47314096.77626306,9.479,0.0,9.605,BID
886,1712371680.4486697,47314096.77626306,9.479,0.0,9.605,BID
887,1712371710.4416003,47314096.77626306,9.479,0.0,9.605,BID
888,1712371740.54259,47314096.77626306,9.479,0.0,9.605,BID
889,1712371750.0502295,47328992.36829932,9.451,-4.325251259351762e-06,9.605,ASK
890,1712371757.8200672,47380791.55155773,9.453,-1.5040992132195756e-05,9.605,ASK
891,1712371770.4550822,47380791.55155773,9.453,-0.0,9.605,ASK
892,1712371800.4992514,47380791.55155773,9.453,-0.0,9.605,ASK
893,1712371830.4171844,47380791.55155773,9.453,-0.0,9.605,ASK
894,1712371853.3601074,47391338.96216842,9.481,3.117039808812236e-06,9.605,BID
895,1712371860.6515508,47391338.96216842,9.481,0.0,9.605,BID
896,1712371867.1346302,47444076.01522189,9.481,1.558473847367513e-05,9.605,BID
897,1712371890.6500232,47444076.01522189,9.481,0.0,9.605,BID
898,1712371920.4399936,47444076.01522189,9.481,0.0,9.605,BID
899,1712371931.7621472,47457855.11870885,9.481,-4.071368918138412e-06,9.605,ASK
900,1712371931.780171,47458539.00753914,9.471,2.0207147219237805e-07,9.605,BID
901,1712371931.8400989,47459222.9685096,9.471,2.020927877485616e-07,9.605,BID
902,1712371932.2815454,47495959.4440376,9.471,1.0854678954126114e-05,9.605,BID
903,1712371950.4558957,47495959.4440376,9.471,0.0,9.605,BID
904,1712371957.900265,47495959.44403844,9.471,2.4872817659076783e-16,9.605,BID
905,1712371980.6637309,47495959.44403844,9.471,0.0,9.605,BID
906,1712372010.6528456,47495959.44403844,9.471,0.0,9.605,BID
907,1712372022.5501163,47518490.36084584,9.471,-6.656336816679475e-06,9.605,ASK
908,1712372026.150461,47520007.937042,9.471,-4.483394259072323e-07,9.605,ASK
909,1712372026.1582658,47566132.05032561,9.471,-1.3626504239081328e-05,9.605,ASK
910,1712372026.164157,47567498.01312798,9.47,-4.035480921337251e-07,9.605,ASK
911,1712372026.1695652,47568394.85478848,9.467,-2.64955048857802e-07,9.605,ASK
912,1712372026.172875,47569502.06856118,9.468,-3.271055440022094e-07,9.605,ASK
913,1712372026.1762304,47570309.26272978,9.466,-2.384703786612003e-07,9.605,ASK
914,1712372026.1796129,47570963.22024853,9.463,-1.931994843265141e-07,9.605,ASK
915,1712372026.1830232,47571587.77674272,9.47,-1.8451350301984482e-07,9.605,ASK
916,1712372026.1867032,47572212.26729282,9.471,-1.844940210750533e-07,9.605,ASK
917,1712372026.190096,47572800.86378404,9.462,-1.738897945499353e-07,9.605,ASK
918,1712372026.1935196,47574109.64836694,9.47,-3.8665585953589e-07,9.605,ASK
919,1712372026.196933,47646909.64836694,9.464,-2.1507394678904046e-05,9.605,ASK
920,1712372026.200388,47647905.97321644,9.469,-2.9434549129756684e-07,9.605,ASK
921,1712372026.203808,47648632.4814045,9.465,-2.146332189298396e-07,9.605,ASK
922,1712372026.2072704,47649862.62732215,9.464,-3.634235407091756e-07,9.605,ASK
923,1712372026.2107012,47650392.39161767,9.461,-1.565089256937603e-07,9.605,ASK
924,1712372040.429452,47650392.39161767,9.461,-0.0,9.605,ASK
925,1712372070.4299092,47650392.39161767,9.461,-0.0,9.605,ASK
926,1712372100.652876,47650392.39161767,9.461,-0.0,9.605,ASK
927,1712372130.6400216,47650392.39161767,9.461,-0.0,9.605,ASK
928,1712372160.4520898,47650392.39161767,9.461,-0.0,9.605,ASK
929,1712372190.446693,47650392.39161767,9.461,-0.0,9.605,ASK
930,1712372220.671306,47650392.39161767,9.461,-0.0,9.605,ASK
931,1712372250.6511354,47650392.39161767,9.461,-0.0,9.605,ASK
932,1712372280.4601634,47650392.39161767,9.461,-0.0,9.605,ASK
933,1712372298.9105434,47650991.56823748,9.461,-1.7733442696196928e-07,9.605,ASK
934,1712372298.9167523,47655928.56908991,9.461,-1.461172195519918e-06,9.605,ASK
935,1712372298.9215145,47660156.45197755,9.461,-1.2512991401032667e-06,9.605,ASK
936,1712372298.924977,47660795.39500683,9.461,-1.8910383384715137e-07,9.605,ASK
937,1712372298.928416,47661434.40557765,9.46,-1.8912382368179864e-07,9.605,ASK
938,1712372298.9318624,47662104.84330232,9.458,-1.984251150424663e-07,9.605,ASK
939,1712372298.9353807,47663969.18473995,9.46,-5.517770713531849e-07,9.605,ASK
940,1712372298.938854,47741669.18473995,9.459,-2.2996366212100976e-05,9.605,ASK
941,1712372298.942614,47744287.21014298,9.456,-7.748400375890105e-07,9.605,ASK
942,1712372298.9460826,47745181.17356406,9.459,-2.645805690021878e-07,9.605,ASK
943,1712372298.9495728,47810406.42144539,9.456,-1.930429455024634e-05,9.605,ASK
944,1712372298.9530666,47811005.66140311,9.46,-1.7735317267250933e-07,9.605,ASK
945,1712372298.9565642,47814176.57356884,9.461,-9.384743550780014e-07,9.605,ASK
946,1712372298.96004,47817348.15618856,9.459,-9.386727850064026e-07,9.605,ASK
947,1712372298.9635437,47818353.76050282,9.457,-2.976222017399728e-07,9.605,ASK
948,1712372310.4400413,47818353.76050282,9.457,-0.0,9.605,ASK
949,1712372340.4680345,47818353.76050282,9.457,-0.0,9.605,ASK
950,1712372370.4502928,47818353.76050282,9.457,-0.0,9.605,ASK
951,1712372393.040181,47830497.83563206,9.477,-3.592514280256342e-06,9.605,ASK
952,1712372400.563352,47830497.83563206,9.477,-0.0,9.605,ASK
953,1712372430.544849,47830497.83563206,9.477,-0.0,9.605,ASK
954,1712372442.9108384,48057570.86313433,9.482,6.729815907247342e-05,9.605,BID
955,1712372448.2101564,48057570.86313435,9.477,-4.4162916547986265e-18,9.605,ASK
956,1712372448.2164395,48058840.75550535,9.477,-3.763609431245606e-07,9.605,ASK
957,1712372448.221924,48059451.57432987,9.477,-1.810297897060626e-07,9.605,ASK
958,1712372448.225466,48059457.26203513,9.477,-1.685678381930398e-09,9.605,ASK
959,1712372460.6699915,48059457.26203513,9.477,-0.0,9.605,ASK
960,1712372490.7465625,48059457.26203513,9.477,-0.0,9.605,ASK
961,1712372520.4837754,48059457.26203513,9.477,-0.0,9.605,ASK
962,1712372550.4324136,48059457.26203513,9.477,-0.0,9.605,ASK
963,1712372555.8404093,48140932.37893396,9.477,-2.413144245452636e-05,9.605,ASK
964,1712372580.651488,48140932.37893396,9.477,-0.0,9.605,ASK
965,1712372610.6727498,48140932.37893396,9.477,-0.0,9.605,ASK
966,1712372617.3495104,48140932.37893456,9.482,1.78703935664093e-16,9.605,BID
967,1712372617.3545835,48141833.37893456,9.482,2.667987387996661e-07,9.605,BID
968,1712372617.3581688,49463504.67716256,9.482,0.0003913654111819,9.605,BID
969,1712372640.4981737,49463504.67716256,9.482,0.0,9.605,BID
970,1712372670.5226786,49463504.67716256,9.482,0.0,9.605,BID
971,1712372676.1102302,49483504.67716256,9.483,-5.900369784860832e-06,9.605,ASK
972,1712372700.6783254,49483504.67716256,9.483,-0.0,9.605,ASK
973,1712372722.7102628,49486622.66765256,9.483,-9.24036852349091e-07,9.605,ASK
974,1712372730.6402218,49486622.66765256,9.483,-0.0,9.605,ASK
975,1712372743.8703856,49487148.43000797,9.51,1.5581174364428662e-07,9.605,BID
976,1712372760.4575708,49487148.43000797,9.51,0.0,9.605,BID
977,1712372790.4194448,49487148.43000797,9.51,0.0,9.605,BID
978,1712372820.6608512,49487148.43000797,9.51,0.0,9.605,BID
979,1712372831.080397,49515146.66765256,9.51,8.297375643848848e-06,9.605,BID
980,1712372831.1803403,49516257.66765256,9.511,3.292487354859338e-07,9.605,BID
981,1712372850.6804729,49516257.66765256,9.511,0.0,9.605,BID
982,1712372880.4297194,49516257.66765256,9.511,0.0,9.605,BID
983,1712372910.4979734,49516257.66765256,9.511,0.0,9.605,BID
984,1712372940.6839535,49516257.66765256,9.511,0.0,9.605,BID
985,1712372970.6394713,49516257.66765256,9.511,0.0,9.605,BID
986,1712373000.489664,49516257.66765256,9.511,0.0,9.605,BID
987,1712373030.4473047,49516257.66765256,9.511,0.0,9.605,BID
988,1712373060.627847,49516257.66765256,9.511,0.0,9.605,BID
989,1712373090.6574593,49516257.66765256,9.511,0.0,9.605,BID
990,1712373120.4507134,49516257.66765256,9.511,0.0,9.605,BID
991,1712373121.475618,49516906.72873972,9.511,-1.9292924647754618e-07,9.605,ASK
992,1712373121.4810853,49519838.42256791,9.511,-8.714271928531089e-07,9.605,ASK
993,1712373121.48482,49521723.60393686,9.511,-5.603580744227732e-07,9.605,ASK
994,1712373121.5555944,49522327.71539848,9.51,-1.795682584969073e-07,9.605,ASK
995,1712373121.5642836,49524900.14757514,9.51,-7.646389704667271e-07,9.605,ASK
996,1712373121.5701938,49525489.4609295,9.51,-1.751696159951793e-07,9.605,ASK
997,1712373121.5739667,49526138.59026704,9.51,-1.9294953346552578e-07,9.605,ASK
998,1712373133.1852992,49536652.73178738,9.511,3.1252611518429902e-06,9.605,BID
999,1712373136.9750948,49537704.14593941,9.505,-3.125261151818629e-07,9.605,ASK
1000,1712373150.4605224,49537704.14593941,9.505,-0.0,9.605,ASK
1201,1712373180.625623,49537704.14593941,9.505,-0.0,9.605,ASK
1202,1712373210.6388347,49537704.14593941,9.505,-0.0,9.605,ASK
1203,1712373225.4482763,49540860.3795007,9.51,-9.381133130544488e-07,9.605,ASK
1204,1712373240.4035711,49540860.3795007,9.51,-0.0,9.605,ASK
1205,1712373270.4532318,49540860.3795007,9.51,-0.0,9.605,ASK
1206,1712373300.4530137,49540860.3795007,9.51,-0.0,9.605,ASK
1207,1712373330.435648,49540860.3795007,9.51,-0.0,9.605,ASK
1208,1712373359.242298,49579348.70844634,9.511,1.1453980188197212e-05,9.605,BID
1209,1712373359.244348,49583368.6306417,9.511,1.1963135434844137e-06,9.605,BID
1210,1712373359.2721615,49585134.61608637,9.511,5.25550546101729e-07,9.605,BID
1211,1712373360.622069,49585134.61608637,9.511,0.0,9.605,BID
1212,1712373385.7618177,49657934.61608637,9.511,-2.1662288266912507e-05,9.605,ASK
1213,1712373385.7646956,49660497.88388155,9.511,-7.627231577524849e-07,9.605,ASK
1214,1712373385.8216558,49715566.86172055,9.511,1.6386264732316566e-05,9.605,BID
1215,1712373390.664792,49715566.86172055,9.511,0.0,9.605,BID
1216,1712373420.4471118,49715566.86172055,9.511,0.0,9.605,BID
1217,1712373437.2012548,49715566.86172094,9.511,1.1745693256823472e-16,9.605,BID
1218,1712373450.541627,49715566.86172094,9.511,0.0,9.605,BID
1219,1712373480.4916277,49715566.86172094,9.511,0.0,9.605,BID
1220,1712373510.4304972,49715566.86172094,9.511,0.0,9.605,BID
1221,1712373540.673913,49715566.86172094,9.511,0.0,9.605,BID
1222,1712373570.6338754,49715566.86172094,9.511,0.0,9.605,BID
1223,1712373600.4829705,49715566.86172094,9.511,0.0,9.605,BID
1224,1712373630.4402788,49715566.86172094,9.511,0.0,9.605,BID
1225,1712373660.640422,49715566.86172094,9.511,0.0,9.605,BID
1226,1712373690.6353457,49715566.86172094,9.511,0.0,9.605,BID
1227,1712373720.482069,49715566.86172094,9.511,0.0,9.605,BID
1228,1712373750.4141755,49715566.86172094,9.511,0.0,9.605,BID
1229,1712373780.6270852,49715566.86172094,9.511,0.0,9.605,BID
1230,1712373810.639624,49715566.86172094,9.511,0.0,9.605,BID
1231,1712373840.4319415,49715566.86172094,9.511,0.0,9.605,BID
1232,1712373851.2116885,49721694.06420841,9.511,-1.82756979630978e-06,9.605,ASK
1233,1712373851.2135491,49722219.82114701,9.512,-1.568183038097816e-07,9.605,ASK
1234,1712373870.438023,49722219.82114701,9.512,-0.0,9.605,ASK
1235,1712373896.1279662,49729830.21688521,9.512,-2.269921210776849e-06,9.605,ASK
1236,1712373900.6211357,49729830.21688521,9.512,-0.0,9.605,ASK
1237,1712373930.6387568,49729830.21688521,9.512,-0.0,9.605,ASK
1238,1712373940.658285,49733073.76504227,9.512,-9.701482298595584e-07,9.605,ASK
1239,1712373960.4640472,49733073.76504227,9.512,-0.0,9.605,ASK
1240,1712373990.407994,49733073.76504227,9.512,-0.0,9.605,ASK
1241,1712374014.437997,49736220.39814485,9.534,9.411521631426958e-07,9.605,BID
1242,1712374020.6277137,49736220.39814485,9.534,0.0,9.605,BID
1243,1712374050.657362,49736220.39814485,9.534,0.0,9.605,BID
1244,1712374080.43866,49736220.39814485,9.534,0.0,9.605,BID
1245,1712374110.4360232,49736220.39814485,9.534,0.0,9.605,BID
1246,1712374132.4709332,49765221.42163553,9.512,-8.674074858136873e-06,9.605,ASK
1247,1712374132.4727018,49852508.22457299,9.512,-2.6107087670550303e-05,9.605,ASK
1248,1712374132.474052,49935482.90215202,9.512,-2.481735049390663e-05,9.605,ASK
1249,1712374132.4769766,49945995.93831686,9.512,-3.144401531533643e-06,9.605,ASK
1250,1712374140.6572342,49945995.93831686,9.512,-0.0,9.605,ASK
1251,1712374170.6480012,49945995.93831686,9.512,-0.0,9.605,ASK
1252,1712374200.5406497,49945995.93831686,9.512,-0.0,9.605,ASK
1253,1712374204.7671924,49950883.98625126,9.513,-1.4682977675459725e-06,9.605,ASK
1254,1712374204.7708242,49955767.06978045,9.513,-1.4668065331752909e-06,9.605,ASK
1255,1712374204.7770238,49978144.762169,9.512,-6.72192994379766e-06,9.605,ASK
1256,1712374204.7802973,49978816.79622766,9.513,-2.018691553924596e-07,9.605,ASK
1257,1712374204.7830627,50076523.52519854,9.512,-2.9349665540838667e-05,9.605,ASK
1258,1712374204.7857678,50077202.96911739,9.513,-2.0409496850360298e-07,9.605,ASK
1259,1712374230.414452,50077202.96911739,9.513,-0.0,9.605,ASK
1260,1712374260.6462464,50077202.96911739,9.513,-0.0,9.605,ASK
1261,1712374260.900307,50118474.42036753,9.511,-1.239269147607971e-05,9.605,ASK
1262,1712374260.9026835,50274864.04080701,9.511,-4.695953879646816e-05,9.605,ASK
1263,1712374260.9050076,50295892.32384769,9.511,-6.314220026220215e-06,9.605,ASK
1264,1712374260.9838345,50309981.09554402,9.51,-4.230473986759176e-06,9.605,ASK
1265,1712374260.986141,50311229.43203193,9.51,-3.748414093620745e-07,9.605,ASK
1266,1712374290.6561866,50311229.43203193,9.51,-0.0,9.605,ASK
1267,1712374306.4667315,50312229.43203193,9.51,-3.000721800580256e-07,9.605,ASK
1268,1712374306.4705555,50313890.15548093,9.51,-4.98336905814681e-07,9.605,ASK
1269,1712374306.4761117,50314393.32150672,9.51,-1.509861262892154e-07,9.605,ASK
1270,1712374320.452754,50314393.32150672,9.51,-0.0,9.605,ASK
1271,1712374349.7660482,50319147.77903508,9.51,-1.426667554505837e-06,9.605,ASK
1272,1712374349.7760684,50357570.14717603,9.506,-1.1529379675178058e-05,9.605,ASK
1273,1712374349.7785542,50367570.14717603,9.508,-3.0006947080625083e-06,9.605,ASK
1274,1712374349.78557,50368697.5422754,9.509,-3.382968508580181e-07,9.605,ASK
1275,1712374349.7877555,50369298.95131851,9.51,-1.8046449330438365e-07,9.605,ASK
1276,1712374350.429572,50369298.95131851,9.51,-0.0,9.605,ASK
1277,1712374380.635745,50369298.95131851,9.51,-0.0,9.605,ASK
1278,1712374391.058629,50372218.14465987,9.503,-8.758236212377972e-07,9.605,ASK
1279,1712374410.6957402,50372218.14465987,9.503,-0.0,9.605,ASK
1280,1712374415.9437318,50382741.13739901,9.504,-3.157108085447433e-06,9.605,ASK
1281,1712374440.4760463,50382741.13739901,9.504,-0.0,9.605,ASK
1282,1712374447.7001565,50383330.21778622,9.504,-1.767305839623191e-07,9.605,ASK
1283,1712374447.702677,50414153.74545954,9.504,-9.247396728421058e-06,9.605,ASK
1284,1712374470.4294894,50414153.74545954,9.504,-0.0,9.605,ASK
1285,1712374500.645522,50414153.74545954,9.504,-0.0,9.605,ASK
1286,1712374530.6653771,50414153.74545954,9.504,-0.0,9.605,ASK
1287,1712374560.4502635,50414153.74545954,9.504,-0.0,9.605,ASK
1288,1712374590.4451642,50414153.74545954,9.504,-0.0,9.605,ASK
1289,1712374620.6453378,50414153.74545954,9.504,-0.0,9.605,ASK
1290,1712374630.135205,50424675.63098142,9.504,-3.157329123817499e-06,9.605,ASK
1291,1712374630.138445,50446345.39634337,9.504,-6.50250196519366e-06,9.605,ASK
1292,1712374630.1453152,50447107.52594734,9.504,-2.286941812591105e-07,9.605,ASK
1293,1712374650.6787405,50447107.52594734,9.504,-0.0,9.605,ASK
1294,1712374680.454528,50447107.52594734,9.504,-0.0,9.605,ASK
1295,1712374710.4238868,50447107.52594734,9.504,-0.0,9.605,ASK
1296,1712374740.3925977,50448212.91064346,9.527,3.316644454641648e-07,9.605,BID
1297,1712374740.4760976,50448212.91064346,9.527,0.0,9.605,BID
1298,1712374747.2549326,50448837.4013842,9.504,-1.873743335679205e-07,9.605,ASK
1299,1712374747.2588243,50449886.96077958,9.504,-3.149133836903263e-07,9.605,ASK
1300,1712374747.3608594,50484729.16935664,9.504,1.045417519631646e-05,9.605,BID
1301,1712374747.3646698,50503212.91064346,9.504,5.545924830466959e-06,9.605,BID
1302,1712374770.484724,50503212.91064346,9.504,0.0,9.605,BID
1303,1712374800.4844031,50503212.91064346,9.504,0.0,9.605,BID
1304,1712374830.4488728,50503212.91064346,9.504,0.0,9.605,BID
1305,1712374835.8849578,50534098.89070158,9.504,-9.281290903866605e-06,9.605,ASK
1306,1712374841.144838,50535148.53906937,9.527,3.154211661704716e-07,9.605,BID
1307,1712374860.636855,50535148.53906937,9.527,0.0,9.605,BID
1308,1712374863.4947598,50536198.18743716,9.527,3.153923978401825e-07,9.605,BID
1309,1712374890.6347294,50536198.18743716,9.527,0.0,9.605,BID
1310,1712374920.4246163,50536198.18743716,9.527,0.0,9.605,BID
1311,1712374950.427399,50536198.18743716,9.527,0.0,9.605,BID
1312,1712374980.6461911,50536198.18743716,9.527,0.0,9.605,BID
1313,1712375001.5666506,50546720.07295905,9.504,-3.1615470809989185e-06,9.605,ASK
1314,1712375010.6369245,50546720.07295905,9.504,-0.0,9.605,ASK
1315,1712375040.4275267,50546720.07295905,9.504,-0.0,9.605,ASK
1316,1712375070.4334614,50546720.07295905,9.504,-0.0,9.605,ASK
1317,1712375100.4563632,50546720.07295905,9.504,-0.0,9.605,ASK
1318,1712375121.9994211,50623579.94774861,9.504,-2.3280046687630505e-05,9.605,ASK
1319,1712375122.009417,50731544.60946239,9.504,-3.270135909267008e-05,9.605,ASK
1320,1712375122.012766,50750360.95886344,9.504,-5.699274084775196e-06,9.605,ASK
1321,1712375122.0155032,50852857.90751663,9.504,-3.104524638531058e-05,9.605,ASK
1322,1712375122.1395369,50853528.20110813,9.503,-2.030248702232314e-07,9.605,ASK
1323,1712375122.229482,50958791.35900286,9.5,-3.188310203453078e-05,9.605,ASK
1324,1712375122.2328422,51006143.49855085,9.502,-1.4342464419238585e-05,9.605,ASK
1325,1712375122.2362094,51016669.81434032,9.5,-3.1883102034539807e-06,9.605,ASK
1326,1712375130.411841,51016669.81434032,9.5,-0.0,9.605,ASK
1327,1712375160.6100037,51016669.81434032,9.5,-0.0,9.605,ASK
1328,1712375190.680635,51016669.81434032,9.5,-0.0,9.605,ASK
1329,1712375207.0211527,51017317.45855085,9.5,-1.95899626226485e-07,9.605,ASK
1330,1712375207.0248077,51175658.07223505,9.5,-4.789491905141714e-05,9.605,ASK
1331,1712375207.0357566,51176258.38276137,9.5,-1.81582118414032e-07,9.605,ASK
1332,1712375213.6911402,51181893.68944545,9.5,1.704569353270462e-06,9.605,BID
1333,1712375220.5376916,51181893.68944545,9.5,0.0,9.605,BID
1334,1712375220.5886118,51208681.09328768,9.5,-8.098817244617356e-06,9.605,ASK
1335,1712375220.6447418,51251923.11876404,9.499,-1.3073654456507444e-05,9.605,ASK
1336,1712375220.6474469,51253794.98211808,9.499,-5.659331266483832e-07,9.605,ASK
1337,1712375220.661274,51254385.427475,9.498,-1.7851334406259365e-07,9.605,ASK
1338,1712375220.74132,51359860.09317756,9.488,-3.188887010078995e-05,9.605,ASK
1339,1712375220.7448194,51372134.06203277,9.486,-3.710872140127823e-06,9.605,ASK
1340,1712375250.421528,51372134.06203277,9.486,-0.0,9.605,ASK
1341,1712375280.6319108,51372134.06203277,9.486,-0.0,9.605,ASK
1342,1712375310.645379,51372134.06203277,9.486,-0.0,9.605,ASK
1343,1712375325.9508383,51447034.06203277,9.484,-2.2632667801824624e-05,9.605,ASK
1344,1712375326.0228095,51930901.04930129,9.484,0.000146210958386,9.605,BID
1345,1712375326.0627418,52492219.00456329,9.484,0.0001696144567776,9.605,BID
1346,1712375326.089883,52538003.18698519,9.484,1.3834688802843906e-05,9.605,BID
1347,1712375326.1024916,52557332.48866597,9.484,5.840769876934119e-06,9.605,BID
1348,1712375326.122688,52954985.27363736,9.484,0.0001201594577133,9.605,BID
1349,1712375326.1262324,52970942.10696231,9.484,4.821705044226942e-06,9.605,BID
1350,1712375326.222635,53045842.10696231,9.494,2.2632667801824624e-05,9.605,BID
1351,1712375340.462649,53045842.10696231,9.494,0.0,9.605,BID
1352,1712375370.4233243,53045842.10696231,9.494,0.0,9.605,BID
1353,1712375400.4735074,53045842.10696231,9.494,0.0,9.605,BID
1354,1712375430.4434743,53045842.10696231,9.494,0.0,9.605,BID
1355,1712375432.6635904,53118642.10696231,9.495,-2.2205111531240344e-05,9.605,ASK
1356,1712375432.673897,53120496.42502445,9.495,-5.655953212121746e-07,9.605,ASK
1357,1712375432.6767347,53121100.66093809,9.495,-1.8430117930763722e-07,9.605,ASK
1358,1712375432.6795983,53123715.63829459,9.495,-7.976080199556464e-07,9.605,ASK
1359,1712375432.682428,53125739.38592467,9.494,-6.172739263309103e-07,9.605,ASK
1360,1712375432.6841085,53126330.55390782,9.495,-1.803152609833511e-07,9.605,ASK
1361,1712375432.6859262,53127518.48523286,9.494,-3.6233719181296907e-07,9.605,ASK
1362,1712375432.6875732,53151844.26195745,9.495,-7.419733313923248e-06,9.605,ASK
1363,1712375432.6892056,53206294.6759031,9.494,-1.6608207617929313e-05,9.605,ASK
1364,1712375432.6908646,53206891.31413375,9.495,-1.819837699920475e-07,9.605,ASK
1365,1712375432.6925156,53207478.1847889,9.494,-1.790045103296779e-07,9.605,ASK
1366,1712375432.6943154,53281678.1847889,9.486,-2.263213290684112e-05,9.605,ASK
1367,1712375432.6959774,53282356.05923592,9.494,-2.067620563238457e-07,9.605,ASK
1368,1712375432.763451,53304966.26401896,9.486,6.896457677905594e-06,9.605,BID
1369,1712375441.7441585,53363651.76419528,9.486,1.7899973580793488e-05,9.605,BID
1370,1712375446.713949,53436649.63169627,9.486,2.226546414014013e-05,9.605,BID
1371,1712375459.383993,53484178.43220265,9.479,-1.4497009837779e-05,9.605,ASK
1372,1712375459.3945663,53485449.34896602,9.479,-3.876490175473735e-07,9.605,ASK
1373,1712375459.398422,53486125.83208838,9.48,-2.063376810588925e-07,9.605,ASK
1374,1712375459.4022586,53517781.41929952,9.477,-9.655437425965084e-06,9.605,ASK
1375,1712375459.406093,53519781.41929952,9.476,-6.100305365725369e-07,9.605,ASK
1376,1712375459.4080412,53520428.44641208,9.479,-1.9735314832551565e-07,9.605,ASK
1377,1712375459.4097586,53541910.40690335,9.48,-6.552325942559686e-06,9.605,ASK
1378,1712375459.4114938,53542510.33622079,9.479,-1.829876017131513e-07,9.605,ASK
1379,1712375459.4132175,53566553.8433591,9.477,-7.333636780332731e-06,9.605,ASK
1380,1712375459.414955,53672117.02292206,9.473,-3.219838153554886e-05,9.605,ASK
1381,1712375459.4166849,53673117.02292206,9.475,-3.0501526828626844e-07,9.605,ASK
1382,1712375459.4184515,53686616.89624624,9.473,-4.11766748380484e-06,9.605,ASK
1383,1712375460.6338658,53686616.89624624,9.473,-0.0,9.605,ASK
1384,1712375479.7744417,53749009.61664624,9.471,-1.8995521353565662e-05,9.605,ASK
1385,1712375479.7782907,53835219.60254603,9.471,-2.6246709833317768e-05,9.605,ASK
1386,1712375479.7814484,53898219.91559728,9.471,-1.918050349743116e-05,9.605,ASK
1387,1712375479.7843924,53898864.06721802,9.471,-1.961125558914872e-07,9.605,ASK
1388,1712375479.7873518,53899459.78678301,9.471,-1.813673717854064e-07,9.605,ASK
1389,1712375490.6641934,53899459.78678301,9.471,-0.0,9.605,ASK
1390,1712375496.434239,53914465.22500898,9.47,-4.5656175036619965e-06,9.605,ASK
1391,1712375496.436304,53915657.786783,9.47,-3.628538418993892e-07,9.605,ASK
1392,1712375496.4471643,53965000.59981534,9.47,-1.501325102724876e-05,9.605,ASK
1393,1712375520.4448493,53965000.59981534,9.47,-0.0,9.605,ASK
1394,1712375549.3850567,53995201.23339507,9.47,-9.187236313838735e-06,9.605,ASK
1395,1712375549.389246,53996405.96412369,9.47,-3.664872085926164e-07,9.605,ASK
1396,1712375549.3933144,54027052.7102258,9.469,-9.322946750337832e-06,9.605,ASK
1397,1712375549.3967135,54027666.13261228,9.47,-1.8660722497539533e-07,9.605,ASK
1398,1712375550.4385378,54027666.13261228,9.47,-0.0,9.605,ASK
1399,1712375579.015127,54028323.04675316,9.469,-1.998016416605817e-07,9.605,ASK
1400,1712375579.0251796,54037419.7632143,9.469,-2.76678300792997e-06,9.605,ASK
1401,1712375579.0283003,54038757.64872338,9.468,-4.06920333165899e-07,9.605,ASK
1402,1712375579.0314286,54040115.33063276,9.469,-4.129414446521615e-07,9.605,ASK
1403,1712375579.0345285,54049309.1993834,9.464,-2.7963320550971413e-06,9.605,ASK
1404,1712375579.036795,54050649.92392924,9.468,-4.07783831405831e-07,9.605,ASK
1405,1712375579.0385506,54067328.84016458,9.467,-5.072922985758938e-06,9.605,ASK
1406,1712375580.6679156,54067328.84016458,9.467,-0.0,9.605,ASK
1407,1712375597.6951575,54068328.84016458,9.484,3.041171039671913e-07,9.605,BID
1408,1712375610.635392,54068328.84016458,9.484,0.0,9.605,BID
1409,1712375617.745522,54068448.86722452,9.464,-3.650217658612545e-08,9.605,ASK
1410,1712375617.7554493,54078474.82518563,9.464,-3.049056505397099e-06,9.605,ASK
1411,1712375639.2357092,54079136.07095909,9.464,-2.010955696273355e-07,9.605,ASK
1412,1712375639.2461734,54080462.56995518,9.463,-4.0340986957163785e-07,9.605,ASK
1413,1712375639.2498603,54081573.94716405,9.464,-3.379878433374957e-07,9.605,ASK
1414,1712375639.2529907,54082224.85481409,9.464,-1.979515785386589e-07,9.605,ASK
1415,1712375639.256112,54084213.50549033,9.464,-6.047809401240411e-07,9.605,ASK
1416,1712375639.259225,54084799.3968567,9.463,-1.7817907166744769e-07,9.605,ASK
1417,1712375639.2615645,54085462.3081956,9.463,-2.016020951017706e-07,9.605,ASK
1418,1712375639.2633638,54108362.23419982,9.46,-6.964239090884415e-06,9.605,ASK
1419,1712375639.2651763,54109013.21063435,9.463,-1.9797249701829085e-07,9.605,ASK
1420,1712375639.2670016,54159013.21063435,9.462,-1.520581134104969e-05,9.605,ASK
1421,1712375639.2688286,54184464.36309787,9.458,-7.74010845545096e-06,9.605,ASK
1422,1712375639.2706563,54289982.98713501,9.454,-3.208992580151777e-05,9.605,ASK
1423,1712375639.2725267,54367682.98713501,9.452,-2.362983082399122e-05,9.605,ASK
1424,1712375639.2746334,54368331.72009496,9.463,-1.972902199939467e-07,9.605,ASK
1425,1712375639.276484,54371252.7426632,9.456,-8.883303619123493e-07,9.605,ASK
1426,1712375639.278335,54371914.05831363,9.463,-2.011168203474471e-07,9.605,ASK
1427,1712375639.2802486,54392518.4865529,9.462,-6.266140971931043e-06,9.605,ASK
1428,1712375639.2821646,54403102.73718795,9.448,-3.218842366859185e-06,9.605,ASK
1429,1712375639.2840886,54403779.95371548,9.463,-2.0595253509295369e-07,9.605,ASK
1430,1712375639.2859838,54512893.89342991,9.455,-3.318331963952637e-05,9.605,ASK
1431,1712375639.287995,54513422.89342991,9.456,-1.608774839883057e-07,9.605,ASK
1432,1712375639.2898798,54621505.2936839,9.449,-3.2869611750999494e-05,9.605,ASK
1433,1712375639.3457525,54676139.2628839,9.448,1.661507656935844e-05,9.605,BID
1434,1712375639.349948,54768005.2702839,9.448,2.7937943543597072e-05,9.605,BID
1435,1712375639.3657277,54805237.3084839,9.448,1.132286697423863e-05,9.605,BID
1436,1712375640.455722,54805237.3084839,9.448,0.0,9.605,BID
1437,1712375640.985843,55136004.43601474,9.448,0.0001003790010173,9.605,BID
1438,1712375641.10579,55136004.43601475,9.455,2.2610524900133417e-18,9.605,BID
1439,1712375641.1094244,55208804.43601474,9.455,2.209285828555641e-05,9.605,BID
1440,1712375670.4538758,55208804.43601474,9.455,0.0,9.605,BID
1441,1712375700.4618294,55208804.43601474,9.455,0.0,9.605,BID
1442,1712375730.460035,55208804.43601474,9.455,0.0,9.605,BID
1443,1712375753.766687,55209461.66182119,9.455,-2.0246208247956762e-07,9.605,ASK
1444,1712375753.7711084,55211130.71205916,9.455,-5.141602530362304e-07,9.605,ASK
1445,1712375753.8665028,55224669.05790789,9.455,4.170563095640078e-06,9.605,BID
1446,1712375760.657656,55224669.05790789,9.455,0.0,9.605,BID
1447,1712375781.185043,55224669.05790791,9.455,6.885260811419952e-18,9.605,BID
1448,1712375790.6403906,55224669.05790791,9.455,0.0,9.605,BID
1449,1712375820.4471896,55224669.05790791,9.455,0.0,9.605,BID
1450,1712375850.4733305,55224669.05790791,9.455,0.0,9.605,BID
1451,1712375880.6701372,55224669.05790791,9.455,0.0,9.605,BID
1452,1712375906.4674473,55226784.340827,9.462,-6.515946150521897e-07,9.605,ASK
1453,1712375906.4701998,55230924.36026017,9.461,-1.275297192878963e-06,9.605,ASK
1454,1712375906.4727333,55231510.74263176,9.462,-1.8063001986180373e-07,9.605,ASK
1455,1712375910.674989,55231510.74263176,9.462,-0.0,9.605,ASK
1456,1712375940.4688494,55231510.74263176,9.462,-0.0,9.605,ASK
1457,1712375964.8677492,55232188.98737444,9.463,-2.089232631075249e-07,9.605,ASK
1458,1712375964.877853,55234758.54354056,9.463,-7.915137784116794e-07,9.605,ASK
1459,1712375964.8835113,55236017.54385759,9.463,-3.8781642958146393e-07,9.605,ASK
1460,1712375964.8868778,55809638.04439459,9.463,-0.0001766953124982,9.605,ASK
1461,1712375970.438198,55809638.04439459,9.463,-0.0,9.605,ASK
1462,1712375971.0377345,55849158.28216221,9.463,1.2153144282683529e-05,9.605,BID
1463,1712375986.9978747,55868398.17437398,9.463,5.916593604718339e-06,9.605,BID
1464,1712375998.6679375,56185522.91010336,9.463,9.752124194163151e-05,9.605,BID
1465,1712375998.7478418,56280384.66632201,9.463,2.917160106709985e-05,9.605,BID
1466,1712376000.568818,56280384.66632201,9.463,0.0,9.605,BID
1467,1712376020.3181424,56295796.70430644,9.469,4.749805917643822e-06,9.605,BID
1468,1712376020.3227756,56417761.81944469,9.463,3.758819088137549e-05,9.605,BID
1469,1712376023.768094,56418816.11570193,9.481,3.249215065926926e-07,9.605,BID
1470,1712376030.5076892,56418816.11570193,9.481,0.0,9.605,BID
1471,1712376060.648414,56418816.11570193,9.481,0.0,9.605,BID
1472,1712376064.338678,56421453.58667404,9.462,-8.125089798286436e-07,9.605,ASK
1473,1712376090.6896403,56421453.58667404,9.462,-0.0,9.605,ASK
1474,1712376101.3687024,56422510.44568904,9.481,3.2557736085751057e-07,9.605,BID
1475,1712376113.1887493,56423567.30470404,9.48,3.255773608598058e-07,9.605,BID
1476,1712376120.45387,56423567.30470404,9.48,0.0,9.605,BID
1477,1712376150.464617,56423567.30470404,9.48,0.0,9.605,BID
1478,1712376180.6491249,56423567.30470404,9.48,0.0,9.605,BID
1479,1712376210.649476,56423567.30470404,9.48,0.0,9.605,BID
1480,1712376240.523561,56423567.30470404,9.48,0.0,9.605,BID
1481,1712376270.4459536,56423567.30470404,9.48,0.0,9.605,BID
1482,1712376300.650522,56423567.30470404,9.48,0.0,9.605,BID
1483,1712376330.6594455,56423567.30470404,9.48,0.0,9.605,BID
1484,1712376340.3596165,56424622.15702471,9.479,3.2710253199968065e-07,9.605,BID
1485,1712376360.4298043,56424622.15702471,9.479,0.0,9.605,BID
1486,1712376390.5291796,56424622.15702471,9.479,0.0,9.605,BID
1487,1712376410.3033075,56435289.1847593,9.463,-3.3077625122351e-06,9.605,ASK
1488,1712376420.6419,56435289.1847593,9.463,-0.0,9.605,ASK
1489,1712376428.5798335,56436343.48101653,9.479,3.269188538276606e-07,9.605,BID
1490,1712376428.5897005,56436343.48101654,9.479,2.310294902767328e-18,9.605,BID
1491,1712376450.661056,56436343.48101654,9.479,0.0,9.605,BID
1492,1712376480.4497278,56436343.48101654,9.479,0.0,9.605,BID
1493,1712376510.442914,56436343.48101654,9.479,0.0,9.605,BID
1494,1712376540.6600122,56436343.48101654,9.479,0.0,9.605,BID
1495,1712376570.6614828,56436343.48101654,9.479,0.0,9.605,BID
1496,1712376574.3135386,56437398.44462029,9.478,3.271247726101318e-07,9.605,BID
1497,1712376600.4625318,56437398.44462029,9.478,0.0,9.605,BID
1498,1712376618.7558491,56438101.68335855,9.477,2.186561765010313e-07,9.605,BID
1499,1712376630.477757,56438101.68335855,9.477,0.0,9.605,BID
1500,1712376660.6425726,56438101.68335855,9.477,0.0,9.605,BID
1501,1712376690.6504211,56438101.68335855,9.477,0.0,9.605,BID
1502,1712376720.5131547,56438101.68335855,9.477,0.0,9.605,BID
1503,1712376750.4456484,56438101.68335855,9.477,0.0,9.605,BID
1504,1712376780.6542077,56438101.68335855,9.477,0.0,9.605,BID
1505,1712376810.6719894,56438101.68335855,9.477,0.0,9.605,BID
1506,1712376819.1709173,56439153.09751058,9.476,3.26912767314385e-07,9.605,BID
1507,1712376819.1757052,56439156.86959892,9.478,1.1728431022404135e-09,9.605,BID
1508,1712376823.5311792,56439788.90150932,9.464,-1.965156170493936e-07,9.605,ASK
1509,1712376823.539603,56440424.45412978,9.464,-1.9761029992338506e-07,9.605,ASK
1510,1712376823.5429492,56444650.86085903,9.463,-1.3141028366255448e-06,9.605,ASK
1511,1712376823.545001,56445760.32831465,9.464,-3.449630913373489e-07,9.605,ASK
1512,1712376840.4236286,56445760.32831465,9.464,-0.0,9.605,ASK
1513,1712376868.9934216,56446815.06937571,9.478,3.2793980082274e-07,9.605,BID
1514,1712376870.4416745,56446815.06937571,9.478,0.0,9.605,BID
1515,1712376870.751237,56449299.90485575,9.464,-7.72581963178654e-07,9.605,ASK
1516,1712376900.5077555,56449299.90485575,9.464,-0.0,9.605,ASK
1517,1712376925.0005803,56450354.97976606,9.478,3.287344864532496e-07,9.605,BID
1518,1712376930.4504037,56450354.97976606,9.478,0.0,9.605,BID
1519,1712376934.0058146,56451410.05467637,9.478,3.287334622011349e-07,9.605,BID
1520,1712376960.651103,56451410.05467637,9.478,0.0,9.605,BID
1521,1712376990.2929406,56457030.83437672,9.478,1.7512809716853754e-06,9.605,BID
1522,1712376990.6539142,56457030.83437672,9.478,0.0,9.605,BID
1523,1712376997.750234,56537444.13741983,9.464,-2.505416641657365e-05,9.605,ASK
1524,1712376997.7540555,56538391.90971662,9.464,-2.952949816793432e-07,9.605,ASK
1525,1712376997.7577825,56541481.08976733,9.464,-9.624878987960336e-07,9.605,ASK
1526,1712376997.7614791,56544027.33109246,9.464,-7.933258737354917e-07,9.605,ASK
1527,1712376997.765396,56544689.84799863,9.464,-2.0641869184186415e-07,9.605,ASK
1528,1712376997.767476,56998153.69059246,9.463,-0.0001412845654425,9.605,ASK
1529,1712376997.7695825,56999835.43087141,9.464,-5.239755018610315e-07,9.605,ASK
1530,1712376997.7716937,57002412.65690967,9.463,-8.02979701268462e-07,9.605,ASK
1531,1712376997.880501,57023681.87165127,9.462,-6.626794641184005e-06,9.605,ASK
1532,1712376997.9322538,57031480.95638778,9.462,-2.42994081191724e-06,9.605,ASK
