,time,acc_trade_volume,trade_price,dev,high,ask_bid
0,1712363654.1220856,10944184.7749361,9.586,0.0,9.59,BID
1,1712363655.3583758,10944184.7749361,9.586,0.0,9.59,BID
2,1712363656.6127787,10944184.7749361,9.586,0.0,9.59,BID
3,1712363657.8288863,10944184.7749361,9.586,0.0,9.59,BID
4,1712363659.0486,10944184.7749361,9.586,0.0,9.59,BID
5,1712363660.2578175,10944184.7749361,9.586,0.0,9.59,BID
6,1712363661.4886017,10944184.7749361,9.586,0.0,9.59,BID
7,1712363662.7346303,10999508.62326246,9.56,-1.4332933896574232e-05,9.59,ASK
8,1712363663.968378,11257893.86204266,9.56,6.694072555185348e-05,9.59,BID
9,1712363665.1845083,11257893.86204266,9.56,0.0,9.59,BID
10,1712363666.4224882,11257893.86204266,9.56,0.0,9.59,BID
11,1712363667.6532443,11257893.86204266,9.56,0.0,9.59,BID
12,1712363668.8535557,11257893.86204266,9.56,0.0,9.59,BID
13,1712363670.0908234,11257893.86204266,9.56,0.0,9.59,BID
14,1712363671.3586287,11257893.86204266,9.56,0.0,9.59,BID
15,1712363672.5777981,11257893.86204266,9.56,0.0,9.59,BID
16,1712363673.8234258,11257893.86204266,9.56,0.0,9.59,BID
17,1712363675.0640337,11257893.86204266,9.56,0.0,9.59,BID
18,1712363676.3166292,11257893.86204266,9.56,0.0,9.59,BID
19,1712363677.5708058,11257893.86204266,9.56,0.0,9.59,BID
20,1712363678.7984154,11257893.86204266,9.56,0.0,9.59,BID
21,1712363680.0299957,11257893.86204266,9.56,0.0,9.59,BID
22,1712363681.2481651,11257893.86204266,9.56,0.0,9.59,BID
23,1712363682.5418186,11257893.86204266,9.56,0.0,9.59,BID
24,1712363683.7765067,11310195.11727279,9.56,-1.3539340877065815e-05,9.59,ASK
25,1712363685.031478,11310941.12937024,9.56,-1.931217910802865e-07,9.59,ASK
26,1712363686.2802162,11310941.12937024,9.56,-0.0,9.59,ASK
27,1712363687.5373561,11310941.12937024,9.56,-0.0,9.59,ASK
28,1712363688.785377,11310941.12937024,9.56,-0.0,9.59,ASK
29,1712363690.0147057,11310941.12937024,9.56,-0.0,9.59,ASK
30,1712363691.2439816,11310941.12937024,9.56,-0.0,9.59,ASK
31,1712363692.4838839,11310941.12937024,9.56,-0.0,9.59,ASK
32,1712363693.7263117,11310941.12937024,9.56,-0.0,9.59,ASK
33,1712363694.9641533,11310941.12937024,9.56,-0.0,9.59,ASK
34,1712363696.1964571,11473218.00490408,9.559,-4.2008971384152946e-05,9.59,ASK
35,1712363697.5498202,11473879.1931886,9.559,1.7116326422089795e-07,9.59,BID
36,1712363698.8323472,11474540.45064231,9.559,1.7118117020106064e-07,9.59,BID
37,1712363700.0899513,11474540.45064231,9.559,0.0,9.59,BID
38,1712363701.3319252,11474540.45064231,9.559,0.0,9.59,BID
39,1712363702.5576642,11474540.45064231,9.559,0.0,9.59,BID
40,1712363703.7707074,11474540.45064231,9.559,0.0,9.59,BID
41,1712363704.9866097,11474540.45064231,9.559,0.0,9.59,BID
42,1712363706.2070162,11474540.45064231,9.559,0.0,9.59,BID
43,1712363707.415761,11482109.15029708,9.559,1.9759882830237133e-06,9.59,BID
44,1712363708.6305811,11482109.15029708,9.559,0.0,9.59,BID
45,1712363709.8566177,11482109.15029708,9.559,0.0,9.59,BID
46,1712363711.0739863,11482109.15029708,9.559,0.0,9.59,BID
47,1712363712.2916982,11482109.15029708,9.559,0.0,9.59,BID
48,1712363713.4994226,11482109.15029708,9.559,0.0,9.59,BID
49,1712363714.7143824,11482109.15029708,9.559,0.0,9.59,BID
50,1712363715.9247122,11482109.15029708,9.559,0.0,9.59,BID
51,1712363717.141755,11482109.15029708,9.559,0.0,9.59,BID
52,1712363718.3810182,11482109.15029708,9.559,0.0,9.59,BID
53,1712363719.5930297,11482109.15029708,9.559,0.0,9.59,BID
54,1712363720.7988753,11482109.15029708,9.559,0.0,9.59,BID
55,1712363722.0158465,11487205.29006065,9.559,1.3304679695042416e-06,9.59,BID
56,1712363723.2267847,11487205.29006065,9.559,0.0,9.59,BID
57,1712363724.464822,11487205.29006065,9.559,0.0,9.59,BID
58,1712363725.6709456,11487205.29006065,9.559,0.0,9.59,BID
59,1712363726.890765,11487205.29006065,9.559,0.0,9.59,BID
60,1712363728.1015282,11487205.29006065,9.559,0.0,9.59,BID
61,1712363729.3331087,11487205.29006065,9.559,0.0,9.59,BID
62,1712363730.5503716,11487205.29006065,9.559,0.0,9.59,BID
63,1712363731.8290198,11487205.29006065,9.559,0.0,9.59,BID
64,1712363733.0471582,11487205.29006065,9.559,0.0,9.59,BID
65,1712363734.339236,11487205.29006065,9.559,0.0,9.59,BID
66,1712363735.5717685,11487205.29006065,9.559,0.0,9.59,BID
67,1712363736.8236337,11487205.29006065,9.559,0.0,9.59,BID
68,1712363738.0667477,11487205.29006065,9.559,0.0,9.59,BID
69,1712363739.316914,11487205.29006065,9.559,0.0,9.59,BID
70,1712363740.5413392,11493482.09725806,9.539,-1.6386573709956203e-06,9.59,ASK
71,1712363741.7667837,11493482.09725806,9.539,-0.0,9.59,ASK
72,1712363742.9812148,11493482.09725806,9.539,-0.0,9.59,ASK
73,1712363744.1883752,11493482.09725806,9.539,-0.0,9.59,ASK
74,1712363745.3944125,11493482.09725806,9.539,-0.0,9.59,ASK
75,1712363746.6102293,11493482.09725806,9.539,-0.0,9.59,ASK
76,1712363747.8288157,11493482.09725806,9.539,-0.0,9.59,ASK
77,1712363749.0299444,11493482.09725806,9.539,-0.0,9.59,ASK
78,1712363750.2615414,11493482.09725806,9.539,-0.0,9.59,ASK
79,1712363751.5144796,11493482.09725806,9.539,-0.0,9.59,ASK
80,1712363752.7642164,11493482.09725806,9.539,-0.0,9.59,ASK
81,1712363754.102644,11493482.09725806,9.539,-0.0,9.59,ASK
82,1712363755.332112,11493482.09725806,9.539,-0.0,9.59,ASK
83,1712363756.5474157,11493482.09725806,9.539,-0.0,9.59,ASK
84,1712363757.7867587,11493482.09725806,9.539,-0.0,9.59,ASK
85,1712363759.0047245,11493482.09725806,9.539,-0.0,9.59,ASK
86,1712363760.2246978,11493482.09725806,9.539,-0.0,9.59,ASK
87,1712363761.509568,11493482.09725806,9.539,-0.0,9.59,ASK
88,1712363762.7618437,11493482.09725806,9.539,-0.0,9.59,ASK
89,1712363763.9894712,11493482.09725806,9.539,-0.0,9.59,ASK
90,1712363765.2913365,11493482.09725806,9.539,-0.0,9.59,ASK
91,1712363766.5205538,11493482.09725806,9.539,-0.0,9.59,ASK
92,1712363767.742278,11493482.09725806,9.539,-0.0,9.59,ASK
93,1712363768.9612834,11493482.09725806,9.539,-0.0,9.59,ASK
94,1712363770.168636,11493482.09725806,9.539,-0.0,9.59,ASK
95,1712363771.3866434,11493482.09725806,9.539,-0.0,9.59,ASK
96,1712363772.6075866,11493482.09725806,9.539,-0.0,9.59,ASK
97,1712363773.8107862,11493482.09725806,9.539,-0.0,9.59,ASK
98,1712363775.033524,11493482.09725806,9.539,-0.0,9.59,ASK
99,1712363776.2603686,11493482.09725806,9.539,-0.0,9.59,ASK
100,1712363777.4767344,11493482.09725806,9.539,-0.0,9.59,ASK
101,1712363778.6919582,11493482.09725806,9.539,-0.0,9.59,ASK
102,1712363779.8970845,11493482.09725806,9.539,-0.0,9.59,ASK
103,1712363781.1429765,11493482.09725806,9.539,-0.0,9.59,ASK
104,1712363782.4007869,11493482.09725806,9.539,-0.0,9.59,ASK
105,1712363783.6453824,11493482.09725806,9.539,-0.0,9.59,ASK
106,1712363784.886987,11493482.09725806,9.539,-0.0,9.59,ASK
107,1712363786.1181626,11493482.09725806,9.539,-0.0,9.59,ASK
108,1712363787.379322,11493482.09725806,9.539,-0.0,9.59,ASK
109,1712363788.6104586,11493482.09725806,9.539,-0.0,9.59,ASK
110,1712363789.9290593,11493482.09725806,9.539,-0.0,9.59,ASK
111,1712363791.1770833,11493482.09725806,9.539,-0.0,9.59,ASK
112,1712363792.4544675,11493482.09725806,9.539,-0.0,9.59,ASK
113,1712363793.6725035,11493482.09725806,9.539,-0.0,9.59,ASK
114,1712363794.8758707,11493482.09725806,9.539,-0.0,9.59,ASK
115,1712363796.0870538,11493482.09725806,9.539,-0.0,9.59,ASK
116,1712363797.296883,11493482.09725806,9.539,-0.0,9.59,ASK
117,1712363798.513326,11493482.09725806,9.539,-0.0,9.59,ASK
118,1712363799.7297015,11493482.09725806,9.539,-0.0,9.59,ASK
119,1712363800.9489555,11493482.09725806,9.539,-0.0,9.59,ASK
120,1712363802.161206,11493482.09725806,9.539,-0.0,9.59,ASK
121,1712363803.3707576,11493482.09725806,9.539,-0.0,9.59,ASK
122,1712363804.5792117,11493482.09725806,9.539,-0.0,9.59,ASK
123,1712363805.7969413,11493482.09725806,9.539,-0.0,9.59,ASK
124,1712363807.04723,11493482.09725806,9.539,-0.0,9.59,ASK
125,1712363808.255936,11493482.09725806,9.539,-0.0,9.59,ASK
126,1712363809.4686675,11493482.09725806,9.539,-0.0,9.59,ASK
127,1712363810.7562828,11493482.09725806,9.539,-0.0,9.59,ASK
128,1712363811.9688098,11493482.09725806,9.539,-0.0,9.59,ASK
129,1712363813.1824706,11493482.09725806,9.539,-0.0,9.59,ASK
130,1712363814.4070811,11493482.09725806,9.539,-0.0,9.59,ASK
131,1712363815.6454222,11493482.09725806,9.539,-0.0,9.59,ASK
132,1712363816.8982074,11493482.09725806,9.539,-0.0,9.59,ASK
133,1712363818.113322,11493482.09725806,9.539,-0.0,9.59,ASK
134,1712363819.3447967,11494528.23179096,9.559,2.731052928818344e-07,9.59,BID
135,1712363820.5560863,11494528.23179096,9.559,0.0,9.59,BID
136,1712363821.81236,11494528.23179096,9.559,0.0,9.59,BID
137,1712363823.007847,11494528.23179096,9.559,0.0,9.59,BID
138,1712363824.2226143,11494528.23179096,9.559,0.0,9.59,BID
139,1712363825.4444444,11494528.23179096,9.559,0.0,9.59,BID
140,1712363826.657016,11494528.23179096,9.559,0.0,9.59,BID
141,1712363827.888522,11494528.23179096,9.559,0.0,9.59,BID
142,1712363829.0991147,11494528.23179096,9.559,0.0,9.59,BID
143,1712363830.3278456,11494528.23179096,9.559,0.0,9.59,BID
144,1712363831.53907,11494528.23179096,9.559,0.0,9.59,BID
145,1712363832.7479203,11494528.23179096,9.559,0.0,9.59,BID
146,1712363833.9667506,11494528.23179096,9.559,0.0,9.59,BID
147,1712363835.1812088,11494528.23179096,9.559,0.0,9.59,BID
148,1712363836.400195,11494528.23179096,9.559,0.0,9.59,BID
149,1712363837.6172013,11494528.23179096,9.559,0.0,9.59,BID
150,1712363838.8264177,11494528.23179096,9.559,0.0,9.59,BID
151,1712363840.0398467,11494528.23179096,9.559,0.0,9.59,BID
152,1712363841.2679348,11494528.23179096,9.559,0.0,9.59,BID
153,1712363842.5097458,11494528.23179096,9.559,0.0,9.59,BID
154,1712363843.7608685,11494528.23179096,9.559,0.0,9.59,BID
155,1712363845.0091677,11494528.23179096,9.559,0.0,9.59,BID
156,1712363846.260223,11494528.23179096,9.559,0.0,9.59,BID
157,1712363847.5224762,11494528.23179096,9.559,0.0,9.59,BID
158,1712363848.7496445,11494528.23179096,9.559,0.0,9.59,BID
159,1712363849.9931774,11494528.23179096,9.559,0.0,9.59,BID
160,1712363851.2338479,11494528.23179096,9.559,0.0,9.59,BID
161,1712363852.4750538,11494528.23179096,9.559,0.0,9.59,BID
162,1712363853.8021746,11494528.23179096,9.559,0.0,9.59,BID
163,1712363855.1114197,11494528.23179096,9.559,0.0,9.59,BID
164,1712363856.3168302,11494528.23179096,9.559,0.0,9.59,BID
165,1712363857.5208204,11494528.23179096,9.559,0.0,9.59,BID
166,1712363858.8162198,11494528.23179096,9.559,0.0,9.59,BID
167,1712363860.099642,11494528.23179096,9.559,0.0,9.59,BID
168,1712363861.3895736,11494528.23179096,9.559,0.0,9.59,BID
169,1712363862.6076179,11494528.23179096,9.559,0.0,9.59,BID
170,1712363863.8263204,11494528.23179096,9.559,0.0,9.59,BID
171,1712363865.098808,11494528.23179096,9.559,0.0,9.59,BID
172,1712363866.3165758,11494528.23179096,9.559,0.0,9.59,BID
173,1712363867.6219552,11494528.23179096,9.559,0.0,9.59,BID
174,1712363868.8870366,11494528.23179096,9.559,0.0,9.59,BID
175,1712363870.079564,11494528.23179096,9.559,0.0,9.59,BID
176,1712363871.2704241,11497191.67673168,9.559,6.953207152386376e-07,9.59,BID
177,1712363872.478289,11497191.67673168,9.559,0.0,9.59,BID
178,1712363873.7508483,11497191.67673168,9.559,0.0,9.59,BID
179,1712363874.9755447,11497191.67673168,9.559,0.0,9.59,BID
180,1712363876.17124,11497191.67673168,9.559,0.0,9.59,BID
181,1712363877.3686051,11497191.67673168,9.559,0.0,9.59,BID
182,1712363878.6699555,11497191.67673168,9.559,0.0,9.59,BID
183,1712363879.8872144,11497191.67673168,9.559,0.0,9.59,BID
184,1712363881.1055832,11497191.67673168,9.559,0.0,9.59,BID
185,1712363882.3390272,11497191.67673168,9.559,0.0,9.59,BID
186,1712363883.8062942,11497191.67673168,9.559,0.0,9.59,BID
187,1712363885.1311283,11497191.67673168,9.559,0.0,9.59,BID
188,1712363886.3234954,11567646.30020304,9.546,-1.8392808813603003e-05,9.59,ASK
189,1712363887.5734303,11567646.30020304,9.546,-0.0,9.59,ASK
190,1712363888.8436294,11567646.30020304,9.546,-0.0,9.59,ASK
191,1712363890.0871472,11567646.30020304,9.546,-0.0,9.59,ASK
192,1712363891.2914493,11567646.30020304,9.546,-0.0,9.59,ASK
193,1712363892.4788713,11567646.30020304,9.546,-0.0,9.59,ASK
194,1712363893.7172003,11567646.30020304,9.546,-0.0,9.59,ASK
195,1712363894.9030151,11567646.30020304,9.546,-0.0,9.59,ASK
196,1712363896.2301333,11567646.30020304,9.546,-0.0,9.59,ASK
197,1712363897.4749599,11567646.30020304,9.546,-0.0,9.59,ASK
198,1712363898.714679,11567646.30020304,9.546,-0.0,9.59,ASK
199,1712363899.9548616,11567646.30020304,9.546,-0.0,9.59,ASK
200,1712363901.4111736,11567646.30020304,9.546,-0.0,9.59,ASK
201,1712363902.663752,11567646.30020304,9.546,-0.0,9.59,ASK
202,1712363903.836193,11567646.30020304,9.546,-0.0,9.59,ASK
203,1712363905.0036302,11567646.30020304,9.546,-0.0,9.59,ASK
204,1712363906.1752415,11567646.30020304,9.546,-0.0,9.59,ASK
205,1712363907.3421993,11567646.30020304,9.546,-0.0,9.59,ASK
206,1712363908.5159712,11567646.30020304,9.546,-0.0,9.59,ASK
207,1712363909.691277,11567646.30020304,9.546,-0.0,9.59,ASK
208,1712363910.8558257,11567646.30020304,9.546,-0.0,9.59,ASK
209,1712363912.0308192,11567646.30020304,9.546,-0.0,9.59,ASK
210,1712363913.1968737,11567646.30020304,9.546,-0.0,9.59,ASK
211,1712363914.3441627,11567646.30020304,9.546,-0.0,9.59,ASK
212,1712363915.4958456,11567646.30020304,9.546,-0.0,9.59,ASK
213,1712363916.6453621,11567646.30020304,9.546,-0.0,9.59,ASK
214,1712363917.796115,11567646.30020304,9.546,-0.0,9.59,ASK
215,1712363918.953797,11567646.30020304,9.546,-0.0,9.59,ASK
216,1712363920.1308568,11567646.30020304,9.546,-0.0,9.59,ASK
217,1712363921.292583,11567646.30020304,9.546,-0.0,9.59,ASK
218,1712363922.4470196,11567646.30020304,9.546,-0.0,9.59,ASK
219,1712363923.602468,11567646.30020304,9.546,-0.0,9.59,ASK
220,1712363924.7567964,11567646.30020304,9.546,-0.0,9.59,ASK
221,1712363925.9222944,11567646.30020304,9.546,-0.0,9.59,ASK
222,1712363927.1001995,11567646.30020304,9.546,-0.0,9.59,ASK
223,1712363928.2460496,11578080.3569643,9.584,2.723425549833443e-06,9.59,BID
224,1712363929.386959,11578080.3569643,9.584,0.0,9.59,BID
225,1712363930.552657,11578080.3569643,9.584,0.0,9.59,BID
226,1712363931.705581,11578080.3569643,9.584,0.0,9.59,BID
227,1712363932.8492336,11578080.3569643,9.584,0.0,9.59,BID
228,1712363933.9923632,11578080.3569643,9.584,0.0,9.59,BID
229,1712363935.2041414,11578080.3569643,9.584,0.0,9.59,BID
230,1712363936.3544242,11578080.3569643,9.584,0.0,9.59,BID
231,1712363937.520587,11578080.3569643,9.584,0.0,9.59,BID
232,1712363938.677217,11578080.3569643,9.584,0.0,9.59,BID
233,1712363939.8520064,11578080.3569643,9.584,0.0,9.59,BID
234,1712363941.0289993,11578080.3569643,9.584,0.0,9.59,BID
235,1712363942.2321143,11578080.3569643,9.584,0.0,9.59,BID
236,1712363943.4008448,11578080.3569643,9.584,0.0,9.59,BID
237,1712363944.5714748,11578080.3569643,9.584,0.0,9.59,BID
238,1712363945.7370837,11578080.3569643,9.584,0.0,9.59,BID
239,1712363946.9224696,11578080.3569643,9.584,0.0,9.59,BID
240,1712363948.0879319,11578080.3569643,9.584,0.0,9.59,BID
241,1712363949.2393425,11578080.3569643,9.584,0.0,9.59,BID
242,1712363950.411703,11578080.3569643,9.584,0.0,9.59,BID
243,1712363951.5836034,11578080.3569643,9.584,0.0,9.59,BID
244,1712363952.7397525,11578080.3569643,9.584,0.0,9.59,BID
245,1712363953.8846288,11578080.3569643,9.584,0.0,9.59,BID
246,1712363955.0473802,11578080.3569643,9.584,0.0,9.59,BID
247,1712363956.192809,11578080.3569643,9.584,0.0,9.59,BID
248,1712363957.3663898,11578080.3569643,9.584,0.0,9.59,BID
249,1712363958.5334039,11578080.3569643,9.584,0.0,9.59,BID
250,1712363959.6847558,11578080.3569643,9.584,0.0,9.59,BID
251,1712363960.8540413,11578080.3569643,9.584,0.0,9.59,BID
252,1712363962.002541,11578080.3569643,9.584,0.0,9.59,BID
253,1712363963.160661,11687581.84578583,9.584,-2.8580577575643648e-05,9.59,ASK
254,1712363964.328549,11687581.84578583,9.584,-0.0,9.59,ASK
255,1712363965.4739568,11687581.84578583,9.584,-0.0,9.59,ASK
256,1712363966.6219492,11687581.84578583,9.584,-0.0,9.59,ASK
257,1712363967.7792015,11687581.84578583,9.584,-0.0,9.59,ASK
258,1712363968.9450963,11687581.84578583,9.584,-0.0,9.59,ASK
259,1712363970.112629,11687581.84578583,9.584,-0.0,9.59,ASK
260,1712363971.2696517,11687581.84578583,9.584,-0.0,9.59,ASK
261,1712363972.4272122,11687581.84578583,9.584,-0.0,9.59,ASK
262,1712363973.5769312,11687581.84578583,9.584,-0.0,9.59,ASK
263,1712363974.7408516,11687581.84578583,9.584,-0.0,9.59,ASK
264,1712363975.8842,11687581.84578583,9.584,-0.0,9.59,ASK
265,1712363977.0491438,11687581.84578583,9.584,-0.0,9.59,ASK
266,1712363978.2009673,11687581.84578583,9.584,-0.0,9.59,ASK
267,1712363979.3558526,11687581.84578583,9.584,-0.0,9.59,ASK
268,1712363980.52994,11687581.84578583,9.584,-0.0,9.59,ASK
269,1712363981.711509,11687581.84578583,9.584,-0.0,9.59,ASK
270,1712363982.8901775,11687581.84578583,9.584,-0.0,9.59,ASK
271,1712363984.089841,11687581.84578583,9.584,-0.0,9.59,ASK
272,1712363985.2846105,11687581.84578583,9.584,-0.0,9.59,ASK
273,1712363986.4708903,11687581.84578583,9.584,-0.0,9.59,ASK
274,1712363987.629384,11687581.84578583,9.584,-0.0,9.59,ASK
275,1712363988.782304,11687581.84578583,9.584,-0.0,9.59,ASK
276,1712363989.9354773,11687581.84578583,9.584,-0.0,9.59,ASK
277,1712363991.0886486,11687581.84578583,9.584,-0.0,9.59,ASK
278,1712363992.2737408,12149839.74958382,9.584,-0.00012061918190496778,9.59,ASK
279,1712363993.4457316,12149839.74958382,9.584,-0.0,9.59,ASK
280,1712363994.6004617,12149839.74958382,9.584,-0.0,9.59,ASK
281,1712363995.7470162,12149839.74958382,9.584,-0.0,9.59,ASK
282,1712363996.9109218,12149839.74958382,9.584,-0.0,9.59,ASK
283,1712363998.0835774,12205726.56093606,9.585,1.4582814937719971e-05,9.59,BID
284,1712363999.2556217,12205726.56093606,9.585,0.0,9.59,BID
285,1712364000.4445977,12205726.56093606,9.585,0.0,9.59,BID
286,1712364001.691485,12219290.50815115,9.585,-3.550578586781888e-06,9.59,ASK
287,1712364002.859814,12219290.50815115,9.585,-0.0,9.59,ASK
288,1712364004.0235205,12219290.50815115,9.585,-0.0,9.59,ASK
289,1712364005.215602,12219290.50815115,9.585,-0.0,9.59,ASK
290,1712364006.379744,12304432.28780905,9.585,-2.228721292556625e-05,9.59,ASK
291,1712364007.5316129,12304432.28780905,9.585,-0.0,9.59,ASK
292,1712364008.6835787,12304432.28780905,9.585,-0.0,9.59,ASK
293,1712364009.8710706,12304432.28780905,9.585,-0.0,9.59,ASK
294,1712364011.039014,12306518.44614846,9.587,5.460850747272917e-07,9.59,BID
295,1712364012.2082508,12306518.44614846,9.587,0.0,9.59,BID
296,1712364013.4069204,12306518.44614846,9.587,0.0,9.59,BID
297,1712364014.5665994,12306518.44614846,9.587,0.0,9.59,BID
298,1712364015.7347052,12309647.68365758,9.587,-8.191276120914252e-07,9.59,ASK
299,1712364016.896099,12309647.68365758,9.587,-0.0,9.59,ASK
300,1712364018.0493207,12309647.68365758,9.587,-0.0,9.59,ASK
301,1712364019.2144313,12311733.62441686,9.588,5.460281196728827e-07,9.59,BID
302,1712364020.3904495,12311733.62441686,9.588,0.0,9.59,BID
303,1712364021.5565076,12311733.62441686,9.588,0.0,9.59,BID
304,1712364022.7412937,12342979.27880604,9.588,8.179046235213343e-06,9.59,BID
305,1712364023.9250364,12345065.21956532,9.588,5.460281196728827e-07,9.59,BID
306,1712364025.0907633,12345065.21956532,9.588,0.0,9.59,BID
307,1712364026.2674634,12370964.26003257,9.588,6.779485133863774e-06,9.59,BID
308,1712364027.4365094,12370964.26003257,9.588,0.0,9.59,BID
309,1712364028.6482875,12370964.26003257,9.588,0.0,9.59,BID
310,1712364029.8211462,12370964.26003257,9.588,0.0,9.59,BID
311,1712364030.9965806,12370964.26003257,9.588,0.0,9.59,BID
312,1712364032.1983309,12370964.26003257,9.588,0.0,9.59,BID
313,1712364033.3963451,12370964.26003257,9.588,0.0,9.59,BID
314,1712364034.5764542,12370964.26003257,9.588,0.0,9.59,BID
315,1712364035.7665503,12370964.26003257,9.588,0.0,9.59,BID
316,1712364036.9433663,12370964.26003257,9.588,0.0,9.59,BID
317,1712364038.1221669,12370964.26003257,9.588,0.0,9.59,BID
318,1712364039.3032131,12370964.26003257,9.588,0.0,9.59,BID
319,1712364040.4772255,12370964.26003257,9.588,0.0,9.59,BID
320,1712364041.6431444,12370964.26003257,9.588,0.0,9.59,BID
321,1712364042.8316011,12370964.26003257,9.588,0.0,9.59,BID
322,1712364044.0219367,12370964.26003257,9.588,0.0,9.59,BID
323,1712364045.1973624,12370964.26003257,9.588,0.0,9.59,BID
324,1712364046.3734772,12370964.26003257,9.588,0.0,9.59,BID
325,1712364047.5390322,12398949.00137591,9.588,7.322663423380073e-06,9.59,BID
326,1712364048.7376132,12398949.00137591,9.588,0.0,9.59,BID
