,time,acc_trade_volume,trade_price,dev,high,ask_bid
0,1712365207.1787426,424239.8195952,1008.0,0.0,1016.0,BID
1,1712365209.8486242,425268.04540165,1008.0,1.6979067437867621e-07,1016.0,BID
2,1712365209.8498127,428232.75353258,1008.0,4.895615240629728e-07,1016.0,BID
3,1712365210.4685187,428786.75353258,1008.0,9.148188366381e-08,1016.0,BID
4,1712365210.4886332,434317.75353258,1008.0,9.133326688529478e-07,1016.0,BID
5,1712365210.7685392,442098.75353258,1008.0,1.2848746151409847e-06,1016.0,BID
6,1712365211.276189,464031.75353258,1008.0,3.621790892415785e-06,1016.0,BID
7,1712365211.3583276,465221.63448496,1008.0,1.96484748843704e-07,1016.0,BID
8,1712365218.1790614,468112.22491261,1008.0,4.773224859602926e-07,1016.0,BID
9,1712365218.270851,469114.7450739,1008.0,1.655459075194073e-07,1016.0,BID
10,1712365218.3653872,469789.7450739,1008.0,1.1146258388641109e-07,1016.0,BID
11,1712365220.608858,470253.6030739,1008.0,7.659675738723511e-08,1016.0,BID
12,1712365222.6788943,471231.06023116,1008.0,1.614072598318076e-07,1016.0,BID
13,1712365222.771518,474049.38589812,1008.0,4.653894238114849e-07,1016.0,BID
14,1712365222.857402,474648.20370378,1008.0,9.888263688304605e-08,1016.0,BID
15,1712365222.936723,475088.72343268,1008.0,7.27429144239028e-08,1016.0,BID
16,1712365223.0784743,475138.38589812,1009.0,8.200750696461047e-09,1016.0,BID
17,1712365223.1603873,475490.38589812,1009.0,5.8125673374839573e-08,1016.0,BID
18,1712365223.2499268,478884.38589812,1009.0,5.604503847562655e-07,1016.0,BID
19,1712365230.1886868,478884.38589812,1009.0,0.0,1016.0,BID
20,1712365260.1605296,478884.38589812,1009.0,0.0,1016.0,BID
21,1712365290.1098766,478884.38589812,1009.0,0.0,1016.0,BID
22,1712365302.2587495,479483.00531982,1009.0,9.789269022464317e-08,1016.0,BID
23,1712365310.2084966,483794.20452695,1009.0,7.05013691807343e-07,1016.0,BID
24,1712365318.278682,483893.3125547,1009.0,1.6207211305894817e-08,1016.0,BID
25,1712365320.188679,483893.3125547,1009.0,0.0,1016.0,BID
26,1712365332.6786387,483913.13416025,1009.0,3.2387654681089202e-09,1016.0,BID
27,1712365341.3986323,484507.78232675,1009.0,9.716296404322006e-08,1016.0,BID
28,1712365350.1806457,484507.78232675,1009.0,0.0,1016.0,BID
29,1712365362.8386323,484512.73772813,1009.0,8.09609348050699e-10,1016.0,BID
30,1712365380.1287282,484512.73772813,1009.0,0.0,1016.0,BID
31,1712365410.128776,484512.73772813,1009.0,0.0,1016.0,BID
32,1712365422.378832,484658.16282733,1008.0,-2.375941211320487e-08,1016.0,ASK
33,1712365422.4796724,484668.16282733,1008.0,-1.633790332199202e-09,1016.0,ASK
34,1712365431.9786737,485032.4233283,1008.0,5.9512528488683344e-08,1016.0,BID
35,1712365436.9786212,485767.6713422,1007.0,-1.2012410968785025e-07,1016.0,ASK
36,1712365437.064633,488021.75044525,1007.0,-3.682692646575334e-07,1016.0,ASK
37,1712365437.180021,489961.66634622,1007.0,3.169415844284282e-07,1016.0,BID
38,1712365440.1892903,489961.66634622,1007.0,0.0,1016.0,BID
39,1712365458.928774,489981.5273194,1008.0,-3.2419599941169433e-09,1016.0,ASK
40,1712365470.1725674,489981.5273194,1008.0,-0.0,1016.0,ASK
41,1712365500.130195,489981.5273194,1008.0,-0.0,1016.0,ASK
42,1712365515.5989487,490087.46641334,1008.0,-1.7329908838046587e-08,1016.0,ASK
43,1712365515.688247,492061.73242428,1008.0,-3.229577365558361e-07,1016.0,ASK
44,1712365529.2990837,492073.8336344,1006.0,-1.9795607118150487e-09,1016.0,ASK
45,1712365530.1830895,492073.8336344,1006.0,-0.0,1016.0,ASK
46,1712365560.178379,492073.8336344,1006.0,-0.0,1016.0,ASK
47,1712365590.1203532,492073.8336344,1006.0,-0.0,1016.0,ASK
48,1712365593.687121,492129.08036491,1006.0,-9.034347662975306e-09,1016.0,ASK
49,1712365593.7742534,492188.72251202,1006.0,-9.753118191489798e-09,1016.0,ASK
50,1712365593.8545723,492238.4737558,1005.0,-8.135685656412302e-09,1016.0,ASK
51,1712365593.9735923,492642.61012023,1006.0,-6.60873211103207e-08,1016.0,ASK
52,1712365594.0615687,492652.56036898,1005.0,-1.6271371302982431e-09,1016.0,ASK
53,1712365594.148315,492751.57026997,1006.0,-1.6190819970026086e-08,1016.0,ASK
54,1712365594.2346983,493846.09763316,1005.0,-1.7898508444591554e-07,1016.0,ASK
55,1712365594.3244743,493945.50121168,1006.0,-1.6255196986371583e-08,1016.0,ASK
56,1712365594.4058182,498976.54188618,1005.0,-8.227124056101696e-07,1016.0,ASK
57,1712365620.180701,498976.54188618,1005.0,-0.0,1016.0,ASK
58,1712365621.7291045,499195.65422056,1005.0,-3.5790238886048656e-08,1016.0,ASK
59,1712365621.8527744,502945.65422056,1005.0,6.125323624635828e-07,1016.0,BID
60,1712365621.949741,504701.46129488,1005.0,2.867969747369397e-07,1016.0,BID
61,1712365622.0378542,505250.56339777,1005.0,8.96914155511773e-08,1016.0,BID
62,1712365627.5589662,505751.56339777,1005.0,8.183432362513465e-08,1016.0,BID
63,1712365639.8489394,507494.16487677,1005.0,2.846399468705083e-07,1016.0,BID
64,1712365641.3090208,508444.17687677,1005.0,1.551768252609989e-07,1016.0,BID
65,1712365641.7597082,511209.41787788,1005.0,4.516798941842856e-07,1016.0,BID
66,1712365641.8456018,511892.77590098,1005.0,1.1162104114610453e-07,1016.0,BID
67,1712365641.933031,516150.62959408,1005.0,6.954861817756863e-07,1016.0,BID
68,1712365643.5790536,517317.18015761,1005.0,1.9054665936326906e-07,1016.0,BID
69,1712365650.189216,517317.18015761,1005.0,0.0,1016.0,BID
70,1712365655.589046,517401.17915761,1005.0,1.3679376055923064e-08,1016.0,BID
71,1712365663.199092,517419.18115761,1005.0,2.9316554692127595e-09,1016.0,BID
72,1712365680.1106987,517419.18115761,1005.0,0.0,1016.0,BID
73,1712365699.6791875,517518.68364517,1005.0,1.6203874133715897e-08,1016.0,BID
74,1712365710.1291358,517518.68364517,1005.0,0.0,1016.0,BID
75,1712365740.1792767,517518.68364517,1005.0,0.0,1016.0,BID
76,1712365770.17906,517518.68364517,1005.0,0.0,1016.0,BID
77,1712365800.156577,517518.68364517,1005.0,0.0,1016.0,BID
78,1712365802.7395065,518876.78171056,1005.0,2.227740713982726e-07,1016.0,BID
79,1712365806.6821666,518926.53295434,1004.0,-8.160888684284143e-09,1016.0,ASK
80,1712365806.7705262,520859.63811489,1004.0,-3.1709470621554184e-07,1016.0,ASK
81,1712365806.861691,522217.72998528,1004.0,-2.2277305520849014e-07,1016.0,ASK
82,1712365814.6291692,522715.7379534,1004.0,-8.169017059530949e-08,1016.0,ASK
83,1712365830.1352713,522715.7379534,1004.0,-0.0,1016.0,ASK
84,1712365831.0809946,522815.33954702,1004.0,1.6324058673258993e-08,1016.0,BID
85,1712365860.1943097,522815.33954702,1004.0,0.0,1016.0,BID
86,1712365887.0491977,522914.94114064,1004.0,-1.6323791136862148e-08,1016.0,ASK
87,1712365887.1373525,523303.64222834,1004.0,-6.370455672116487e-08,1016.0,ASK
88,1712365887.2326903,524895.31075164,1004.0,2.608599279303416e-07,1016.0,BID
89,1712365890.179424,524895.31075164,1004.0,0.0,1016.0,BID
90,1712365895.6158135,525095.57867992,1004.0,3.281085402686748e-08,1016.0,BID
91,1712365897.1091845,531082.57867992,1004.0,9.808788893254927e-07,1016.0,BID
92,1712365897.29907,531912.90984043,1004.0,1.3603713153388276e-07,1016.0,BID
93,1712365897.9253318,532013.90984043,1004.0,1.654731381691578e-08,1016.0,BID
94,1712365898.0610275,532114.62847018,1005.0,1.6501215581012833e-08,1016.0,BID
95,1712365898.1413217,532114.90984043,1004.0,4.609823590294821e-11,1016.0,BID
96,1712365910.849569,532852.03583516,1005.0,1.2076688274655732e-07,1016.0,BID
97,1712365910.943484,534602.30979543,1005.0,2.867557671897564e-07,1016.0,BID
98,1712365920.1290286,534602.30979543,1005.0,0.0,1016.0,BID
99,1712365930.2292554,534602.30979599,1005.0,9.159426410182341e-17,1016.0,BID
100,1712365930.332599,534868.84484041,1005.0,4.3598081317105737e-08,1016.0,BID
101,1712365948.5735526,535831.36920041,1006.0,1.5744351894994516e-07,1016.0,BID
102,1712365950.1194873,535831.36920041,1006.0,0.0,1016.0,BID
103,1712365954.009231,537003.54407069,1006.0,1.916980333680488e-07,1016.0,BID
104,1712365954.108988,537286.97710745,1006.0,4.63527730512051e-08,1016.0,BID
105,1712365957.6490402,537304.97710745,1006.0,2.9437285238851686e-09,1016.0,BID
106,1712365959.089195,537791.39058554,1006.0,7.954829054753419e-08,1016.0,BID
107,1712365960.9392724,538386.63512701,1006.0,9.734657418957869e-08,1016.0,BID
108,1712365970.3267567,538564.62636308,1006.0,2.910877103448087e-08,1016.0,BID
109,1712365970.417956,540785.32707004,1006.0,3.631744452272368e-07,1016.0,BID
110,1712365980.1891394,540785.32707004,1006.0,0.0,1016.0,BID
111,1712366010.1891997,540785.32707004,1006.0,0.0,1016.0,BID
112,1712366040.110592,540785.32707004,1006.0,0.0,1016.0,BID
113,1712366049.369104,543501.71099861,1008.0,4.438769393769253e-07,1016.0,BID
114,1712366049.4696426,545818.71099861,1008.0,3.786146934972362e-07,1016.0,BID
115,1712366055.9839752,545848.32600354,1005.0,-4.839307731752663e-09,1016.0,ASK
116,1712366070.1345406,545848.32600354,1005.0,-0.0,1016.0,ASK
117,1712366100.173185,545848.32600354,1005.0,-0.0,1016.0,ASK
118,1712366130.119135,545848.32600354,1005.0,-0.0,1016.0,ASK
119,1712366160.1815374,545848.32600354,1005.0,-0.0,1016.0,ASK
120,1712366165.0094242,545858.32600354,1006.0,-1.63925613010005e-09,1016.0,ASK
121,1712366165.0979288,547742.92395616,1005.0,-3.089338746606355e-07,1016.0,ASK
122,1712366165.1831918,547847.7947315,1006.0,-1.7191006134445417e-08,1016.0,ASK
123,1712366165.2774217,548216.18967681,1005.0,-6.038936723974204e-08,1016.0,ASK
124,1712366165.3737938,549277.63681392,1005.0,-1.73998372628461e-07,1016.0,ASK
125,1712366165.4672186,549382.50758926,1006.0,-1.7191006134445417e-08,1016.0,ASK
126,1712366165.5558102,552746.48908606,1005.0,-5.514427290172493e-07,1016.0,ASK
127,1712366165.6487615,556615.15832709,1004.0,-6.341739768687939e-07,1016.0,ASK
128,1712366165.7357826,580730.43993169,1005.0,-3.953112319942956e-06,1016.0,ASK
129,1712366165.8257492,580985.68991575,1004.0,-4.184201010782106e-08,1016.0,ASK
130,1712366179.6900616,581025.74163201,1005.0,-6.565502140028192e-09,1016.0,ASK
131,1712366179.7722127,581091.62900969,1005.0,-1.0800628775823341e-08,1016.0,ASK
132,1712366188.949046,581358.62900969,1006.0,4.376813867367135e-08,1016.0,BID
133,1712366190.179299,581358.62900969,1006.0,0.0,1016.0,BID
134,1712366195.3725023,582441.62900969,1006.0,1.764989979053483e-07,1016.0,BID
135,1712366195.4732304,584896.62900969,1006.0,4.000969897115698e-07,1016.0,BID
136,1712366195.5891993,585469.62900969,1006.0,9.33831263155721e-08,1016.0,BID
137,1712366196.7756536,586281.62900969,1006.0,1.323335053547025e-07,1016.0,BID
138,1712366202.7087498,586281.82870927,1006.0,3.2545499304695087e-11,1016.0,BID
139,1712366207.739121,586727.82870927,1008.0,7.268564456674548e-08,1016.0,BID
140,1712366220.121498,586727.82870927,1008.0,0.0,1016.0,BID
141,1712366228.8094933,586737.82870927,1008.0,1.6282893834447071e-09,1016.0,BID
142,1712366228.9220157,586738.69942905,1008.0,1.4177837736988623e-10,1016.0,BID
143,1712366229.0011332,591683.24087053,1009.0,8.051144335164349e-07,1016.0,BID
144,1712366231.3892422,591743.98642358,1009.0,9.891133912272284e-09,1016.0,BID
145,1712366231.4732902,592731.72068633,1009.0,1.60831721370044e-07,1016.0,BID
146,1712366250.138485,592731.72068633,1009.0,0.0,1016.0,BID
147,1712366280.1890328,592731.72068633,1009.0,0.0,1016.0,BID
148,1712366310.1961634,592731.72068633,1009.0,0.0,1016.0,BID
149,1712366340.1392272,592731.72068633,1009.0,0.0,1016.0,BID
150,1712366343.919344,592981.46003221,1009.0,4.062472016387225e-08,1016.0,BID
151,1712366360.5691917,594294.46003221,1009.0,2.135837162030365e-07,1016.0,BID
152,1712366361.8490992,595344.46003221,1009.0,1.7080190556983117e-07,1016.0,BID
153,1712366362.6592596,596184.46003221,1009.0,1.366415244558649e-07,1016.0,BID
154,1712366367.6192372,596808.3567252,1009.0,1.0148832765847985e-07,1016.0,BID
155,1712366367.7060232,596856.46003221,1009.0,7.824891906212086e-09,1016.0,BID
156,1712366367.8065815,597528.46003221,1009.0,1.0931321956469193e-07,1016.0,BID
157,1712366367.9046094,597931.46003221,1009.0,6.555539804251615e-08,1016.0,BID
158,1712366369.3517375,598030.56003221,1009.0,1.6120446516158368e-08,1016.0,BID
159,1712366369.5606923,598333.56003221,1009.0,4.9288549893008424e-08,1016.0,BID
160,1712366370.130045,598333.56003221,1009.0,0.0,1016.0,BID
161,1712366370.3148117,598575.56003221,1009.0,3.932961115136472e-08,1016.0,BID
162,1712366373.7845516,599548.19774219,1009.0,1.58072160845735e-07,1016.0,BID
163,1712366373.96859,599717.08291025,1010.0,2.7447057805932893e-08,1016.0,BID
164,1712366392.669335,599853.71731619,1010.0,2.22056944442818e-08,1016.0,BID
165,1712366397.469522,600960.10414503,1011.0,1.7980894116226937e-07,1016.0,BID
166,1712366397.5590904,602038.43673517,1010.0,1.7524959281837876e-07,1016.0,BID
167,1712366400.1596465,602038.43673517,1010.0,0.0,1016.0,BID
168,1712366414.842456,602061.37159523,1010.0,-3.768274109746601e-09,1016.0,ASK
169,1712366430.129344,602061.37159523,1010.0,-0.0,1016.0,ASK
170,1712366445.6480048,602100.12696854,1011.0,6.367613042013152e-09,1016.0,BID
171,1712366445.76674,602125.64360314,1011.0,4.1924523334438906e-09,1016.0,BID
172,1712366446.6945112,602567.05022572,1011.0,7.252430635319313e-08,1016.0,BID
173,1712366451.0483944,613817.05022572,1011.0,-1.848405539782117e-06,1016.0,ASK
174,1712366452.4302478,613827.05022572,1011.0,-1.643027146472992e-09,1016.0,ASK
175,1712366460.1795278,613827.05022572,1011.0,-0.0,1016.0,ASK
176,1712366465.739498,614658.63563028,1010.0,-1.3636522758390136e-07,1016.0,ASK
177,1712366465.8247907,624448.13142988,1011.0,-1.605303334238395e-06,1016.0,ASK
178,1712366465.9108722,628486.71882285,1010.0,-6.622565595066451e-07,1016.0,ASK
179,1712366490.1850982,628486.71882285,1010.0,-0.0,1016.0,ASK
180,1712366520.129215,628486.71882285,1010.0,-0.0,1016.0,ASK
181,1712366542.559789,628496.71882285,1010.0,-1.6358478756737643e-09,1016.0,ASK
182,1712366550.1192374,628496.71882285,1010.0,-0.0,1016.0,ASK
183,1712366551.3914127,628991.52080304,1010.0,-8.094194308450223e-08,1016.0,ASK
184,1712366551.480001,629148.36534756,1010.0,-2.565733910519061e-08,1016.0,ASK
185,1712366580.1887722,629148.36534756,1010.0,-0.0,1016.0,ASK
186,1712366594.0486,629158.29912239,1009.0,-1.6248368219428831e-09,1016.0,ASK
187,1712366610.192889,629158.29912239,1009.0,-0.0,1016.0,ASK
188,1712366632.0990193,630715.8975404,1008.0,-2.547711376082076e-07,1016.0,ASK
189,1712366632.1997676,631486.1613293,1009.0,-1.25989458828015e-07,1016.0,ASK
190,1712366632.286831,631496.07213207,1009.0,-1.6210766954515395e-09,1016.0,ASK
191,1712366640.1445298,631496.07213207,1009.0,-0.0,1016.0,ASK
192,1712366649.128857,631560.19800619,1009.0,1.0484811069459106e-08,1016.0,BID
193,1712366649.2459602,631595.18015982,1009.0,-5.719707943890705e-09,1016.0,ASK
194,1712366670.128838,631595.18015982,1009.0,-0.0,1016.0,ASK
195,1712366700.189321,631595.18015982,1009.0,-0.0,1016.0,ASK
196,1712366730.1924794,631595.18015982,1009.0,-0.0,1016.0,ASK
197,1712366760.1230347,631595.18015982,1009.0,-0.0,1016.0,ASK
198,1712366790.120904,631595.18015982,1009.0,-0.0,1016.0,ASK
199,1712366820.210703,631595.18015982,1009.0,-0.0,1016.0,ASK
200,1712366847.119134,631694.28818757,1009.0,1.6245213300836337e-08,1016.0,BID
201,1712366850.1976123,631694.28818757,1009.0,0.0,1016.0,BID
202,1712366878.0494125,631793.49453677,1008.0,-1.6261063040945906e-08,1016.0,ASK
203,1712366878.156388,632795.47866375,1008.0,-1.642367367234018e-07,1016.0,ASK
204,1712366878.2755942,635326.14298688,1008.0,4.148050243330159e-07,1016.0,BID
205,1712366878.3658395,635693.79581301,1008.0,6.02625318953014e-08,1016.0,BID
206,1712366880.1289272,635693.79581301,1008.0,0.0,1016.0,BID
207,1712366884.608913,636204.76978798,1008.0,8.369920933524049e-08,1016.0,BID
208,1712366910.1289752,636204.76978798,1008.0,0.0,1016.0,BID
209,1712366940.159423,636204.76978798,1008.0,0.0,1016.0,BID
210,1712366941.339433,636214.76978746,1008.0,-1.6378944540482703e-09,1016.0,ASK
211,1712366941.4261708,637718.81934998,1008.0,-2.463474565172621e-07,1016.0,ASK
212,1712366963.7318914,638077.28423329,1009.0,5.871276748767839e-08,1016.0,BID
213,1712366963.8308609,642941.19131563,1009.0,7.966566849453939e-07,1016.0,BID
214,1712366970.188997,642941.19131563,1009.0,0.0,1016.0,BID
215,1712366980.9289875,642941.19131615,1008.0,-8.508028058911056e-17,1016.0,ASK
216,1712366981.059054,643143.05854015,1008.0,3.3026962152536965e-08,1016.0,BID
217,1712367000.1704464,643143.05854015,1008.0,0.0,1016.0,BID
218,1712367030.133556,643143.05854015,1008.0,0.0,1016.0,BID
219,1712367050.5291274,643152.98902674,1007.0,-1.626723918254065e-09,1016.0,ASK
220,1712367050.619691,643326.35815115,1007.0,-2.8399786738689483e-08,1016.0,ASK
221,1712367060.182025,643326.35815115,1007.0,-0.0,1016.0,ASK
222,1712367077.690323,643326.35815149,1007.0,-5.56830718851897e-17,1016.0,ASK
223,1712367090.1852036,643326.35815149,1007.0,-0.0,1016.0,ASK
224,1712367120.1316063,643326.35815149,1007.0,-0.0,1016.0,ASK
225,1712367150.1287675,643326.35815149,1007.0,-0.0,1016.0,ASK
226,1712367153.4313118,644297.23193749,1007.0,1.590350928230247e-07,1016.0,BID
227,1712367161.879045,644416.51623173,1006.0,-1.953950047918701e-08,1016.0,ASK
228,1712367180.1834364,644416.51623173,1006.0,-0.0,1016.0,ASK
229,1712367210.1920784,644416.51623173,1006.0,-0.0,1016.0,ASK
230,1712367214.829073,644432.5741343,1006.0,-2.629910256426924e-09,1016.0,ASK
231,1712367214.9332628,644551.85842852,1006.0,-1.9535987806154783e-08,1016.0,ASK
232,1712367215.0530014,644577.66211188,1006.0,4.2260420516449134e-09,1016.0,BID
233,1712367240.148933,644577.66211188,1006.0,0.0,1016.0,BID
234,1712367270.1235833,644577.66211188,1006.0,0.0,1016.0,BID
235,1712367288.5310762,644676.96697741,1007.0,1.6263391153690436e-08,1016.0,BID
236,1712367288.631295,644676.96697781,1007.0,6.550943865388913e-17,1016.0,BID
237,1712367300.1890783,644676.96697781,1007.0,0.0,1016.0,BID
238,1712367308.0990758,644757.64759083,1007.0,1.3306827781896482e-08,1016.0,BID
239,1712367330.1955853,644757.64759083,1007.0,0.0,1016.0,BID
240,1712367352.148989,645293.34709883,1007.0,8.835289308119616e-08,1016.0,BID
241,1712367356.2090514,645777.65957276,1007.0,7.987763212024233e-08,1016.0,BID
242,1712367360.1203876,645777.65957276,1007.0,0.0,1016.0,BID
243,1712367366.9890473,645777.65957287,1008.0,1.814127940372892e-17,1016.0,BID
244,1712367367.0817208,655771.21556879,1009.0,1.6479575135326678e-06,1016.0,BID
245,1712367371.372358,656007.35579022,1009.0,3.8939998165987563e-08,1016.0,BID
246,1712367371.461512,659757.35579022,1009.0,6.183825535445562e-07,1016.0,BID
247,1712367371.5486476,662422.09571954,1009.0,4.3942098187335403e-07,1016.0,BID
248,1712367371.6422443,662446.15774026,1010.0,3.967875684337311e-09,1016.0,BID
249,1712367371.7332022,665496.53018974,1010.0,5.03012561219041e-07,1016.0,BID
250,1712367371.8235528,665761.72455345,1009.0,4.373108475109776e-08,1016.0,BID
251,1712367378.9789944,669511.72455345,1009.0,6.183825535445562e-07,1016.0,BID
252,1712367379.07275,675749.09881087,1010.0,1.0285555788577155e-06,1016.0,BID
253,1712367384.03911,676800.39578893,1010.0,1.7336098928705137e-07,1016.0,BID
254,1712367384.143781,679306.39578893,1010.0,4.132444477820421e-07,1016.0,BID
255,1712367384.233318,685732.760197,1010.0,1.059720435378712e-06,1016.0,BID
256,1712367388.559412,687784.750037,1010.0,3.383772578951248e-07,1016.0,BID
257,1712367388.6476116,695716.42158313,1010.0,1.3079486145526807e-06,1016.0,BID
258,1712367390.138937,695716.42158313,1010.0,0.0,1016.0,BID
259,1712367394.459252,698077.57239355,1010.0,3.861481102499413e-07,1016.0,BID
260,1712367394.5601463,705700.08296926,1010.0,1.2466031568932944e-06,1016.0,BID
261,1712367416.169018,707635.11021619,1010.0,3.1645886886456493e-07,1016.0,BID
262,1712367416.2722027,709690.55227619,1010.0,3.361517882274101e-07,1016.0,BID
263,1712367417.8390083,710725.82205896,1010.0,1.6931043474702425e-07,1016.0,BID
264,1712367417.924941,713681.02158312,1010.0,4.833002223449507e-07,1016.0,BID
265,1712367419.856519,714615.28762951,1010.0,1.5279204813691726e-07,1016.0,BID
266,1712367419.9463952,717671.49089005,1010.0,4.998186089550577e-07,1016.0,BID
267,1712367420.1831553,717671.49089005,1010.0,0.0,1016.0,BID
268,1712367422.068928,719638.61090228,1010.0,3.2054494182078685e-07,1016.0,BID
269,1712367422.1559489,721661.96019698,1010.0,3.297075816017531e-07,1016.0,BID
270,1712367425.734403,724632.25722668,1010.0,4.840140320143926e-07,1016.0,BID
271,1712367425.819841,725652.42950391,1010.0,1.662384914081284e-07,1016.0,BID
272,1712367428.6389377,729642.89881084,1010.0,6.50252523422521e-07,1016.0,BID
273,1712367433.0390012,732118.14633559,1010.0,4.0334502667867e-07,1016.0,BID
274,1712367433.1265836,733628.88125151,1011.0,2.4617635564655614e-07,1016.0,BID
275,1712367433.5991223,734048.62630101,1010.0,6.839803958835235e-08,1016.0,BID
276,1712367435.894421,734649.05352873,1010.0,9.78404518181446e-08,1016.0,BID
277,1712367435.985207,738032.75432002,1011.0,5.513787499184835e-07,1016.0,BID
278,1712367440.628975,739410.35334766,1011.0,2.244816774888397e-07,1016.0,BID
279,1712367440.7152035,745991.8591667,1011.0,1.0724655266283127e-06,1016.0,BID
280,1712367450.1808877,745991.8591667,1011.0,0.0,1016.0,BID
281,1712367480.13075,745991.8591667,1011.0,0.0,1016.0,BID
282,1712367489.2588506,746001.8591667,1010.0,1.6219506120494128e-09,1016.0,BID
283,1712367489.3726015,746411.18415766,1010.0,-6.639049196146184e-08,1016.0,ASK
284,1712367510.1261714,746411.18415766,1010.0,-0.0,1016.0,ASK
285,1712367540.189864,746411.18415766,1010.0,-0.0,1016.0,ASK
286,1712367553.2790115,746430.98613785,1010.0,3.2115627784013635e-09,1016.0,BID
287,1712367570.1786652,746430.98613785,1010.0,0.0,1016.0,BID
288,1712367600.1506217,746430.98613785,1010.0,0.0,1016.0,BID
289,1712367606.3493218,746480.98613785,1009.0,-8.114968272342827e-09,1016.0,ASK
290,1712367606.442613,747786.97039404,1008.0,-2.1196041606322442e-07,1016.0,ASK
291,1712367606.5281525,747868.79546837,1009.0,-1.328015764139637e-08,1016.0,ASK
292,1712367606.6248658,747909.72850408,1008.0,-6.643405721548404e-09,1016.0,ASK
293,1712367613.218861,748206.75820705,1010.0,4.820773231090897e-08,1016.0,BID
294,1712367617.3289878,748504.0822903,1009.0,-4.8255510043545945e-08,1016.0,ASK
295,1712367630.12237,748504.0822903,1009.0,-0.0,1016.0,ASK
296,1712367652.0189345,748603.19031805,1009.0,1.6079713846745148e-08,1016.0,BID
297,1712367660.1886618,748603.19031805,1009.0,0.0,1016.0,BID
298,1712367690.1788118,748603.19031805,1009.0,0.0,1016.0,BID
299,1712367720.1263998,748603.19031805,1009.0,0.0,1016.0,BID
300,1712367728.1689,748613.19031805,1008.0,-1.622416804351889e-09,1016.0,ASK
301,1712367750.1233714,748613.19031805,1008.0,-0.0,1016.0,ASK
302,1712367780.1549726,748613.19031805,1008.0,-0.0,1016.0,ASK
303,1712367810.1287365,748613.19031805,1008.0,-0.0,1016.0,ASK
304,1712367840.1588266,748613.19031805,1008.0,-0.0,1016.0,ASK
305,1712367849.928915,748691.5915936,1008.0,1.2719933891365996e-08,1016.0,BID
306,1712367870.133247,748691.5915936,1008.0,0.0,1016.0,BID
307,1712367900.1588538,748691.5915936,1008.0,0.0,1016.0,BID
308,1712367927.0825713,749128.5915936,1007.0,-7.111834793231969e-08,1016.0,ASK
309,1712367927.1781206,749475.5915936,1007.0,-5.6471548586990695e-08,1016.0,ASK
310,1712367928.03751,749794.5915936,1007.0,-5.191476656844389e-08,1016.0,ASK
311,1712367928.1492045,751174.21324206,1007.0,-2.2452268286073658e-07,1016.0,ASK
312,1712367928.23323,752207.5915936,1007.0,-1.6817428180902866e-07,1016.0,ASK
313,1712367928.3240805,752208.19376917,1007.0,-9.799938604563944e-11,1016.0,ASK
314,1712367930.1288166,752208.19376917,1007.0,-0.0,1016.0,ASK
315,1712367945.9587831,752214.15289917,1006.0,-9.69243434819456e-10,1016.0,ASK
316,1712367960.1826644,752214.15289917,1006.0,-0.0,1016.0,ASK
317,1712367971.4187636,753014.11297705,1006.0,1.301121636193946e-07,1016.0,BID
318,1712367971.6987824,753208.18868445,1006.0,-3.1566087976158234e-08,1016.0,ASK
319,1712367990.1941516,753208.18868445,1006.0,-0.0,1016.0,ASK
320,1712367990.8391562,755433.11661685,1006.0,-3.618219430561785e-07,1016.0,ASK
321,1712367992.8690443,755930.13450949,1006.0,8.082597958788528e-08,1016.0,BID
322,1712368020.1288009,755930.13450949,1006.0,0.0,1016.0,BID
323,1712368028.9089427,755940.08475824,1005.0,-1.6174078301033227e-09,1016.0,ASK
324,1712368029.0153308,756081.35532776,1005.0,-2.2963458607378133e-08,1016.0,ASK
325,1712368032.0189822,756379.56606334,1006.0,4.8474002094267854e-08,1016.0,BID
326,1712368050.127133,756379.56606334,1006.0,0.0,1016.0,BID
327,1712368052.0190456,756867.705941,1004.0,-7.934105763292962e-08,1016.0,ASK
328,1712368052.1158023,756900.81348092,1005.0,-5.381218280036955e-09,1016.0,ASK
329,1712368074.7490444,756950.51527018,1005.0,-8.078406839109366e-09,1016.0,ASK
330,1712368080.2027996,756950.51527018,1005.0,-0.0,1016.0,ASK
331,1712368106.6790433,756960.38336064,1004.0,-1.6037857539844535e-09,1016.0,ASK
332,1712368106.791718,756960.51527018,1004.0,-2.14382551314408e-11,1016.0,ASK
333,1712368110.1846144,756960.51527018,1004.0,-0.0,1016.0,ASK
334,1712368121.73901,757166.17436254,1005.0,3.342415492062921e-08,1016.0,BID
335,1712368121.843349,761901.40899594,1005.0,7.695804457562964e-07,1016.0,BID
336,1712368140.1288905,761901.40899594,1005.0,0.0,1016.0,BID
337,1712368159.978924,762000.91148351,1005.0,1.6158316710682897e-08,1016.0,BID
338,1712368160.0794656,765570.60260492,1005.0,-5.796860069297266e-07,1016.0,ASK
339,1712368160.1622918,766768.97070637,1005.0,-1.946042937426665e-07,1016.0,ASK
340,1712368165.318853,767937.37960528,1005.0,-1.897391863985109e-07,1016.0,ASK
341,1712368165.40882,771417.82844865,1005.0,-5.65193856755706e-07,1016.0,ASK
342,1712368170.136811,771417.82844865,1005.0,-0.0,1016.0,ASK
343,1712368175.038802,774811.26607094,1005.0,-5.502094752867832e-07,1016.0,ASK
344,1712368175.1490726,775950.46474738,1005.0,-1.847088338663779e-07,1016.0,ASK
345,1712368184.0289297,777243.18387964,1005.0,-2.096005274362321e-07,1016.0,ASK
346,1712368190.9987772,788493.18387964,1005.0,1.8240667093209216e-06,1016.0,BID
347,1712368192.2589574,793433.06393314,1005.0,8.009485114335927e-07,1016.0,BID
348,1712368196.6188352,799521.99858114,1005.0,9.87255376590879e-07,1016.0,BID
349,1712368200.1650157,799521.99858114,1005.0,0.0,1016.0,BID
350,1712368211.0591133,805611.04844384,1005.0,9.859374434151069e-07,1016.0,BID
351,1712368212.7788663,811700.09830654,1005.0,9.859374434151069e-07,1016.0,BID
352,1712368214.6732695,812703.80798107,1005.0,1.625204215355643e-07,1016.0,BID
353,1712368221.1188388,818793.04961287,1005.0,9.859684946201971e-07,1016.0,BID
354,1712368221.2289245,827245.91861287,1005.0,1.3686864517951829e-06,1016.0,BID
355,1712368221.4436145,830156.22394307,1005.0,4.71235917181731e-07,1016.0,BID
356,1712368221.525099,831134.84087574,1005.0,1.584574109977077e-07,1016.0,BID
357,1712368221.6988156,837224.08250754,1005.0,9.859684946201971e-07,1016.0,BID
358,1712368226.098684,840061.63020449,1005.0,4.594550192530016e-07,1016.0,BID
359,1712368226.1859555,841015.78171384,1005.0,1.544959757222273e-07,1016.0,BID
360,1712368230.1288028,841015.78171384,1005.0,0.0,1016.0,BID
361,1712368230.4488702,843782.39071836,1005.0,4.449641318688529e-07,1016.0,BID
362,1712368237.119134,843870.72005966,1004.0,-1.4206340182482706e-08,1016.0,ASK
363,1712368237.2050383,844350.88205555,1004.0,-7.722625976729384e-08,1016.0,ASK
364,1712368237.2844076,844509.59168741,1004.0,-2.552586702509957e-08,1016.0,ASK
365,1712368237.8789597,847207.03546682,1005.0,4.338400285726114e-07,1016.0,BID
366,1712368243.599105,849837.04315174,1005.0,4.229940278575326e-07,1016.0,BID
367,1712368248.0591662,852401.30064454,1005.0,4.1241917716158113e-07,1016.0,BID
368,1712368252.9786766,852560.59539821,1005.0,2.56199743665366e-08,1016.0,BID
369,1712368260.1890364,852560.59539821,1005.0,0.0,1016.0,BID
370,1712368273.019009,852660.09788577,1005.0,1.5973553262906647e-08,1016.0,BID
371,1712368290.1889648,852660.09788577,1005.0,0.0,1016.0,BID
372,1712368305.469129,853120.20415104,1005.0,7.386161021567709e-08,1016.0,BID
373,1712368320.1319742,853120.20415104,1005.0,0.0,1016.0,BID
374,1712368350.1232548,853120.20415104,1005.0,0.0,1016.0,BID
375,1712368380.1989453,853120.20415104,1005.0,0.0,1016.0,BID
376,1712368410.1865606,853120.20415104,1005.0,0.0,1016.0,BID
377,1712368440.109036,853120.20415104,1005.0,0.0,1016.0,BID
378,1712368470.1381512,853120.20415104,1005.0,0.0,1016.0,BID
379,1712368475.8989456,853160.00514606,1005.0,6.388844484314521e-09,1016.0,BID
380,1712368494.168751,853189.50979671,1005.0,4.7360781928077625e-09,1016.0,BID
381,1712368500.1430347,853189.50979671,1005.0,0.0,1016.0,BID
382,1712368503.2689807,853238.90820309,1004.0,-7.987940103160691e-09,1016.0,ASK
383,1712368503.3703904,853338.50979671,1004.0,-1.610601681957685e-08,1016.0,ASK
384,1712368510.864488,853338.91218714,1004.0,-6.506830661832351e-11,1016.0,ASK
385,1712368526.7390702,854524.094804,1004.0,-1.916492544711595e-07,1016.0,ASK
386,1712368526.8348804,858245.94474404,1004.0,-6.018395444846835e-07,1016.0,ASK
387,1712368526.935763,860910.3977449,1004.0,-4.308537974857594e-07,1016.0,ASK
388,1712368527.1289086,861074.18862831,1003.0,-2.6485707981330427e-08,1016.0,ASK
389,1712368527.220468,863767.78185921,1003.0,-4.355659011589407e-07,1016.0,ASK
390,1712368527.3140075,865146.88541596,1003.0,-2.2300712542502322e-07,1016.0,ASK
391,1712368530.1288488,865146.88541596,1003.0,-0.0,1016.0,ASK
392,1712368560.1888585,865146.88541596,1003.0,-0.0,1016.0,ASK
393,1712368569.4085066,865185.97307765,1005.0,6.3084050769087745e-09,1016.0,BID
394,1712368572.408708,867176.02282889,1005.0,3.211765404029716e-07,1016.0,BID
395,1712368578.2692163,867763.2800572,1003.0,-9.477815557008509e-08,1016.0,ASK
396,1712368578.3594332,867862.9809545,1003.0,-1.6090848608153234e-08,1016.0,ASK
397,1712368578.4481852,869424.81928746,1003.0,-2.520669808059984e-07,1016.0,ASK
398,1712368590.1784236,869424.81928746,1003.0,-0.0,1016.0,ASK
399,1712368605.1984613,869860.52077851,1002.0,-7.02696842836141e-08,1016.0,ASK
400,1712368620.1285446,869860.52077851,1002.0,-0.0,1016.0,ASK
401,1712368650.1383643,869860.52077851,1002.0,-0.0,1016.0,ASK
402,1712368680.1805618,869860.52077851,1002.0,-0.0,1016.0,ASK
403,1712368710.1865487,869860.52077851,1002.0,-0.0,1016.0,ASK
404,1712368740.1285608,869860.52077851,1002.0,-0.0,1016.0,ASK
405,1712368770.118705,869860.52077851,1002.0,-0.0,1016.0,ASK
406,1712368773.718396,870715.04104313,1003.0,-1.378068306543194e-07,1016.0,ASK
407,1712368789.1984327,870815.04104313,1004.0,1.6126806625891713e-08,1016.0,BID
408,1712368796.848768,870824.99129188,1005.0,1.604657374714658e-09,1016.0,BID
409,1712368800.1831522,870824.99129188,1005.0,0.0,1016.0,BID
410,1712368801.6688595,870966.02675293,1005.0,2.2886315382929704e-08,1016.0,BID
411,1712368807.681003,871028.51495029,1005.0,1.0140177384067617e-08,1016.0,BID
412,1712368807.7739174,871065.52924049,1005.0,6.006437763152731e-09,1016.0,BID
413,1712368814.9893434,871075.47948924,1005.0,1.614661513735918e-09,1016.0,BID
414,1712368816.355052,871555.64148513,1004.0,-7.791755910904924e-08,1016.0,ASK
415,1712368816.4437282,872695.13916668,1003.0,-1.8491025678165173e-07,1016.0,ASK
416,1712368816.5310838,873447.95479074,1004.0,-1.2216201279568152e-07,1016.0,ASK
417,1712368816.6154754,873798.38044618,1003.0,-5.686479137205077e-08,1016.0,ASK
418,1712368830.1236572,873798.38044618,1003.0,-0.0,1016.0,ASK
419,1712368860.20448,873798.38044618,1003.0,-0.0,1016.0,ASK
420,1712368867.840339,873808.33069493,1005.0,1.613880022866567e-09,1016.0,BID
421,1712368875.150918,874308.33069493,1003.0,-8.109747119937966e-08,1016.0,ASK
422,1712368886.6305802,874318.28094368,1005.0,1.613880022847685e-09,1016.0,BID
423,1712368890.196468,874318.28094368,1005.0,0.0,1016.0,BID
424,1712368899.9707935,874788.49269082,1005.0,7.625951685710639e-08,1016.0,BID
425,1712368900.0955417,877051.71656717,1005.0,-3.6705241925509385e-07,1016.0,ASK
426,1712368900.1841028,884551.71656717,1005.0,-1.2163591826598006e-06,1016.0,ASK
427,1712368900.3100264,884866.71656717,1005.0,-5.108708567171162e-08,1016.0,ASK
428,1712368901.2637155,885807.71656717,1005.0,-1.526125321177163e-07,1016.0,ASK
429,1712368901.4140744,885834.71656717,1005.0,-4.378893057575282e-09,1016.0,ASK
430,1712368901.5184734,888321.87517253,1005.0,-4.033704277814576e-07,1016.0,ASK
431,1712368920.1218486,888321.87517253,1005.0,-0.0,1016.0,ASK
432,1712368930.4315069,888514.05445602,1005.0,3.10968935893672e-08,1016.0,BID
433,1712368930.5361187,888614.05445602,1005.0,1.6181189264854542e-08,1016.0,BID
434,1712368934.4416003,888748.34102318,1005.0,2.172916358944285e-08,1016.0,BID
435,1712368950.1247034,888748.34102318,1005.0,0.0,1016.0,BID
436,1712368978.3623106,889046.55175876,1006.0,4.825069723631301e-08,1016.0,BID
437,1712368980.1872227,889046.55175876,1006.0,0.0,1016.0,BID
438,1712368981.485124,889066.50442623,1006.0,3.22819829551997e-09,1016.0,BID
439,1712368981.573732,889448.74231358,1006.0,6.184334492034419e-08,1016.0,BID
440,1712368987.1621923,889548.1458921,1006.0,1.6082785082724153e-08,1016.0,BID
441,1712368994.973398,889647.64837966,1005.0,-1.609878785504202e-08,1016.0,ASK
442,1712368995.066609,889846.1458921,1005.0,-3.211547189306676e-08,1016.0,ASK
443,1712368995.1607428,889846.65335478,1005.0,-8.210381701728017e-11,1016.0,ASK
444,1712368995.4523044,889876.47442834,1005.0,4.824835525455758e-09,1016.0,BID
445,1712369010.192621,889876.47442834,1005.0,0.0,1016.0,BID
446,1712369023.9928317,889975.9769159,1005.0,1.6096614360442755e-08,1016.0,BID
447,1712369040.1262827,889975.9769159,1005.0,0.0,1016.0,BID
448,1712369070.1323743,889975.9769159,1005.0,0.0,1016.0,BID
449,1712369070.4041076,890183.9769159,1005.0,-3.3647818335762146e-08,1016.0,ASK
450,1712369070.526133,893249.9769159,1005.0,-4.959817837377246e-07,1016.0,ASK
451,1712369070.630339,894118.9769159,1005.0,-1.40576702566237e-07,1016.0,ASK
452,1712369070.7220788,896288.9769159,1005.0,-3.510373355221339e-07,1016.0,ASK
453,1712369070.8227348,896788.9769159,1005.0,-8.088417869173591e-08,1016.0,ASK
454,1712369070.9161708,898068.9769159,1005.0,-2.070634974508439e-07,1016.0,ASK
455,1712369071.0994072,898069.60572337,1005.0,-1.0172115152744144e-10,1016.0,ASK
456,1712369100.184053,898069.60572337,1005.0,-0.0,1016.0,ASK
457,1712369130.1875668,898069.60572337,1005.0,-0.0,1016.0,ASK
458,1712369160.1381214,898069.60572337,1005.0,-0.0,1016.0,ASK
459,1712369176.5049448,898169.20731699,1004.0,-1.6241516395852174e-08,1016.0,ASK
460,1712369176.597338,898571.79287395,1004.0,-6.564754324155532e-08,1016.0,ASK
461,1712369190.1293066,898571.79287395,1004.0,-0.0,1016.0,ASK
462,1712369190.2502902,899554.79444247,1005.0,-1.602798007123428e-07,1016.0,ASK
463,1712369220.1953974,899554.79444247,1005.0,-0.0,1016.0,ASK
464,1712369236.4857433,899604.79444247,1005.0,-8.151257939962886e-09,1016.0,ASK
465,1712369250.1928885,899604.79444247,1005.0,-0.0,1016.0,ASK
466,1712369280.13765,899604.79444247,1005.0,-0.0,1016.0,ASK
467,1712369310.130458,899604.79444247,1005.0,-0.0,1016.0,ASK
468,1712369340.2063572,899604.79444247,1005.0,-0.0,1016.0,ASK
469,1712369367.8867576,899628.79444247,1006.0,-3.912571759338658e-09,1016.0,ASK
470,1712369370.2207987,899628.79444247,1006.0,-0.0,1016.0,ASK
471,1712369400.1671026,899628.79444247,1006.0,-0.0,1016.0,ASK
472,1712369417.8573637,901251.70096339,1007.0,2.667603960362688e-07,1016.0,BID
473,1712369417.9639142,901905.03955691,1007.0,1.0739057345977292e-07,1016.0,BID
474,1712369418.054261,902225.13207901,1007.0,5.2614249103657385e-08,1016.0,BID
475,1712369421.0973225,902274.83386827,1006.0,-8.169582669000572e-09,1016.0,ASK
476,1712369430.1239488,902274.83386827,1006.0,-0.0,1016.0,ASK
477,1712369460.192418,902274.83386827,1006.0,-0.0,1016.0,ASK
478,1712369477.347745,902374.23744679,1006.0,-1.6332012387321804e-08,1016.0,ASK
479,1712369490.1905696,902374.23744679,1006.0,-0.0,1016.0,ASK
480,1712369520.1508467,902374.23744679,1006.0,-0.0,1016.0,ASK
481,1712369521.0080163,903369.26232241,1005.0,-1.63479945497242e-07,1016.0,ASK
482,1712369521.0996344,905734.02720365,1005.0,-3.885245920691231e-07,1016.0,ASK
483,1712369527.234525,906135.19057743,1004.0,-6.59100773135678e-08,1016.0,ASK
484,1712369539.258376,906549.18311577,1004.0,-6.80178749922423e-08,1016.0,ASK
485,1712369539.3553703,908148.9977035,1004.0,-2.628452896163205e-07,1016.0,ASK
486,1712369539.5215611,908412.19486375,1004.0,4.324259469985002e-08,1016.0,BID
487,1712369539.613297,909331.84186375,1004.0,1.5109556064416756e-07,1016.0,BID
488,1712369539.7248032,909591.75480275,1004.0,4.270300586732724e-08,1016.0,BID
489,1712369550.1379478,909591.75480275,1004.0,0.0,1016.0,BID
490,1712369550.4710467,909597.63129678,1004.0,9.643437248355964e-10,1016.0,BID
491,1712369550.5754478,910107.15869743,1004.0,8.36144049394179e-08,1016.0,BID
492,1712369554.9782426,910956.83088074,1004.0,-1.39432803634096e-07,1016.0,ASK
493,1712369576.9182556,911380.84095812,1004.0,-6.95808513206773e-08,1016.0,ASK
494,1712369577.0111935,911456.83088074,1003.0,-1.2470089249680544e-08,1016.0,ASK
495,1712369580.1881945,911456.83088074,1003.0,-0.0,1016.0,ASK
496,1712369582.078572,912524.43324885,1003.0,-1.751417403662496e-07,1016.0,ASK
497,1712369582.183524,914053.16851728,1003.0,-2.507912716099187e-07,1016.0,ASK
498,1712369583.8683298,914084.14949826,1003.0,-5.082475544422301e-09,1016.0,ASK
499,1712369610.1898055,914084.14949826,1003.0,-0.0,1016.0,ASK
500,1712369640.1783395,914084.14949826,1003.0,-0.0,1016.0,ASK
501,1712369640.3089478,914360.01604695,1005.0,4.523675724680768e-08,1016.0,BID
502,1712369654.648697,915523.51415446,1003.0,-1.907910969868779e-07,1016.0,ASK
503,1712369654.7444758,915838.75841318,1003.0,-5.1693937060811145e-08,1016.0,ASK
504,1712369670.1403844,915838.75841318,1003.0,-0.0,1016.0,ASK
505,1712369693.629141,915938.45931048,1003.0,-1.6344292983211438e-08,1016.0,ASK
506,1712369693.738022,919294.33282908,1003.0,-5.501392814704452e-07,1016.0,ASK
507,1712369693.834411,920440.9946242,1003.0,-1.879760046260877e-07,1016.0,ASK
508,1712369700.1611245,920440.9946242,1003.0,-0.0,1016.0,ASK
509,1712369704.1691656,921290.66680751,1002.0,-1.417647994601391e-07,1016.0,ASK
510,1712369713.7690818,921589.47178599,1002.0,-4.985455412569564e-08,1016.0,ASK
511,1712369717.3701954,922852.02468848,1002.0,-2.106524875653285e-07,1016.0,ASK
512,1712369717.4644575,923076.80396245,1002.0,-3.7503627073004056e-08,1016.0,ASK
513,1712369717.5553954,923283.70216604,1002.0,-3.4520233705114085e-08,1016.0,ASK
514,1712369717.6456933,923293.69217603,1001.0,-1.6667978435259475e-09,1016.0,ASK
515,1712369717.7297814,923992.29497043,1002.0,-1.165594060812961e-07,1016.0,ASK
516,1712369717.821453,924277.94117264,1001.0,-4.7659058832668654e-08,1016.0,ASK
517,1712369717.904695,932104.94117264,1002.0,-1.3059072747939883e-06,1016.0,ASK
518,1712369717.9970863,935061.56283786,1001.0,-4.933018706304237e-07,1016.0,ASK
519,1712369718.0833273,935077.8320105,1002.0,-2.714453929413929e-09,1016.0,ASK
520,1712369718.1791084,935088.47103801,1001.0,-1.7750841218836451e-09,1016.0,ASK
521,1712369718.2751684,935288.07183641,1002.0,-3.3302687451801657e-08,1016.0,ASK
522,1712369718.3713207,935537.82208616,1001.0,-4.166994608791561e-08,1016.0,ASK
523,1712369718.4616716,940650.21763616,1002.0,-8.529851207831141e-07,1016.0,ASK
524,1712369718.5604434,940924.74510371,1001.0,-4.5803937268983056e-08,1016.0,ASK
525,1712369730.128423,940924.74510371,1001.0,-0.0,1016.0,ASK
526,1712369758.549513,941315.26847592,1002.0,-6.493511605984244e-08,1016.0,ASK
527,1712369758.6445134,945065.26847592,1002.0,-6.235393386224225e-07,1016.0,ASK
528,1712369759.869313,945465.84636192,1003.0,6.660695202752929e-08,1016.0,BID
529,1712369760.18952,945465.84636192,1003.0,0.0,1016.0,BID
530,1712369766.0593576,945633.13778208,1003.0,2.7795709877852227e-08,1016.0,BID
531,1712369767.8863826,945928.13778208,1003.0,4.90146739511515e-08,1016.0,BID
532,1712369767.9833364,947108.79560374,1003.0,1.961679938187931e-07,1016.0,BID
533,1712369790.1896367,947108.79560374,1003.0,0.0,1016.0,BID
534,1712369820.143478,947108.79560374,1003.0,0.0,1016.0,BID
535,1712369825.8497393,949102.8135499,1003.0,-3.312182607328907e-07,1016.0,ASK
536,1712369825.940275,950108.79560374,1003.0,-1.6709961254013888e-07,1016.0,ASK
537,1712369850.1336057,950108.79560374,1003.0,-0.0,1016.0,ASK
538,1712369880.213826,950108.79560374,1003.0,-0.0,1016.0,ASK
539,1712369890.5613587,951786.47819813,1003.0,-2.785338593589036e-07,1016.0,ASK
540,1712369890.6798992,951897.88175911,1003.0,1.849555088062642e-08,1016.0,BID
541,1712369910.2100868,951897.88175911,1003.0,0.0,1016.0,BID
542,1712369940.1332085,951897.88175911,1003.0,0.0,1016.0,BID
543,1712369969.4147909,951997.58265641,1003.0,-1.6547709911638665e-08,1016.0,ASK
544,1712369970.1351762,951997.58265641,1003.0,-0.0,1016.0,ASK
545,1712369987.3202467,955747.58265641,1002.0,-6.223904090683636e-07,1016.0,ASK
546,1712369987.4157758,957908.45081561,1002.0,-3.586409646792688e-07,1016.0,ASK
547,1712369987.5112934,961658.45081561,1002.0,6.223904090683636e-07,1016.0,BID
548,1712370000.1539502,961658.45081561,1002.0,0.0,1016.0,BID
549,1712370008.360324,961954.96224215,1001.0,-4.934230767413422e-08,1016.0,ASK
550,1712370030.140864,961954.96224215,1001.0,-0.0,1016.0,ASK
551,1712370048.2127864,961964.96224215,1001.0,-1.6640124555152247e-09,1016.0,ASK
552,1712370048.3242052,965216.92753279,1001.0,-5.411310748528173e-07,1016.0,ASK
553,1712370060.2134595,965216.92753279,1001.0,-0.0,1016.0,ASK
554,1712370061.910622,965225.92753279,1002.0,1.4967979429390116e-09,1016.0,BID
555,1712370064.1605053,968080.6117988,1002.0,-4.747650596782284e-07,1016.0,ASK
556,1712370064.2478716,968520.32726125,1002.0,-7.312946663041307e-08,1016.0,ASK
557,1712370090.201992,968520.32726125,1002.0,-0.0,1016.0,ASK
558,1712370120.134494,968520.32726125,1002.0,-0.0,1016.0,ASK
559,1712370122.870746,970198.00985564,1002.0,-2.788633613881058e-07,1016.0,ASK
560,1712370150.138059,970198.00985564,1002.0,-0.0,1016.0,ASK
561,1712370180.1542778,970198.00985564,1002.0,-0.0,1016.0,ASK
562,1712370189.6911106,970363.12763345,1002.0,-2.743810793863069e-08,1016.0,ASK
563,1712370210.1406827,970363.12763345,1002.0,-0.0,1016.0,ASK
564,1712370240.202041,970363.12763345,1002.0,-0.0,1016.0,ASK
565,1712370252.6112213,970369.10372906,1004.0,9.930381246579395e-10,1016.0,BID
566,1712370266.5512917,970810.7116002,1004.0,7.338126442496067e-08,1016.0,BID
567,1712370270.1986673,970810.7116002,1004.0,0.0,1016.0,BID
568,1712370300.1354444,970810.7116002,1004.0,0.0,1016.0,BID
569,1712370330.1314647,970810.7116002,1004.0,0.0,1016.0,BID
570,1712370352.3017423,971362.78517518,1004.0,-9.234917211426076e-08,1016.0,ASK
571,1712370360.1914225,971362.78517518,1004.0,-0.0,1016.0,ASK
572,1712370390.2031598,971362.78517518,1004.0,-0.0,1016.0,ASK
573,1712370391.4230585,971512.78517518,1002.0,-2.508921308950009e-08,1016.0,ASK
574,1712370420.1452682,971512.78517518,1002.0,-0.0,1016.0,ASK
575,1712370426.0517144,971906.1989339,1003.0,6.580128996139756e-08,1016.0,BID
576,1712370450.1227806,971906.1989339,1003.0,0.0,1016.0,BID
577,1712370476.9337728,972024.20342044,1003.0,1.9735799339748288e-08,1016.0,BID
578,1712370480.2018049,972024.20342044,1003.0,0.0,1016.0,BID
579,1712370484.2618198,972098.65606251,1003.0,1.2451673334057393e-08,1016.0,BID
580,1712370510.203411,972098.65606251,1003.0,0.0,1016.0,BID
581,1712370540.1856737,972098.65606251,1003.0,0.0,1016.0,BID
582,1712370547.9321036,974498.65606251,1002.0,-4.013778685781759e-07,1016.0,ASK
583,1712370555.8620803,1004705.77761998,1002.0,-5.051862527758001e-06,1016.0,ASK
584,1712370558.972154,1005171.36864336,1002.0,-7.786580524723778e-08,1016.0,ASK
585,1712370570.135505,1005171.36864336,1002.0,-0.0,1016.0,ASK
586,1712370600.1957555,1005171.36864336,1002.0,-0.0,1016.0,ASK
587,1712370609.562154,1005602.26389995,1002.0,-7.206993175997123e-08,1016.0,ASK
588,1712370629.062266,1005612.23398968,1003.0,1.6675599823671875e-09,1016.0,BID
589,1712370630.1438076,1005612.23398968,1003.0,0.0,1016.0,BID
590,1712370631.9923456,1007303.09848873,1002.0,-2.8278678867349734e-07,1016.0,ASK
591,1712370660.2050962,1007303.09848873,1002.0,-0.0,1016.0,ASK
592,1712370673.967445,1010223.09273873,1002.0,-4.88212916798508e-07,1016.0,ASK
593,1712370686.192759,1012547.24601167,1002.0,-3.885903708436488e-07,1016.0,ASK
594,1712370690.204384,1012547.24601167,1002.0,-0.0,1016.0,ASK
595,1712370703.6625695,1012880.04253915,1002.0,-5.559358367015484e-08,1016.0,ASK
596,1712370720.1335118,1012880.04253915,1002.0,-0.0,1016.0,ASK
597,1712370729.072641,1019789.66163459,1002.0,-1.1541859931980516e-06,1016.0,ASK
598,1712370729.160539,1021188.89023564,1003.0,-2.337277974815987e-07,1016.0,ASK
599,1712370750.1435306,1021188.89023564,1003.0,-0.0,1016.0,ASK
600,1712370755.879686,1021379.75329498,1003.0,3.1837570743235127e-08,1016.0,BID
601,1712370755.9663284,1021584.90525893,1003.0,3.4221080747404513e-08,1016.0,BID
602,1712370767.9445546,1021898.20527965,1003.0,5.2261090270793306e-08,1016.0,BID
603,1712370774.1335578,1023677.962085,1003.0,2.968784708366818e-07,1016.0,BID
604,1712370774.744273,1023864.70715019,1003.0,3.115065452945779e-08,1016.0,BID
605,1712370774.8576622,1024052.03656598,1003.0,3.1248129146220883e-08,1016.0,BID
606,1712370777.8828585,1024244.82807854,1003.0,3.215925303225847e-08,1016.0,BID
607,1712370778.2925944,1024418.76267735,1003.0,2.901376051214376e-08,1016.0,BID
608,1712370778.5327947,1024675.12050702,1003.0,4.2762651745835924e-08,1016.0,BID
609,1712370778.6500204,1024799.54884931,1003.0,2.0755698686895493e-08,1016.0,BID
610,1712370780.1941044,1024799.54884931,1003.0,0.0,1016.0,BID
611,1712370786.8227117,1024974.5308482,1003.0,2.9170853720662573e-08,1016.0,BID
612,1712370810.202685,1024974.5308482,1003.0,0.0,1016.0,BID
613,1712370814.032945,1024984.50093793,1003.0,1.6620425060996707e-09,1016.0,BID
614,1712370829.1728969,1025184.10173634,1002.0,-3.3274024626972946e-08,1016.0,ASK
615,1712370829.452989,1026478.74590661,1003.0,2.1582089023633853e-07,1016.0,BID
616,1712370829.5513377,1026744.48704717,1003.0,4.429980904800912e-08,1016.0,BID
617,1712370840.1440463,1026744.48704717,1003.0,0.0,1016.0,BID
618,1712370870.1526427,1026744.48704717,1003.0,0.0,1016.0,BID
619,1712370871.3326683,1026776.48704717,1003.0,5.332913572690469e-09,1016.0,BID
620,1712370891.2440972,1026806.39731636,1003.0,4.984652516438888e-09,1016.0,BID
621,1712370900.1997404,1026806.39731636,1003.0,0.0,1016.0,BID
622,1712370923.6223352,1026813.24673824,1003.0,1.16568746858845e-09,1016.0,BID
623,1712370923.7135603,1028644.45265445,1003.0,3.116487531848069e-07,1016.0,BID
624,1712370924.8633316,1029079.45265445,1003.0,-7.403165664513242e-08,1016.0,ASK
625,1712370925.002351,1030605.45265445,1003.0,-2.59706455265453e-07,1016.0,ASK
626,1712370925.202296,1031454.45265445,1003.0,-1.444893712453274e-07,1016.0,ASK
627,1712370925.4685233,1032229.77635465,1003.0,-1.3195057002768968e-07,1016.0,ASK
628,1712370925.557624,1033078.45265445,1002.0,-1.4443428144747138e-07,1016.0,ASK
629,1712370929.9424517,1033963.05085983,1003.0,1.5054774852780316e-07,1016.0,BID
630,1712370930.205166,1033963.05085983,1003.0,0.0,1016.0,BID
631,1712370960.142991,1033963.05085983,1003.0,0.0,1016.0,BID
632,1712370990.1319623,1033963.05085983,1003.0,0.0,1016.0,BID
633,1712371002.8816793,1035817.17274992,1002.0,-3.1516380290237506e-07,1016.0,ASK
634,1712371005.007248,1035822.87299992,1002.0,-9.689289992715872e-10,1016.0,ASK
635,1712371005.094355,1037005.17274992,1002.0,-2.009674160971319e-07,1016.0,ASK
636,1712371006.3617904,1037005.92239944,1002.0,-1.2742549171300374e-10,1016.0,ASK
637,1712371010.8618164,1037014.93286803,1002.0,1.531600248051636e-09,1016.0,BID
638,1712371020.232732,1037014.93286803,1002.0,0.0,1016.0,BID
639,1712371032.8020308,1037024.92287802,1001.0,-1.6972205722166963e-09,1016.0,ASK
640,1712371032.899653,1039599.45357003,1001.0,-4.373916000768274e-07,1016.0,ASK
641,1712371032.9939396,1039599.45357067,1001.0,-1.0871969986505924e-16,1016.0,ASK
642,1712371033.1521275,1040121.45357003,1000.0,-8.868350867549443e-08,1016.0,ASK
643,1712371033.241109,1041561.45357003,1000.0,-2.446441621633493e-07,1016.0,ASK
644,1712371033.3334336,1042115.45357003,1000.0,-9.412004572117745e-08,1016.0,ASK
645,1712371033.891559,1042183.45357003,1000.0,-1.1552640991047053e-08,1016.0,ASK
646,1712371050.2018592,1042183.45357003,1000.0,-0.0,1016.0,ASK
647,1712371055.3180263,1042198.09524505,1000.0,-2.485316799725138e-09,1016.0,ASK
648,1712371055.4201434,1042472.19919371,1000.0,-4.6527132144765494e-08,1016.0,ASK
649,1712371059.3536704,1042507.30876247,1000.0,-5.959591436861126e-09,1016.0,ASK
650,1712371059.4443946,1043576.18412891,1000.0,-1.814337431611737e-07,1016.0,ASK
651,1712371080.1218624,1043576.18412891,1000.0,-0.0,1016.0,ASK
652,1712371088.771997,1048576.18412891,1000.0,-8.485126844892843e-07,1016.0,ASK
653,1712371088.8938982,1048696.18412891,1000.0,-2.0364304427742348e-08,1016.0,ASK
654,1712371088.9785645,1059630.03700542,1000.0,-1.8555025712116343e-06,1016.0,ASK
655,1712371090.3538842,1060256.72090158,1000.0,-1.063498470113803e-07,1016.0,ASK
656,1712371090.447535,1060956.79090858,999.9,-1.1880365619397825e-07,1016.0,ASK
657,1712371090.5346196,1060966.79190868,999.9,-1.6971950884938703e-09,1016.0,ASK
658,1712371090.9246995,1061106.65210868,999.8,2.3734630751040333e-08,1016.0,BID
659,1712371093.0413556,1061606.75212868,999.8,8.486824209666911e-08,1016.0,BID
660,1712371095.1493645,1061706.75212868,999.5,-1.697025368978529e-08,1016.0,ASK
661,1712371095.2410588,1062223.01025774,999.5,-8.76103141956272e-08,1016.0,ASK
662,1712371096.3816748,1062318.01075799,999.5,1.6121825898974706e-08,1016.0,BID
663,1712371097.3214245,1062327.01125824,999.5,1.527407725798868e-09,1016.0,BID
664,1712371110.1317546,1062327.01125824,999.5,0.0,1016.0,BID
665,1712371117.4620624,1062415.93503087,999.5,1.5042724337622193e-08,1016.0,BID
666,1712371117.552335,1062418.01175849,999.5,3.513080944443966e-10,1016.0,BID
667,1712371118.467641,1062497.86203928,999.8,1.350781379018228e-08,1016.0,BID
668,1712371118.5614462,1062508.98829167,999.5,1.882164270217232e-09,1016.0,BID
669,1712371120.0511904,1062989.15028756,999.8,8.122624949395898e-08,1016.0,BID
670,1712371120.3316677,1063853.12361056,999.8,1.461534092469739e-07,1016.0,BID
671,1712371120.4324183,1064965.74054598,999.9,1.8821502234914136e-07,1016.0,BID
672,1712371120.5206356,1064971.02754052,1000.0,8.94370527584447e-10,1016.0,BID
673,1712371120.6027954,1064971.02754092,999.8,6.766621988911468e-17,1016.0,BID
674,1712371120.684322,1064976.31453456,1000.0,8.94370375315759e-10,1016.0,BID
675,1712371140.2308848,1064976.31453456,1000.0,0.0,1016.0,BID
676,1712371170.1924758,1064976.31453456,1000.0,0.0,1016.0,BID
677,1712371196.7510638,1064976.31453547,1000.0,1.538539855583461e-16,1016.0,BID
678,1712371196.8390598,1064981.81453456,1000.0,9.299865656516287e-10,1016.0,BID
679,1712371200.180761,1064981.81453456,1000.0,0.0,1016.0,BID
680,1712371209.4309292,1065589.84236056,1000.0,1.0424416563257076e-07,1016.0,BID
681,1712371209.7110174,1072864.33635423,1000.0,1.2471856128000106e-06,1016.0,BID
682,1712371209.8089774,1073925.65952606,1000.0,1.819600087084417e-07,1016.0,BID
683,1712371210.0708387,1082276.94054206,1000.0,1.431796842593886e-06,1016.0,BID
684,1712371213.5009542,1082312.96584206,1000.0,6.1764070320245506e-09,1016.0,BID
685,1712371222.8221967,1084855.11894638,1000.0,4.358429301064242e-07,1016.0,BID
686,1712371230.1275632,1084855.11894638,1000.0,0.0,1016.0,BID
687,1712371260.2007325,1084855.11894638,1000.0,0.0,1016.0,BID
688,1712371274.851098,1084865.11894638,1001.0,1.7086420376439975e-09,1016.0,BID
689,1712371286.8807027,1084875.08903611,1003.0,1.703531443194549e-09,1016.0,BID
690,1712371290.2005131,1084875.08903611,1003.0,0.0,1016.0,BID
691,1712371320.1247902,1084875.08903611,1003.0,0.0,1016.0,BID
692,1712371324.2105358,1084885.08903611,1002.0,-1.7086361958292871e-09,1016.0,ASK
693,1712371324.350435,1084908.3338418,1002.0,3.971691636678361e-09,1016.0,BID
694,1712371350.140782,1084908.3338418,1002.0,0.0,1016.0,BID
695,1712371354.8304267,1086232.94153593,1002.0,-2.263259769694783e-07,1016.0,ASK
696,1712371380.2063725,1086232.94153593,1002.0,-0.0,1016.0,ASK
697,1712371410.223185,1086232.94153593,1002.0,-0.0,1016.0,ASK
698,1712371419.770471,1086237.94153593,1002.0,-8.541195393717601e-10,1016.0,ASK
699,1712371440.176856,1086237.94153593,1002.0,-0.0,1016.0,ASK
700,1712371457.1402504,1086253.42153593,1003.0,2.644351830782037e-09,1016.0,BID
701,1712371469.15083,1086427.37324082,1003.0,2.9715084579721306e-08,1016.0,BID
702,1712371469.2507436,1087011.15347153,1003.0,9.972353500351024e-08,1016.0,BID
703,1712371470.1325486,1087011.15347153,1003.0,0.0,1016.0,BID
704,1712371471.5659482,1087766.73275958,1003.0,1.2905379928446524e-07,1016.0,BID
705,1712371471.66108,1091516.73275958,1003.0,6.405042527908424e-07,1016.0,BID
706,1712371471.7646737,1093153.82121701,1003.0,2.796165651143264e-07,1016.0,BID
707,1712371471.8575356,1093626.88054823,1003.0,8.079907025832597e-08,1016.0,BID
708,1712371471.943161,1093667.51048608,1003.0,6.939639462310024e-09,1016.0,BID
709,1712371472.0311155,1095070.66587732,1003.0,2.396605321108361e-07,1016.0,BID
710,1712371500.1530714,1095070.66587732,1003.0,0.0,1016.0,BID
711,1712371530.1413922,1095070.66587732,1003.0,0.0,1016.0,BID
712,1712371560.1634324,1095070.66587732,1003.0,0.0,1016.0,BID
713,1712371570.650342,1095957.77329631,1004.0,1.527979204145782e-07,1016.0,BID
714,1712371570.7393675,1095994.16539047,1004.0,6.268278438596621e-09,1016.0,BID
715,1712371583.8002565,1096314.16916592,1004.0,5.51183660139305e-08,1016.0,BID
716,1712371590.1302023,1096314.16916592,1004.0,0.0,1016.0,BID
717,1712371620.1949923,1096314.16916592,1004.0,0.0,1016.0,BID
718,1712371650.1907225,1096314.16916592,1004.0,0.0,1016.0,BID
719,1712371652.2421436,1096512.16816592,1004.0,3.4096582185205875e-08,1016.0,BID
720,1712371653.8802617,1096634.17216592,1004.0,2.1009800114752844e-08,1016.0,BID
721,1712371673.2902937,1096634.17294137,1004.0,1.3353699544906438e-13,1016.0,BID
722,1712371673.3793976,1096670.20111459,1005.0,6.204261482037395e-09,1016.0,BID
723,1712371680.1418304,1096670.20111459,1005.0,0.0,1016.0,BID
724,1712371710.142134,1096670.20111459,1005.0,0.0,1016.0,BID
725,1712371720.3002589,1097467.42203122,1005.0,-1.3727763873023232e-07,1016.0,ASK
726,1712371720.3876598,1097502.7278428,1005.0,-6.079492328989493e-09,1016.0,ASK
727,1712371723.4901824,1097602.23033036,1006.0,1.7133853684791796e-08,1016.0,BID
728,1712371740.2188482,1097602.23033036,1006.0,0.0,1016.0,BID
729,1712371770.1418347,1097602.23033036,1006.0,0.0,1016.0,BID
730,1712371770.7973876,1097637.89822184,1006.0,6.140850176415041e-09,1016.0,BID
731,1712371770.9102323,1097673.20943441,1007.0,6.0794416755023145e-09,1016.0,BID
732,1712371770.9948652,1098308.95496075,1006.0,1.0945469063583857e-07,1016.0,BID
733,1712371771.0813265,1099092.47006563,1007.0,1.3489580321059374e-07,1016.0,BID
734,1712371796.0500429,1099097.59664563,1007.0,8.82630242232419e-10,1016.0,BID
735,1712371796.1410556,1099545.51284993,1008.0,7.711659389047428e-08,1016.0,BID
736,1712371800.1900923,1099545.51284993,1008.0,0.0,1016.0,BID
737,1712371830.1324618,1099545.51284993,1008.0,0.0,1016.0,BID
738,1712371856.080189,1102524.65882808,1007.0,5.14573529433843e-07,1016.0,BID
739,1712371860.1999466,1102524.65882808,1007.0,0.0,1016.0,BID
740,1712371890.194726,1102524.65882808,1007.0,0.0,1016.0,BID
741,1712371920.1362832,1102524.65882808,1007.0,0.0,1016.0,BID
742,1712371950.136041,1102524.65882808,1007.0,0.0,1016.0,BID
743,1712371980.201748,1102524.65882808,1007.0,0.0,1016.0,BID
744,1712372010.191486,1102524.65882808,1007.0,0.0,1016.0,BID
745,1712372040.140096,1102524.65882808,1007.0,0.0,1016.0,BID
746,1712372055.244312,1102572.99612966,1008.0,8.344745139978472e-09,1016.0,BID
747,1712372070.1400416,1102572.99612966,1008.0,0.0,1016.0,BID
748,1712372087.2559042,1102582.92661625,1007.0,-1.714342339531457e-09,1016.0,ASK
749,1712372087.3624835,1104308.99612966,1007.0,-2.9797875672600974e-07,1016.0,ASK
750,1712372090.0802035,1104845.47325164,1008.0,9.261433828571269e-08,1016.0,BID
751,1712372090.1742158,1105308.99612966,1008.0,8.001993536955298e-08,1016.0,BID
752,1712372100.1906004,1105308.99612966,1008.0,0.0,1016.0,BID
753,1712372130.192897,1105308.99612966,1008.0,0.0,1016.0,BID
754,1712372160.139711,1105308.99612966,1008.0,0.0,1016.0,BID
755,1712372161.6901264,1105418.18558255,1008.0,1.8921427909052738e-08,1016.0,BID
756,1712372176.250138,1105418.2291794,1007.0,-7.554893194213324e-12,1016.0,ASK
757,1712372176.3485813,1105423.15576147,1006.0,-8.53726848239283e-10,1016.0,ASK
758,1712372190.145344,1105423.15576147,1006.0,-0.0,1016.0,ASK
759,1712372220.2133858,1105423.15576147,1006.0,-0.0,1016.0,ASK
760,1712372225.1601255,1105433.15576147,1007.0,-1.7328643139574075e-09,1016.0,ASK
761,1712372250.143959,1107121.37520686,1007.0,2.925455231045173e-07,1016.0,BID
762,1712372250.2899628,1107121.37520686,1007.0,0.0,1016.0,BID
763,1712372280.1449063,1107121.37520686,1007.0,0.0,1016.0,BID
764,1712372281.1601784,1108112.72957932,1007.0,1.7173736908593886e-07,1016.0,BID
765,1712372301.8801525,1108114.42386624,1007.0,2.9350995589788347e-10,1016.0,BID
766,1712372310.1374545,1108114.42386624,1007.0,0.0,1016.0,BID
767,1712372340.175331,1108114.42386624,1007.0,0.0,1016.0,BID
768,1712372370.1408167,1108114.42386624,1007.0,0.0,1016.0,BID
769,1712372400.184483,1108114.42386624,1007.0,0.0,1016.0,BID
770,1712372404.2201817,1108119.42386624,1007.0,-8.691662213747697e-10,1016.0,ASK
771,1712372430.1508522,1108119.42386624,1007.0,-0.0,1016.0,ASK
772,1712372460.200148,1108119.42386624,1007.0,-0.0,1016.0,ASK
773,1712372490.2024324,1108119.42386624,1007.0,-0.0,1016.0,ASK
774,1712372490.6437063,1108129.35930808,1006.0,-1.7271085766954163e-09,1016.0,ASK
775,1712372503.710186,1108134.35930808,1007.0,-8.691654606373657e-10,1016.0,ASK
776,1712372520.150175,1108134.35930808,1007.0,-0.0,1016.0,ASK
777,1712372544.330087,1108199.80084079,1006.0,-1.13758742625338e-08,1016.0,ASK
778,1712372550.1298118,1108199.80084079,1006.0,-0.0,1016.0,ASK
779,1712372580.200245,1108199.80084079,1006.0,-0.0,1016.0,ASK
780,1712372610.2025073,1108199.80084079,1006.0,-0.0,1016.0,ASK
781,1712372629.7403631,1109005.0515834,1006.0,-1.399772588822873e-07,1016.0,ASK
782,1712372629.8438375,1109171.18904049,1006.0,-2.887978192450756e-08,1016.0,ASK
783,1712372640.1456854,1109171.18904049,1006.0,-0.0,1016.0,ASK
784,1712372650.7504947,1109179.18904049,1009.0,1.390408999855564e-09,1016.0,BID
785,1712372670.140192,1109179.18904049,1009.0,0.0,1016.0,BID
786,1712372700.2125158,1109179.18904049,1009.0,0.0,1016.0,BID
787,1712372702.2103975,1109190.96709596,1009.0,2.070943422343502e-09,1016.0,BID
788,1712372707.010298,1109216.20206596,1006.0,-4.437081763453852e-09,1016.0,ASK
789,1712372730.1954386,1109216.20206596,1006.0,-0.0,1016.0,ASK
790,1712372760.1403468,1109216.20206596,1006.0,-0.0,1016.0,ASK
791,1712372790.1444335,1109216.20206596,1006.0,-0.0,1016.0,ASK
792,1712372797.3405948,1109231.03252993,1009.0,2.60763337520892e-09,1016.0,BID
793,1712372797.4512465,1109362.16908647,1009.0,2.305767791481919e-08,1016.0,BID
794,1712372820.1963186,1109362.16908647,1009.0,0.0,1016.0,BID
795,1712372828.180514,1109659.49316972,1009.0,5.2276997342474864e-08,1016.0,BID
796,1712372833.0602913,1109758.60119747,1009.0,1.7425665780811308e-08,1016.0,BID
797,1712372836.710464,1109857.70922522,1009.0,1.7425665780811308e-08,1016.0,BID
798,1712372841.450544,1109862.41921153,1009.0,8.281331909572017e-10,1016.0,BID
799,1712372841.5446315,1110154.74359154,1010.0,5.1397924681668224e-08,1016.0,BID
800,1712372846.1961706,1110352.76339352,1010.0,3.481682529280704e-08,1016.0,BID
801,1712372850.193339,1110352.76339352,1010.0,0.0,1016.0,BID
802,1712372858.920519,1110362.66438362,1010.0,1.7405352352852779e-09,1016.0,BID
803,1712372859.0306602,1113721.44628251,1010.0,5.904539024425734e-07,1016.0,BID
804,1712372865.620443,1113726.44628251,1011.0,8.78970293721242e-10,1016.0,BID
805,1712372870.6849442,1114221.49578746,1011.0,8.702676175448158e-08,1016.0,BID
806,1712372880.13934,1114221.49578746,1011.0,0.0,1016.0,BID
807,1712372881.6003911,1115203.79582284,1010.0,-1.7256396056805865e-07,1016.0,ASK
808,1712372910.1593316,1115203.79582284,1010.0,-0.0,1016.0,ASK
809,1712372940.1890397,1115203.79582284,1010.0,-0.0,1016.0,ASK
810,1712372951.2687516,1115210.62361284,1010.0,1.199251882687408e-09,1016.0,BID
811,1712372951.355478,1115689.10367958,1010.0,8.40415596943407e-08,1016.0,BID
1012,1712372960.2493894,1115708.74631788,1010.0,-3.4500872115696404e-09,1016.0,ASK
812,1712372960.2493894,1115708.74631788,1010.0,-3.45008721156964e-09,1016.0,ASK
813,1712372970.2061996,1115708.74631788,1010.0,-0.0,1016.0,ASK
814,1712372983.2020752,1115836.48244981,1010.0,2.24339172274117e-08,1016.0,BID
815,1712373000.1671305,1115836.48244981,1010.0,0.0,1016.0,BID
816,1712373030.1352308,1115836.48244981,1010.0,0.0,1016.0,BID
817,1712373060.1876278,1115836.48244981,1010.0,0.0,1016.0,BID
818,1712373072.086178,1116537.49744981,1010.0,1.2349022625833017e-07,1016.0,BID
819,1712373072.6662812,1116545.80316289,1010.0,1.463127589992781e-09,1016.0,BID
820,1712373075.0377626,1116679.20216289,1010.0,2.3499458203653853e-08,1016.0,BID
821,1712373090.1960018,1116679.20216289,1010.0,0.0,1016.0,BID
822,1712373120.135412,1116679.20216289,1010.0,0.0,1016.0,BID
823,1712373150.1410704,1116679.20216289,1010.0,0.0,1016.0,BID
824,1712373158.4548495,1116687.59846851,1009.0,-1.478864560342404e-09,1016.0,ASK
825,1712373180.1944835,1116687.59846851,1009.0,-0.0,1016.0,ASK
826,1712373192.334399,1116687.59899511,1010.0,9.27513869885337e-14,1016.0,BID
827,1712373192.4254017,1118145.32612642,1011.0,2.567531333327987e-07,1016.0,BID
828,1712373210.185156,1118145.32612642,1011.0,0.0,1016.0,BID
829,1712373217.0439854,1118179.24593632,1011.0,5.972830722876091e-09,1016.0,BID
830,1712373217.1455069,1120123.56549338,1011.0,3.423690055969294e-07,1016.0,BID
831,1712373240.1206794,1120123.56549338,1011.0,0.0,1016.0,BID
832,1712373270.1349185,1120123.56549338,1011.0,0.0,1016.0,BID
833,1712373300.1463704,1120123.56549338,1011.0,0.0,1016.0,BID
834,1712373330.1224644,1120123.56549338,1011.0,0.0,1016.0,BID
835,1712373360.1820276,1120123.56549338,1011.0,0.0,1016.0,BID
836,1712373373.9918091,1120133.46648348,1010.0,-1.7458451814189747e-09,1016.0,ASK
837,1712373390.1944232,1120133.46648348,1010.0,-0.0,1016.0,ASK
838,1712373402.3816886,1120138.46648348,1011.0,8.816502619013501e-10,1016.0,BID
1038,1712373402.3816886,1120138.46648348,1011.0,8.8165026190135e-10,1016.0,BID
839,1712373402.4869432,1120143.51099387,1011.0,8.89498781285825e-10,1016.0,BID
840,1712373407.8267207,1122021.67894656,1011.0,-3.311774534767795e-07,1016.0,ASK
841,1712373418.811331,1123633.46648348,1011.0,-2.842065808109787e-07,1016.0,ASK
842,1712373420.1213343,1123633.46648348,1011.0,-0.0,1016.0,ASK
843,1712373450.2704737,1123633.46648348,1011.0,-0.0,1016.0,ASK
844,1712373464.7310474,1126183.72579764,1012.0,4.494069537260232e-07,1016.0,BID
845,1712373464.8244736,1126631.41414996,1012.0,7.889168662877065e-08,1016.0,BID
846,1712373480.1507766,1126631.41414996,1012.0,0.0,1016.0,BID
847,1712373510.1447165,1126631.41414996,1012.0,0.0,1016.0,BID
848,1712373540.1911016,1126631.41414996,1012.0,0.0,1016.0,BID
849,1712373555.034708,1126638.72740917,1012.0,1.28805463283014e-09,1016.0,BID
850,1712373555.129396,1126687.35266661,1012.0,8.564169041435762e-09,1016.0,BID
851,1712373570.1848512,1126687.35266661,1012.0,0.0,1016.0,BID
852,1712373575.9299054,1127675.35540658,1012.0,-1.7401117362946917e-07,1016.0,ASK
853,1712373580.089923,1127975.35540658,1012.0,-5.283725436876847e-08,1016.0,ASK
854,1712373600.1548493,1127975.35540658,1012.0,-0.0,1016.0,ASK
1055,1712373601.4698868,1128091.64187153,1012.0,-2.052344943941148e-08,1016.0,ASK
855,1712373601.4698868,1128091.64187153,1012.0,-2.0523449439411482e-08,1016.0,ASK
856,1712373630.125529,1128091.64187153,1012.0,-0.0,1016.0,ASK
857,1712373643.9688082,1128132.61865667,1012.0,-7.231860661515316e-09,1016.0,ASK
858,1712373660.186225,1128132.61865667,1012.0,-0.0,1016.0,ASK
859,1712373682.8792944,1128605.31356388,1012.0,-8.34237892101479e-08,1016.0,ASK
860,1712373682.9843695,1128824.31826142,1012.0,-3.865114991703669e-08,1016.0,ASK
861,1712373690.1828337,1128824.31826142,1012.0,-0.0,1016.0,ASK
862,1712373697.2429483,1128834.06927369,1013.0,1.7206995394017527e-09,1016.0,BID
863,1712373697.346834,1128928.5317093,1013.0,1.6669189304891024e-08,1016.0,BID
864,1712373711.749298,1128938.41313222,1012.0,-1.7437122830279823e-09,1016.0,ASK
865,1712373711.8395815,1131096.51981633,1012.0,-3.8082745405953337e-07,1016.0,ASK
866,1712373720.170478,1131096.51981633,1012.0,-0.0,1016.0,ASK
867,1712373731.4563184,1132096.51981633,1012.0,-1.7639210480256058e-07,1016.0,ASK
868,1712373741.0488038,1132145.97580051,1012.0,-8.723645144609038e-09,1016.0,ASK
869,1712373749.378691,1132611.32312368,1012.0,-8.208359379818163e-08,1016.0,ASK
870,1712373750.1240704,1132611.32312368,1012.0,-0.0,1016.0,ASK
871,1712373780.1821926,1132611.32312368,1012.0,-0.0,1016.0,ASK
872,1712373780.7167475,1133106.68098006,1012.0,-8.735359400449467e-08,1016.0,ASK
873,1712373810.1941924,1133106.68098006,1012.0,-0.0,1016.0,ASK
874,1712373840.130141,1133106.68098006,1012.0,-0.0,1016.0,ASK
875,1712373855.6983204,1133116.55264837,1013.0,-1.7406597475879943e-09,1016.0,ASK
876,1712373855.8075418,1142809.56695069,1013.0,-1.709157895015041e-06,1016.0,ASK
877,1712373870.1288345,1142809.56695069,1013.0,-0.0,1016.0,ASK
878,1712373900.1779454,1142809.56695069,1013.0,-0.0,1016.0,ASK
879,1712373911.0077407,1142814.56695069,1012.0,-8.867179857185334e-10,1016.0,ASK
880,1712373930.1879685,1142814.56695069,1012.0,-0.0,1016.0,ASK
881,1712373960.150317,1142814.56695069,1012.0,-0.0,1016.0,ASK
882,1712373986.0677943,1142872.11229727,1012.0,-1.0205289603570564e-08,1016.0,ASK
883,1712373990.1209314,1142872.11229727,1012.0,-0.0,1016.0,ASK
884,1712374020.1789663,1142872.11229727,1012.0,-0.0,1016.0,ASK
885,1712374050.1787684,1142872.11229727,1012.0,-0.0,1016.0,ASK
886,1712374055.8058195,1143698.36814167,1012.0,-1.4652953879511694e-07,1016.0,ASK
887,1712374055.9173374,1144746.28304339,1012.0,-1.8583891210723466e-07,1016.0,ASK
888,1712374080.1421423,1144746.28304339,1012.0,-0.0,1016.0,ASK
889,1712374110.1174915,1144746.28304339,1012.0,-0.0,1016.0,ASK
890,1712374133.4073236,1144948.93536782,1011.0,-3.5926604607494645e-08,1016.0,ASK
891,1712374133.5043414,1144958.82656465,1011.0,-1.7535309234881371e-09,1016.0,ASK
892,1712374140.1971903,1144958.82656465,1011.0,-0.0,1016.0,ASK
893,1712374145.6973455,1145058.82656465,1009.0,-1.7727522321987225e-08,1016.0,ASK
894,1712374145.792482,1145068.73736742,1009.0,-1.756939773329303e-09,1016.0,ASK
895,1712374145.882943,1145167.74726841,1010.0,-1.7552002298969462e-08,1016.0,ASK
1096,1712374145.971532,1145416.95754106,1009.0,-4.4178806712714253e-08,1016.0,ASK
896,1712374145.971532,1145416.95754106,1009.0,-4.417880671271425e-08,1016.0,ASK
897,1712374146.0552268,1145426.85853115,1010.0,-1.755200228320237e-09,1016.0,ASK
898,1712374146.1460714,1146519.21187548,1009.0,-1.936471829510509e-07,1016.0,ASK
899,1712374170.1879113,1146519.21187548,1009.0,-0.0,1016.0,ASK
900,1712374174.316413,1147621.36635299,1010.0,-1.953301591957299e-07,1016.0,ASK
901,1712374179.9869866,1148167.07439283,1011.0,9.671351926740568e-08,1016.0,BID
902,1712374184.870401,1159742.76592714,1011.0,-2.051510669634437e-06,1016.0,ASK
903,1712374184.9622977,1160180.15135911,1011.0,-7.751596332448624e-08,1016.0,ASK
904,1712374200.1582155,1160180.15135911,1011.0,-0.0,1016.0,ASK
905,1712374210.487081,1160184.38239849,1012.0,7.496185439291966e-10,1016.0,BID
906,1712374210.5967157,1162712.36456925,1012.0,4.478857660359016e-07,1016.0,BID
907,1712374210.6954322,1163642.47366378,1012.0,1.6478859270405578e-07,1016.0,BID
908,1712374210.8012974,1166988.34053842,1012.0,-5.927914229521055e-07,1016.0,ASK
909,1712374221.86801,1169038.46053842,1013.0,3.632223269950689e-07,1016.0,BID
910,1712374221.9681864,1176964.27476767,1013.0,1.4042264295158582e-06,1016.0,BID
911,1712374222.069524,1180714.27476767,1013.0,-6.643921947162062e-07,1016.0,ASK
912,1712374222.1764534,1181323.00664739,1013.0,-1.0784978921623776e-07,1016.0,ASK
913,1712374222.279348,1191697.00664739,1013.0,-1.8379745674629128e-06,1016.0,ASK
914,1712374222.375155,1192841.00664739,1013.0,-2.0268391220142405e-07,1016.0,ASK
915,1712374222.485168,1193674.41200769,1013.0,-1.4765547104476677e-07,1016.0,ASK
916,1712374222.5929592,1196650.85972305,1013.0,-5.273409680176134e-07,1016.0,ASK
917,1712374230.1267517,1196650.85972305,1013.0,-0.0,1016.0,ASK
918,1712374250.5866575,1196798.48908899,1012.0,2.598562045566617e-08,1016.0,BID
1119,1712374250.7026284,1196946.71377036,1013.0,2.6090407472212052e-08,1016.0,BID
919,1712374250.7026284,1196946.71377036,1013.0,2.609040747221205e-08,1016.0,BID
920,1712374260.1774237,1196946.71377036,1013.0,0.0,1016.0,BID
921,1712374290.1877017,1196946.71377036,1013.0,0.0,1016.0,BID
922,1712374295.7329726,1197045.72367136,1011.0,-1.7426736487184522e-08,1016.0,ASK
923,1712374300.4462318,1197637.53043332,1013.0,1.0416393095894756e-07,1016.0,BID
924,1712374320.13396,1197637.53043332,1013.0,0.0,1016.0,BID
925,1712374336.5660293,1198257.47321645,1013.0,1.091027186023062e-07,1016.0,BID
926,1712374336.6837437,1205080.75210619,1013.0,1.2008177156183148e-06,1016.0,BID
927,1712374336.778247,1208284.44167972,1013.0,-5.638120993444095e-07,1016.0,ASK
928,1712374336.8671277,1212034.44167972,1013.0,-6.599563796725219e-07,1016.0,ASK
929,1712374336.9794755,1214946.67645261,1013.0,-5.125194446594216e-07,1016.0,ASK
930,1712374337.098848,1216812.99396436,1011.0,-3.284501728997493e-07,1016.0,ASK
931,1712374350.136299,1216812.99396436,1011.0,-0.0,1016.0,ASK
932,1712374368.0062046,1217109.72986941,1011.0,-5.20441872504852e-08,1016.0,ASK
933,1712374377.1461697,1217162.00936686,1014.0,9.16924412700016e-09,1016.0,BID
934,1712374377.2406142,1218095.92316329,1014.0,1.637981237526717e-07,1016.0,BID
935,1712374377.485871,1218125.74423685,1012.0,-5.230285617471144e-09,1016.0,ASK
936,1712374380.1782508,1218125.74423685,1012.0,-0.0,1016.0,ASK
937,1712374410.2055683,1218125.74423685,1012.0,-0.0,1016.0,ASK
938,1712374440.132561,1218125.74423685,1012.0,-0.0,1016.0,ASK
939,1712374470.1317337,1218125.74423685,1012.0,-0.0,1016.0,ASK
940,1712374492.836886,1218150.73733349,1014.0,4.382489574171036e-09,1016.0,BID
941,1712374500.177346,1218150.73733349,1014.0,0.0,1016.0,BID
942,1712374530.177239,1218150.73733349,1014.0,0.0,1016.0,BID
943,1712374550.865471,1220965.95143661,1014.0,4.965369584164253e-07,1016.0,BID
944,1712374550.9618862,1223071.84186997,1014.0,3.7142909641581333e-07,1016.0,BID
945,1712374560.1153245,1223071.84186997,1014.0,0.0,1016.0,BID
946,1712374590.12707,1223071.84186997,1014.0,0.0,1016.0,BID
947,1712374620.1773646,1223071.84186997,1014.0,0.0,1016.0,BID
948,1712374641.0351863,1223453.32867688,1013.0,6.722605263771506e-08,1016.0,BID
949,1712374650.2049434,1223453.32867688,1013.0,0.0,1016.0,BID
950,1712374667.8750498,1223729.16218774,1014.0,4.8604394906490064e-08,1016.0,BID
951,1712374667.979128,1224296.42186932,1014.0,9.995635951592925e-08,1016.0,BID
952,1712374680.119313,1224296.42186932,1014.0,0.0,1016.0,BID
953,1712374710.1273437,1224296.42186932,1014.0,0.0,1016.0,BID
954,1712374732.4689853,1224592.13200241,1014.0,-5.2098989853531254e-08,1016.0,ASK
1154,1712374732.4689853,1224592.13200241,1014.0,-5.209898985353125e-08,1016.0,ASK
955,1712374740.1520092,1224592.13200241,1014.0,-0.0,1016.0,ASK
956,1712374770.1767604,1224592.13200241,1014.0,-0.0,1016.0,ASK
957,1712374779.2860126,1225065.84403396,1014.0,8.345542418930779e-08,1016.0,BID
958,1712374800.176831,1225065.84403396,1014.0,0.0,1016.0,BID
959,1712374830.1245482,1225065.84403396,1014.0,0.0,1016.0,BID
960,1712374860.1796544,1225065.84403396,1014.0,0.0,1016.0,BID
961,1712374868.0247705,1225071.76119373,1013.0,-1.0470009231769848e-09,1016.0,ASK
962,1712374875.775073,1226071.76119373,1013.0,-1.7694315581944948e-07,1016.0,ASK
963,1712374887.2748578,1226076.76119373,1014.0,8.847157790972471e-10,1016.0,BID
964,1712374890.186051,1226076.76119373,1014.0,0.0,1016.0,BID
965,1712374893.1248088,1226081.76119373,1014.0,8.845554966411948e-10,1016.0,BID
966,1712374898.5701556,1227183.91567124,1013.0,-1.949833602458589e-07,1016.0,ASK
967,1712374920.126103,1227183.91567124,1013.0,-0.0,1016.0,ASK
968,1712374921.1648853,1228143.49382209,1013.0,-1.6972634929051998e-07,1016.0,ASK
969,1712374921.2705305,1228148.49382209,1013.0,-8.843800223054863e-10,1016.0,ASK
970,1712374921.3687923,1230147.39049849,1013.0,3.53556857452195e-07,1016.0,BID
971,1712374950.1248791,1230147.39049849,1013.0,0.0,1016.0,BID
1172,1712374978.0662298,1230271.29285786,1013.0,2.190372379072549e-08,1016.0,BID
972,1712374978.0662298,1230271.29285786,1013.0,2.1903723790725492e-08,1016.0,BID
973,1712374980.1706522,1230271.29285786,1013.0,0.0,1016.0,BID
974,1712375010.1789372,1230271.29285786,1013.0,0.0,1016.0,BID
975,1712375035.717578,1230458.89039248,1013.0,-3.316315710811836e-08,1016.0,ASK
976,1712375040.131219,1230458.89039248,1013.0,-0.0,1016.0,ASK
977,1712375057.5754707,1231131.89039248,1013.0,-1.189677413406757e-07,1016.0,ASK
978,1712375070.1247888,1231131.89039248,1013.0,-0.0,1016.0,ASK
979,1712375100.134168,1231131.89039248,1013.0,-0.0,1016.0,ASK
980,1712375130.1240418,1231131.89039248,1013.0,-0.0,1016.0,ASK
981,1712375145.2799315,1231230.02709443,1013.0,-1.736614424721451e-08,1016.0,ASK
982,1712375145.3874052,1231230.89039248,1013.0,-1.5276810983967602e-10,1016.0,ASK
983,1712375160.1802194,1231230.89039248,1013.0,-0.0,1016.0,ASK
984,1712375189.0616071,1231419.31041132,1013.0,-3.334197189116279e-08,1016.0,ASK
985,1712375189.1697695,1231419.89039248,1013.0,-1.0263089691484163e-10,1016.0,ASK
986,1712375190.2120135,1231419.89039248,1013.0,-0.0,1016.0,ASK
987,1712375202.49111,1231420.04933193,1013.0,-2.8124268194711638e-11,1016.0,ASK
1187,1712375202.49111,1231420.04933193,1013.0,-2.812426819471164e-11,1016.0,ASK
988,1712375220.1355915,1231420.04933193,1013.0,-0.0,1016.0,ASK
989,1712375221.931149,1231514.14109936,1012.0,-1.6649497817743916e-08,1016.0,ASK
990,1712375236.8715076,1231815.30624892,1012.0,-5.3291043811092884e-08,1016.0,ASK
991,1712375236.974854,1232507.82254548,1012.0,-1.225404611184058e-07,1016.0,ASK
992,1712375246.271826,1233263.86996853,1012.0,-1.337822666530055e-07,1016.0,ASK
993,1712375246.3675516,1233307.82254548,1012.0,-7.777389605912403e-09,1016.0,ASK
994,1712375250.1222894,1233307.82254548,1012.0,-0.0,1016.0,ASK
995,1712375280.1829329,1233307.82254548,1012.0,-0.0,1016.0,ASK
996,1712375310.195119,1233307.82254548,1012.0,-0.0,1016.0,ASK
997,1712375319.892786,1233312.82254548,1014.0,8.84448864434125e-10,1016.0,BID
998,1712375322.6626408,1234004.52215023,1012.0,-1.2235458599011877e-07,1016.0,ASK
999,1712375340.135495,1234004.52215023,1012.0,-0.0,1016.0,ASK
1000,1712375370.1294825,1234004.52215023,1012.0,-0.0,1016.0,ASK
1201,1712375400.1531773,1234004.52215023,1012.0,-0.0,1016.0,ASK
1202,1712375430.138321,1234004.52215023,1012.0,-0.0,1016.0,ASK
1203,1712375460.1969476,1234004.52215023,1012.0,-0.0,1016.0,ASK
1204,1712375490.1903746,1234004.52215023,1012.0,-0.0,1016.0,ASK
1205,1712375495.0208144,1234097.44891975,1012.0,-1.64798601411457e-08,1016.0,ASK
1206,1712375520.1488128,1234097.44891975,1012.0,-0.0,1016.0,ASK
1207,1712375533.0862155,1235385.17347131,1012.0,-2.283644067375429e-07,1016.0,ASK
1208,1712375544.814686,1236209.32786236,1012.0,-1.461551139522131e-07,1016.0,ASK
1209,1712375550.1372252,1236209.32786236,1012.0,-0.0,1016.0,ASK
1210,1712375565.0452733,1238746.15233549,1012.0,-4.497086957647081e-07,1016.0,ASK
1211,1712375565.1495638,1240224.33804679,1012.0,-2.620413731291971e-07,1016.0,ASK
1212,1712375565.2371366,1244771.78530686,1012.0,-8.061364111099018e-07,1016.0,ASK
1213,1712375572.3750365,1245275.93174542,1012.0,8.937119606052051e-08,1016.0,BID
1214,1712375580.2004776,1245275.93174542,1012.0,0.0,1016.0,BID
1215,1712375606.9353304,1245290.7395589,1012.0,2.6207523050887117e-09,1016.0,BID
1216,1712375610.2149954,1245290.7395589,1012.0,0.0,1016.0,BID
1217,1712375634.4457808,1245300.60616709,1012.0,-1.746231313059638e-09,1016.0,ASK
1218,1712375634.5329916,1245312.38458055,1011.0,-2.084590165779428e-09,1016.0,ASK
1219,1712375640.1611333,1245312.38458055,1011.0,-0.0,1016.0,ASK
1220,1712375670.1458988,1245312.38458055,1011.0,-0.0,1016.0,ASK
1221,1712375689.325989,1245673.55250914,1012.0,-6.392067976531808e-08,1016.0,ASK
1222,1712375700.1634653,1245673.55250914,1012.0,-0.0,1016.0,ASK
1223,1712375730.1411562,1245673.55250914,1012.0,-0.0,1016.0,ASK
1224,1712375760.200396,1245673.55250914,1012.0,-0.0,1016.0,ASK
1225,1712375790.1906414,1245673.55250914,1012.0,-0.0,1016.0,ASK
1226,1712375819.1076088,1245927.45547975,1012.0,-4.496210534647463e-08,1016.0,ASK
1227,1712375819.2120683,1251734.54166389,1012.0,-1.028340945126095e-06,1016.0,ASK
1228,1712375819.2967975,1262982.69852843,1012.0,-1.991866470416517e-06,1016.0,ASK
1229,1712375820.1309369,1262982.69852843,1012.0,-0.0,1016.0,ASK
1230,1712375850.1329365,1262982.69852843,1012.0,-0.0,1016.0,ASK
1231,1712375880.218597,1262982.69852843,1012.0,-0.0,1016.0,ASK
1232,1712375894.2574484,1263179.9371872,1014.0,3.4819763907292027e-08,1016.0,BID
1233,1712375910.2004611,1263179.9371872,1014.0,0.0,1016.0,BID
1234,1712375940.1375833,1263179.9371872,1014.0,0.0,1016.0,BID
1235,1712375970.137598,1263179.9371872,1014.0,0.0,1016.0,BID
1236,1712376000.2180443,1263179.9371872,1014.0,0.0,1016.0,BID
1237,1712376030.1305838,1263179.9371872,1014.0,0.0,1016.0,BID
1238,1712376060.1914167,1263179.9371872,1014.0,0.0,1016.0,BID
1239,1712376090.1986425,1263179.9371872,1014.0,0.0,1016.0,BID
1240,1712376120.128647,1263179.9371872,1014.0,0.0,1016.0,BID
1241,1712376150.153976,1263179.9371872,1014.0,0.0,1016.0,BID
1242,1712376180.2022543,1263179.9371872,1014.0,0.0,1016.0,BID
1243,1712376206.209214,1263190.31268127,1012.0,-1.8354115926807822e-09,1016.0,ASK
1244,1712376206.2888014,1263563.2733076,1012.0,-6.597625641279478e-08,1016.0,ASK
1245,1712376210.195108,1263563.2733076,1012.0,-0.0,1016.0,ASK
1246,1712376240.138355,1263563.2733076,1012.0,-0.0,1016.0,ASK
1247,1712376270.1368651,1263563.2733076,1012.0,-0.0,1016.0,ASK
1248,1712376300.193755,1263563.2733076,1012.0,-0.0,1016.0,ASK
1249,1712376330.1908617,1263563.2733076,1012.0,-0.0,1016.0,ASK
1250,1712376360.1349492,1263563.2733076,1012.0,-0.0,1016.0,ASK
1251,1712376380.909657,1263859.13129576,1014.0,5.24007887103537e-08,1016.0,BID
1252,1712376390.1396265,1263859.13129576,1014.0,0.0,1016.0,BID
1253,1712376420.1897454,1263859.13129576,1014.0,0.0,1016.0,BID
1254,1712376450.214959,1263859.13129576,1014.0,0.0,1016.0,BID
1255,1712376470.990672,1263957.75062514,1014.0,1.7466001523456223e-08,1016.0,BID
1256,1712376480.1312523,1263957.75062514,1014.0,0.0,1016.0,BID
1257,1712376510.1299157,1263957.75062514,1014.0,0.0,1016.0,BID
1258,1712376525.370019,1263963.6677849,1014.0,1.0479415312983191e-09,1016.0,BID
1259,1712376540.199974,1263963.6677849,1014.0,0.0,1016.0,BID
1260,1712376555.1900363,1263987.6677849,1012.0,-4.250446336816027e-09,1016.0,ASK
1261,1712376560.8144076,1263988.3303548,1012.0,-1.1734240852181846e-10,1016.0,ASK
1262,1712376570.1999722,1263988.3303548,1012.0,-0.0,1016.0,ASK
1263,1712376600.1618705,1263988.3303548,1012.0,-0.0,1016.0,ASK
1264,1712376630.136371,1263988.3303548,1012.0,-0.0,1016.0,ASK
1265,1712376660.2007277,1263988.3303548,1012.0,-0.0,1016.0,ASK
1266,1712376667.7204547,1264288.0306545,1012.0,5.332747151725007e-08,1016.0,BID
1267,1712376667.8053272,1264768.19265039,1012.0,8.543810328225847e-08,1016.0,BID
1268,1712376667.9205108,1270923.19265039,1012.0,-1.095196059253885e-06,1016.0,ASK
1269,1712376668.0201788,1270923.76678678,1012.0,-1.0215953073540391e-10,1016.0,ASK
1270,1712376690.192438,1270923.76678678,1012.0,-0.0,1016.0,ASK
1271,1712376720.1704106,1270923.76678678,1012.0,-0.0,1016.0,ASK
1272,1712376721.1617572,1270973.17390141,1012.0,8.780338658279174e-09,1016.0,BID
1273,1712376722.6451826,1271007.17390141,1012.0,-6.042277850397341e-09,1016.0,ASK
1274,1712376722.7556877,1271007.48875978,1012.0,-5.595475750095431e-11,1016.0,ASK
1275,1712376745.8689995,1271017.3701827,1012.0,-1.75606773057175e-09,1016.0,ASK
1276,1712376750.1427884,1271017.3701827,1012.0,-0.0,1016.0,ASK
1277,1712376780.200436,1271017.3701827,1012.0,-0.0,1016.0,ASK
1278,1712376810.2005444,1271017.3701827,1012.0,-0.0,1016.0,ASK
1279,1712376840.1332958,1271017.3701827,1012.0,-0.0,1016.0,ASK
1280,1712376841.061738,1271239.79011152,1012.0,3.952648193633341e-08,1016.0,BID
1281,1712376849.2525003,1272906.79011152,1012.0,-2.9624434167120244e-07,1016.0,ASK
1282,1712376850.5905752,1272994.79011152,1013.0,1.5638573525534384e-08,1016.0,BID
1283,1712376856.8663957,1276827.32240775,1012.0,-6.810833875406326e-07,1016.0,ASK
1284,1712376860.4307816,1276861.57868072,1012.0,-6.087718676728699e-09,1016.0,ASK
1285,1712376860.523912,1277454.32240775,1012.0,-1.0533711769270378e-07,1016.0,ASK
1286,1712376862.6439965,1277454.46405621,1012.0,-2.517249835972448e-11,1016.0,ASK
1287,1712376870.1250925,1277454.46405621,1012.0,-0.0,1016.0,ASK
1288,1712376900.1576889,1277454.46405621,1012.0,-0.0,1016.0,ASK
1289,1712376930.1303098,1277454.46405621,1012.0,-0.0,1016.0,ASK
1290,1712376960.202679,1277454.46405621,1012.0,-0.0,1016.0,ASK
1291,1712376990.1907468,1277454.46405621,1012.0,-0.0,1016.0,ASK
1292,1712377020.129764,1277454.46405621,1012.0,-0.0,1016.0,ASK
1293,1712377023.9693143,1277459.95861605,1011.0,-9.81888053093521e-10,1016.0,ASK
1294,1712377024.0581837,1284664.0017319,1011.0,-1.2873758909391331e-06,1016.0,ASK
1295,1712377024.1428318,1285662.46405621,1011.0,-1.7842707263918005e-07,1016.0,ASK
1296,1712377047.7883945,1285663.01261221,1011.0,-9.802797649404544e-11,1016.0,ASK
1297,1712377050.1289296,1285663.01261221,1011.0,-0.0,1016.0,ASK
1298,1712377077.7181184,1285672.9136023,1010.0,-1.7667052697882567e-09,1016.0,ASK
1299,1712377077.8133986,1285771.92350329,1010.0,-1.766705271375301e-08,1016.0,ASK
1300,1712377077.898023,1285781.82449338,1010.0,-1.7667052697882567e-09,1016.0,ASK
1301,1712377080.197943,1285781.82449338,1010.0,-0.0,1016.0,ASK
1302,1712377094.72781,1285881.82449338,1009.0,-1.7843341170948993e-08,1016.0,ASK
1303,1712377094.8281226,1286099.86215442,1009.0,-3.8905203740519e-08,1016.0,ASK
1304,1712377094.9135115,1292671.48311234,1009.0,-1.1725967479832688e-06,1016.0,ASK
1305,1712377100.2474246,1293468.4094785,1009.0,-1.4219829039516168e-07,1016.0,ASK
1306,1712377109.2474568,1293775.46804755,1009.0,5.4789508070212703e-08,1016.0,BID
1307,1712377110.203135,1293775.46804755,1009.0,0.0,1016.0,BID
1308,1712377121.637099,1300665.12666652,1009.0,-1.2275785984954482e-06,1016.0,ASK
1309,1712377136.5079994,1300714.6806804,1009.0,-8.829384774029751e-09,1016.0,ASK
1310,1712377140.129722,1300714.6806804,1009.0,-0.0,1016.0,ASK
1311,1712377170.1231878,1300714.6806804,1009.0,-0.0,1016.0,ASK
1312,1712377189.10298,1300719.63608178,1011.0,8.818383512073e-10,1016.0,BID
1313,1712377200.155652,1300719.63608178,1011.0,0.0,1016.0,BID
1314,1712377207.823712,1301116.4614786,1008.0,-7.15273290366564e-08,1016.0,ASK
1315,1712377207.9146698,1301413.78556185,1009.0,-5.3592329784260914e-08,1016.0,ASK
1316,1712377208.00572,1303768.70619677,1008.0,-4.244717814408245e-07,1016.0,ASK
1317,1712377208.0883086,1304165.92566052,1007.0,-7.159835915517712e-08,1016.0,ASK
1318,1712377208.186254,1304175.84629544,1008.0,-1.788183225828278e-09,1016.0,ASK
1319,1712377208.2840784,1304185.77678203,1007.0,-1.7899589781859155e-09,1016.0,ASK
1320,1712377208.3760357,1304765.14512712,1008.0,-1.0443048903816201e-07,1016.0,ASK
1321,1712377208.4712822,1314832.6659867,1007.0,-1.8146592503333968e-06,1016.0,ASK
1322,1712377230.1298373,1314832.6659867,1007.0,-0.0,1016.0,ASK
1323,1712377231.534847,1315054.73333031,1007.0,-3.9925084564265095e-08,1016.0,ASK
1324,1712377260.194411,1315054.73333031,1007.0,-0.0,1016.0,ASK
1325,1712377290.185198,1315054.73333031,1007.0,-0.0,1016.0,ASK
1326,1712377320.1574554,1315054.73333031,1007.0,-0.0,1016.0,ASK
1327,1712377322.664417,1315234.73333031,1007.0,-3.2360572183532006e-08,1016.0,ASK
1328,1712377322.7664394,1315244.6638169,1007.0,-1.785312378389739e-09,1016.0,ASK
1329,1712377322.8553154,1315443.47097395,1006.0,-3.5741740868462126e-08,1016.0,ASK
1330,1712377322.9453242,1318971.40363034,1007.0,-6.342551076985832e-07,1016.0,ASK
1331,1712377323.0274637,1323611.16887574,1006.0,-8.341414341022594e-07,1016.0,ASK
1332,1712377323.1115203,1323710.47374167,1007.0,-1.7853123789464572e-08,1016.0,ASK
1333,1712377323.2061412,1328872.59691512,1006.0,-9.280514420817552e-07,1016.0,ASK
1334,1712377323.2851365,1330922.61135512,1007.0,-3.6855355701613776e-07,1016.0,ASK
1335,1712377323.376679,1339524.75332031,1006.0,-1.5465013110973289e-06,1016.0,ASK
1336,1712377340.4734082,1343274.75332031,1007.0,-6.741785871569169e-07,1016.0,ASK
1337,1712377340.5558164,1343638.2826253,1006.0,-6.535564619422601e-08,1016.0,ASK
1338,1712377350.1254706,1343638.2826253,1006.0,-0.0,1016.0,ASK
1339,1712377356.5433118,1343727.74584598,1007.0,1.6001036599714206e-08,1016.0,BID
1340,1712377374.537011,1343732.7313891,1007.0,-8.916944563986592e-10,1016.0,ASK
1341,1712377380.188414,1343732.7313891,1007.0,-0.0,1016.0,ASK
1342,1712377407.362586,1343737.71693222,1007.0,-8.916792880599689e-10,1016.0,ASK
1343,1712377410.193318,1343737.71693222,1007.0,-0.0,1016.0,ASK
1344,1712377411.5621204,1343742.70247534,1007.0,-8.916784874447332e-10,1016.0,ASK
1345,1712377440.1224086,1343742.70247534,1007.0,-0.0,1016.0,ASK
1346,1712377470.1149397,1343742.70247534,1007.0,-0.0,1016.0,ASK
1347,1712377485.5915372,1343752.62311026,1008.0,1.7743320203445583e-09,1016.0,BID
1348,1712377500.1819315,1343752.62311026,1008.0,0.0,1016.0,BID
1349,1712377530.1819785,1343752.62311026,1008.0,0.0,1016.0,BID
1350,1712377531.1110094,1343851.82945946,1008.0,1.7764100559459625e-08,1016.0,BID
1351,1712377551.6209226,1344504.88451599,1007.0,-1.1693743181387577e-07,1016.0,ASK
1352,1712377551.7181883,1344509.82945946,1007.0,-8.854521285128893e-10,1016.0,ASK
1353,1712377551.8113196,1344849.82945946,1007.0,-6.088112544135584e-08,1016.0,ASK
1354,1712377560.1813493,1344849.82945946,1007.0,-0.0,1016.0,ASK
1355,1712377572.630577,1344850.77440293,1007.0,-1.6917012171373794e-10,1016.0,ASK
1356,1712377590.1242163,1344850.77440293,1007.0,-0.0,1016.0,ASK
1357,1712377620.21605,1344850.77440293,1007.0,-0.0,1016.0,ASK
1358,1712377635.819944,1344860.71476078,1006.0,-1.7795892711038143e-09,1016.0,ASK
1359,1712377650.1904712,1344860.71476078,1006.0,-0.0,1016.0,ASK
1360,1712377660.0798194,1344883.98965536,1006.0,4.1668196610944506e-09,1016.0,BID
1361,1712377660.1808162,1345292.19686813,1006.0,7.30798515165288e-08,1016.0,BID
1362,1712377661.539683,1345302.13722598,1006.0,1.779586085128233e-09,1016.0,BID
1363,1712377674.0895956,1345431.56028761,1006.0,2.3170139651760307e-08,1016.0,BID
1364,1712377680.1304152,1345431.56028761,1006.0,0.0,1016.0,BID
1365,1712377684.8097396,1346451.57115717,1005.0,-1.82590061352476e-07,1016.0,ASK
1366,1712377710.1227276,1346451.57115717,1005.0,-0.0,1016.0,ASK
1367,1712377717.3192563,1347495.75605875,1005.0,-1.868831118105197e-07,1016.0,ASK
1368,1712377717.4042768,1349430.71713532,1005.0,-3.463098792890677e-07,1016.0,ASK
1369,1712377726.0292568,1349450.61763283,1005.0,-3.5616938107773713e-09,1016.0,ASK
1370,1712377726.1209383,1351287.80839167,1005.0,-3.288114255262871e-07,1016.0,ASK
1371,1712377728.8390546,1351486.61554872,1006.0,3.558153359952571e-08,1016.0,BID
1372,1712377740.1822188,1351486.61554872,1006.0,0.0,1016.0,BID
1373,1712377762.9389348,1352687.50852575,1006.0,2.147354739320115e-07,1016.0,BID
1374,1712377763.0283449,1352875.51442873,1006.0,3.3617930532218046e-08,1016.0,BID
1375,1712377770.134071,1352875.51442873,1006.0,0.0,1016.0,BID
1376,1712377774.8187113,1358631.72292675,1006.0,-1.0290287631966714e-06,1016.0,ASK
1377,1712377785.3589375,1360758.56540604,1006.0,-3.802124413545224e-07,1016.0,ASK
1378,1712377788.2387712,1360775.94375757,1007.0,3.106701848538926e-09,1016.0,BID
1379,1712377800.1608036,1360775.94375757,1007.0,0.0,1016.0,BID
1380,1712377830.133975,1360775.94375757,1007.0,0.0,1016.0,BID
1381,1712377860.190568,1360775.94375757,1007.0,0.0,1016.0,BID
1382,1712377886.2329826,1360780.93926181,1005.0,-8.96055639879008e-10,1016.0,ASK
1383,1712377890.187871,1360780.93926181,1005.0,-0.0,1016.0,ASK
1384,1712377895.2878404,1362376.07112128,1006.0,2.8612238990415135e-07,1016.0,BID
1385,1712377920.1233358,1362376.07112128,1006.0,0.0,1016.0,BID
1386,1712377941.1974757,1362779.03861412,1006.0,-7.226038630530307e-08,1016.0,ASK
1387,1712377950.141352,1362779.03861412,1006.0,-0.0,1016.0,ASK
1388,1712377980.1959288,1362779.03861412,1006.0,-0.0,1016.0,ASK
1389,1712377987.8371618,1362829.03861412,1007.0,8.965379972101732e-09,1016.0,BID
1390,1712377989.6474504,1362834.03411836,1006.0,-8.95731873242282e-10,1016.0,ASK
1391,1712378010.195659,1362834.03411836,1006.0,-0.0,1016.0,ASK
1392,1712378017.7970965,1363120.44373497,1006.0,-5.135491089602335e-08,1016.0,ASK
1393,1712378017.9088807,1364937.48814836,1006.0,-3.2580663683097935e-07,1016.0,ASK
1394,1712378020.3305,1365119.25089202,1006.0,-3.2591117628519574e-08,1016.0,ASK
1395,1712378020.4209776,1365218.48814836,1006.0,-1.7793817530382258e-08,1016.0,ASK
1396,1712378021.9370463,1365218.65447054,1006.0,-2.982253468534567e-11,1016.0,ASK
1397,1712378036.6368878,1365223.59567582,1006.0,8.85986859951593e-10,1016.0,BID
1398,1712378040.1225376,1365223.59567582,1006.0,0.0,1016.0,BID
1399,1712378045.818726,1365274.28454261,1006.0,9.084892888302022e-09,1016.0,BID
1400,1712378070.117536,1365274.28454261,1006.0,0.0,1016.0,BID
1401,1712378085.3766582,1365323.98633187,1006.0,8.90789898560023e-09,1016.0,BID
1402,1712378100.1776357,1365323.98633187,1006.0,0.0,1016.0,BID
1403,1712378130.186282,1365323.98633187,1006.0,0.0,1016.0,BID
1404,1712378160.1164408,1365323.98633187,1006.0,0.0,1016.0,BID
1405,1712378176.896171,1365343.86704757,1005.0,-3.590920832300355e-09,1016.0,ASK
1406,1712378190.125959,1365343.86704757,1005.0,-0.0,1016.0,ASK
1407,1712378220.1484263,1365343.86704757,1005.0,-0.0,1016.0,ASK
1408,1712378250.132195,1365343.86704757,1005.0,-0.0,1016.0,ASK
1409,1712378254.989741,1365393.86704757,1005.0,-9.03113330367997e-09,1016.0,ASK
1410,1712378257.8555849,1365403.81729632,1005.0,-1.797240457349312e-09,1016.0,ASK
1411,1712378257.9510512,1368710.55009221,1005.0,-5.972708935866511e-07,1016.0,ASK
1412,1712378258.0444248,1373593.86704757,1005.0,-8.820377277595147e-07,1016.0,ASK
1413,1712378280.1854205,1373593.86704757,1005.0,-0.0,1016.0,ASK
1414,1712378289.7454402,1375051.59470548,1005.0,-2.629049327925397e-07,1016.0,ASK
1415,1712378309.3153224,1375176.59470548,1006.0,2.254407153540959e-08,1016.0,BID
1416,1712378310.1961057,1375176.59470548,1006.0,0.0,1016.0,BID
1417,1712378316.3653028,1379253.59470548,1007.0,7.350865417570292e-07,1016.0,BID
1418,1712378316.4876096,1382112.52406336,1007.0,5.154673767014161e-07,1016.0,BID
1419,1712378340.1213183,1382112.52406336,1007.0,0.0,1016.0,BID
1420,1712378348.5952048,1382117.45552267,1008.0,8.88027976121365e-10,1016.0,BID
1421,1712378357.4883504,1382454.11259096,1008.0,6.06232103333793e-08,1016.0,BID
1422,1712378370.1211894,1382454.11259096,1008.0,0.0,1016.0,BID
1423,1712378387.125016,1386018.19905596,1008.0,6.417597839497891e-07,1016.0,BID
1424,1712378387.2162237,1386141.21894016,1008.0,2.2151318460161183e-08,1016.0,BID
1425,1712378396.874886,1386333.66016329,1008.0,3.4651526833540334e-08,1016.0,BID
1426,1712378399.114785,1386338.58676402,1009.0,8.87098068753567e-10,1016.0,BID
1427,1712378400.1264105,1386338.58676402,1009.0,0.0,1016.0,BID
1428,1712378404.5248842,1389464.35685041,1008.0,-5.737124572866782e-07,1016.0,ASK
1429,1712378430.124725,1389464.35685041,1008.0,-0.0,1016.0,ASK
1430,1712378460.184476,1389464.35685041,1008.0,-0.0,1016.0,ASK
1431,1712378490.177173,1389464.35685041,1008.0,-0.0,1016.0,ASK
1432,1712378514.2250063,1389474.35685041,1007.0,1.8343667449803963e-09,1016.0,BID
1433,1712378520.1535156,1389474.35685041,1007.0,0.0,1016.0,BID
1434,1712378550.115965,1389474.35685041,1007.0,0.0,1016.0,BID
1435,1712378580.2120674,1389474.35685041,1007.0,0.0,1016.0,BID
1436,1712378610.179696,1389474.35685041,1007.0,0.0,1016.0,BID
1437,1712378640.1289887,1389474.35685041,1007.0,0.0,1016.0,BID
1438,1712378670.1237156,1389474.35685041,1007.0,0.0,1016.0,BID
1439,1712378700.1455,1389474.35685041,1007.0,0.0,1016.0,BID
1440,1712378730.118485,1389474.35685041,1007.0,0.0,1016.0,BID
1441,1712378760.179483,1389474.35685041,1007.0,0.0,1016.0,BID
1442,1712378786.8933191,1389489.35685041,1007.0,2.773300573008993e-09,1016.0,BID
1443,1712378786.9817183,1389573.61208872,1007.0,1.5577673378936286e-08,1016.0,BID
1444,1712378790.1731486,1389573.61208872,1007.0,0.0,1016.0,BID
1445,1712378814.70304,1390054.19443009,1007.0,8.88516435854875e-08,1016.0,BID
1446,1712378814.8002326,1391559.70940748,1007.0,2.78344559648924e-07,1016.0,BID
1447,1712378820.1278627,1391559.70940748,1007.0,0.0,1016.0,BID
1448,1712378850.1264906,1391559.70940748,1007.0,0.0,1016.0,BID
1449,1712378863.953972,1392056.23373717,1006.0,9.176511913465469e-08,1016.0,BID
1450,1712378880.1767733,1392056.23373717,1006.0,0.0,1016.0,BID
1451,1712378897.7529354,1392063.06334657,1005.0,-1.2620974079193403e-09,1016.0,ASK
1452,1712378905.453449,1392102.82308021,1005.0,-7.347514891194191e-09,1016.0,ASK
1453,1712378910.195533,1392102.82308021,1005.0,-0.0,1016.0,ASK
1454,1712378910.3710008,1392107.7594077,1007.0,9.122150123546023e-10,1016.0,BID
1455,1712378930.4227588,1392147.26268476,1007.0,7.30005909130759e-09,1016.0,BID
1456,1712378940.1235354,1392147.26268476,1007.0,0.0,1016.0,BID
1457,1712378970.1310165,1392147.26268476,1007.0,0.0,1016.0,BID
1458,1712379000.155829,1392147.26268476,1007.0,0.0,1016.0,BID
1459,1712379030.1280303,1392147.26268476,1007.0,0.0,1016.0,BID
1460,1712379060.1734054,1392147.26268476,1007.0,0.0,1016.0,BID
1461,1712379090.176287,1392147.26268476,1007.0,0.0,1016.0,BID
1462,1712379120.142776,1392147.26268476,1007.0,0.0,1016.0,BID
1463,1712379128.90545,1392168.62206972,1007.0,3.959380434881587e-09,1016.0,BID
1464,1712379129.0145168,1392208.78341683,1007.0,7.444692451754515e-09,1016.0,BID
1465,1712379150.124272,1392208.78341683,1007.0,0.0,1016.0,BID
1466,1712379160.2463644,1392213.71001756,1009.0,9.132314704671363e-10,1016.0,BID
1467,1712379180.1866336,1392213.71001756,1009.0,0.0,1016.0,BID
1468,1712379198.9272463,1392218.63661829,1009.0,9.132306289702675e-10,1016.0,BID
1469,1712379210.187367,1392218.63661829,1009.0,0.0,1016.0,BID
1470,1712379230.1579762,1392223.55837001,1010.0,9.123309404303451e-10,1016.0,BID
1471,1712379240.128161,1392223.55837001,1010.0,0.0,1016.0,BID
1472,1712379270.13125,1392223.55837001,1010.0,0.0,1016.0,BID
1473,1712379294.3592415,1392433.78530442,1009.0,3.896912541666144e-08,1016.0,BID
1474,1712379300.1793163,1392433.78530442,1009.0,0.0,1016.0,BID
1475,1712379304.7197256,1392438.67337846,1010.0,9.079883675676067e-10,1016.0,BID
1476,1712379319.0996487,1392476.92931905,1010.0,7.106264913416745e-09,1016.0,BID
1477,1712379319.9798794,1392481.84623129,1010.0,9.133452319974947e-10,1016.0,BID
1478,1712379330.1869347,1392481.84623129,1010.0,0.0,1016.0,BID
1479,1712379360.1293354,1392481.84623129,1010.0,0.0,1016.0,BID
1480,1712379390.1220722,1392481.84623129,1010.0,0.0,1016.0,BID
1481,1712379420.18751,1392481.84623129,1010.0,0.0,1016.0,BID
1482,1712379450.182097,1392481.84623129,1010.0,0.0,1016.0,BID
1483,1712379460.6619947,1392584.47016684,1009.0,1.906282489802307e-08,1016.0,BID
1484,1712379480.1525328,1392584.47016684,1009.0,0.0,1016.0,BID
1485,1712379510.1335125,1392584.47016684,1009.0,0.0,1016.0,BID
1486,1712379540.2138326,1392584.47016684,1009.0,0.0,1016.0,BID
1487,1712379570.1998336,1392584.47016684,1009.0,0.0,1016.0,BID
1488,1712379583.103541,1392589.39676757,1009.0,9.151190723141667e-10,1016.0,BID
1489,1712379584.9636908,1392594.3233683,1009.0,9.151190723141667e-10,1016.0,BID
1490,1712379600.1666958,1392594.3233683,1009.0,0.0,1016.0,BID
1491,1712379619.764365,1392599.24512002,1010.0,9.157418316483415e-10,1016.0,BID
1492,1712379630.1302824,1392599.24512002,1010.0,0.0,1016.0,BID
1493,1712379631.714301,1393590.32539752,1009.0,1.8440036817495042e-07,1016.0,BID
1494,1712379660.1874793,1393590.32539752,1009.0,0.0,1016.0,BID
1495,1712379690.1947756,1393590.32539752,1009.0,0.0,1016.0,BID
1496,1712379713.0671656,1394465.79685778,1008.0,1.6285989322827241e-07,1016.0,BID
1497,1712379715.4550006,1394470.72345851,1009.0,9.164726724472947e-10,1016.0,BID
1498,1712379720.159938,1394470.72345851,1009.0,0.0,1016.0,BID
1499,1712379750.1480002,1394470.72345851,1009.0,0.0,1016.0,BID
1500,1712379750.4061413,1394981.64174012,1009.0,9.502806912510765e-08,1016.0,BID
1501,1712379750.490491,1395461.80373601,1009.0,8.930756439737558e-08,1016.0,BID
1502,1712379780.1953354,1395461.80373601,1009.0,0.0,1016.0,BID
1503,1712379810.2010188,1395461.80373601,1009.0,0.0,1016.0,BID
1504,1712379840.1285496,1395461.80373601,1009.0,0.0,1016.0,BID
1505,1712379853.506044,1395466.72548773,1010.0,9.15249277849127e-10,1016.0,BID
1506,1712379870.1294134,1395466.72548773,1010.0,0.0,1016.0,BID
1507,1712379900.1879451,1395466.72548773,1010.0,0.0,1016.0,BID
1508,1712379930.1901488,1395466.72548773,1010.0,0.0,1016.0,BID
1509,1712379960.1389613,1395466.72548773,1010.0,0.0,1016.0,BID
1510,1712379975.3170223,1395502.9092067,1010.0,6.7792577033312285e-09,1016.0,BID
1511,1712379975.423938,1396032.03712393,1010.0,9.913559498673825e-08,1016.0,BID
1512,1712379987.306981,1396456.82449393,1010.0,-7.958670729049526e-08,1016.0,ASK
1513,1712379990.1311944,1396456.82449393,1010.0,-0.0,1016.0,ASK
1514,1712380020.1573937,1396456.82449393,1010.0,-0.0,1016.0,ASK
1515,1712380024.0971873,1396461.74140617,1011.0,9.210432796398461e-10,1016.0,BID
1516,1712380042.957332,1396900.36181331,1007.0,-8.216302398581139e-08,1016.0,ASK
1517,1712380043.0466244,1397457.75734242,1007.0,-1.044121556642894e-07,1016.0,ASK
1518,1712380050.1347456,1397457.75734242,1007.0,-0.0,1016.0,ASK
1519,1712380066.3274236,1397462.67909414,1010.0,9.217757755046774e-10,1016.0,BID
1520,1712380080.2083182,1397462.67909414,1010.0,0.0,1016.0,BID
1521,1712380110.1949544,1397462.67909414,1010.0,0.0,1016.0,BID
1522,1712380111.6075082,1397467.59600638,1011.0,9.208685507719579e-10,1016.0,BID
1523,1712380140.128059,1397467.59600638,1011.0,0.0,1016.0,BID
1524,1712380170.141471,1397467.59600638,1011.0,0.0,1016.0,BID
1525,1712380200.1704097,1397467.59600638,1011.0,0.0,1016.0,BID
1526,1712380224.1881006,1397472.51291862,1011.0,9.247131468012951e-10,1016.0,BID
1527,1712380226.278122,1397477.42983086,1011.0,9.247131468450831e-10,1016.0,BID
1528,1712380228.4479938,1397487.32102769,1011.0,1.8602161885062367e-09,1016.0,BID
1529,1712380230.1384656,1397487.32102769,1011.0,0.0,1016.0,BID
1530,1712380230.6381433,1397492.23793993,1011.0,9.247096787252221e-10,1016.0,BID
1531,1712380244.5882292,1397526.61483542,1011.0,6.465164809238405e-09,1016.0,BID
1532,1712380244.6808543,1397591.05104574,1011.0,1.2118334522817726e-08,1016.0,BID
1533,1712380246.0579288,1397595.96795798,1011.0,9.247096787252221e-10,1016.0,BID
1534,1712380260.1960676,1397595.96795798,1011.0,0.0,1016.0,BID
1535,1712380262.3982432,1397627.2672826,1011.0,5.8862532261362275e-09,1016.0,BID
1536,1712380262.508144,1397793.79189467,1011.0,3.1317162492400555e-08,1016.0,BID
1537,1712380290.1918306,1397793.79189467,1011.0,0.0,1016.0,BID
1538,1712380290.8221128,1397798.70880691,1011.0,9.246557980045088e-10,1016.0,BID
