,time,acc_trade_volume,trade_price,dev,high,ask_bid
0,1712365207.2155602,1367312.71012624,2866.0,0.0,2947.0,BID
1,1712365209.378657,1367796.71012614,2866.0,4.1496283137253125e-09,2947.0,BID
2,1712365210.098868,1368041.95541809,2866.0,2.102638032014075e-09,2947.0,BID
3,1712365210.100239,1371045.90029414,2866.0,2.57546584981511e-08,2947.0,BID
4,1712365210.1014924,1372858.39155714,2866.0,1.553959724148882e-08,2947.0,BID
5,1712365210.1786852,1372881.50555856,2867.0,1.981704850313678e-10,2947.0,BID
6,1712365210.1799064,1374307.94179681,2866.0,1.2229711163616562e-08,2947.0,BID
7,1712365217.1888,1374314.7898965,2866.0,5.8712951188831e-11,2947.0,BID
8,1712365224.7887723,1374667.06109975,2866.0,3.0202366930131276e-09,2947.0,BID
9,1712365227.308751,1374702.01512475,2866.0,-2.9968225588653864e-10,2947.0,ASK
10,1712365227.3685606,1374841.86002416,2866.0,1.198975938515485e-09,2947.0,BID
11,1712365227.4886842,1374841.86002417,2866.0,8.583658502185976e-20,2947.0,BID
12,1712365227.6885068,1374936.06002417,2868.0,8.076342711437795e-10,2947.0,BID
13,1712365230.1684544,1374936.06002417,2868.0,0.0,2947.0,BID
14,1712365248.9199796,1375050.5752494,2868.0,9.816252538786888e-10,2947.0,BID
15,1712365248.921257,1375378.33468887,2868.0,2.809556042304779e-09,2947.0,BID
16,1712365253.6888103,1375381.8221278,2866.0,-2.98943491412412e-11,2947.0,ASK
17,1712365253.6904013,1375636.89753283,2868.0,-2.1865080273639808e-09,2947.0,ASK
18,1712365253.6920016,1378481.71622605,2866.0,-2.4385804301233084e-08,2947.0,ASK
19,1712365255.2988815,1378485.20139446,2865.0,-2.987488622935469e-11,2947.0,ASK
20,1712365255.3004706,1378501.18280428,2863.0,-1.3699274869708446e-10,2947.0,ASK
21,1712365255.3020227,1378515.17999416,2865.0,-1.1998400249450282e-10,2947.0,ASK
22,1712365257.929942,1379999.19858434,2863.0,-1.272101698634438e-08,2947.0,ASK
23,1712365257.9309766,1380873.19858434,2861.0,-7.491933672284161e-09,2947.0,ASK
24,1712365257.931978,1381058.02375916,2860.0,-1.5843225980767695e-09,2947.0,ASK
25,1712365257.9329638,1383505.02375916,2861.0,-2.0975699881097643e-08,2947.0,ASK
26,1712365257.933958,1386457.91417733,2860.0,-2.5312195828893854e-08,2947.0,ASK
27,1712365257.9349637,1386882.90147411,2863.0,-3.6429938661783694e-09,2947.0,ASK
28,1712365260.1399028,1386882.90147411,2863.0,-0.0,2947.0,ASK
29,1712365271.318791,1386927.69812566,2867.0,3.8388464778418415e-10,2947.0,BID
30,1712365271.3201618,1387231.69812566,2867.0,2.6051262513778283e-09,2947.0,BID
31,1712365275.6986983,1387328.01865583,2867.0,8.254182292525705e-10,2947.0,BID
32,1712365276.6605146,1387448.12516422,2860.0,-1.0292520327902695e-09,2947.0,ASK
33,1712365276.668539,1387630.95021447,2861.0,-1.566718216498551e-09,2947.0,ASK
34,1712365278.9702897,1387665.92400461,2866.0,-2.9970769343292635e-10,2947.0,ASK
35,1712365285.4186988,1387667.92400461,2866.0,1.7138988495906767e-11,2947.0,BID
36,1712365287.9486876,1387722.49605239,2860.0,-4.676548495500477e-10,2947.0,ASK
37,1712365290.0997834,1387722.49605239,2860.0,-0.0,2947.0,ASK
38,1712365294.5789485,1387725.8063074,2860.0,-2.8366626701028246e-11,2947.0,ASK
39,1712365294.5807266,1387760.77134139,2860.0,-2.9962648307730664e-10,2947.0,ASK
40,1712365296.3787577,1387760.77134236,2860.0,-8.312002138878031e-18,2947.0,ASK
41,1712365296.390034,1388406.93382283,2859.0,-5.537171551895534e-09,2947.0,ASK
42,1712365296.3913746,1388408.79757626,2860.0,-1.5971095172963362e-11,2947.0,ASK
43,1712365298.1887226,1389122.40774356,2859.0,-6.1151522054359045e-09,2947.0,ASK
44,1712365298.1904595,1389157.38500826,2859.0,-2.9973129191752663e-10,2947.0,ASK
45,1712365298.2086215,1389157.38500833,2859.0,-6.005551233322821e-19,2947.0,ASK
46,1712365300.6988254,1389231.79725833,2860.0,6.37662207674313e-10,2947.0,BID
47,1712365307.7886937,1389409.76991823,2859.0,-1.5251042565885403e-09,2947.0,ASK
48,1712365309.4386272,1389437.0697434,2860.0,2.33940873808575e-10,2947.0,BID
49,1712365309.440014,1389687.86584756,2860.0,2.1491514831866833e-09,2947.0,BID
50,1712365309.7185073,1389916.7689652,2860.0,1.9615435272783376e-09,2947.0,BID
51,1712365309.9986398,1389974.66459859,2860.0,4.96126073356285e-10,2947.0,BID
52,1712365310.0786111,1389978.16110209,2860.0,2.9962649173647354e-11,2947.0,BID
53,1712365310.3191063,1390404.14298709,2860.0,3.650374087843209e-09,2947.0,BID
54,1712365320.172017,1390404.14298709,2860.0,0.0,2947.0,BID
55,1712365320.808682,1390427.4326469,2860.0,1.9956337988054144e-10,2947.0,BID
56,1712365320.810247,1390439.20577209,2860.0,1.0088102075554252e-10,2947.0,BID
57,1712365323.0286434,1391630.31110317,2859.0,-1.0206289297613505e-08,2947.0,ASK
58,1712365326.6687071,1391640.80061365,2860.0,8.988204128900181e-11,2947.0,BID
59,1712365326.8940258,1392080.06910789,2859.0,-3.763983935388287e-09,2947.0,ASK
60,1712365330.5787587,1392280.06910789,2859.0,-1.713750922155466e-09,2947.0,ASK
61,1712365330.5899374,1393280.06910789,2857.0,-8.568754610777331e-09,2947.0,ASK
62,1712365330.5915654,1393310.06910789,2856.0,-2.5706263832332e-10,2947.0,ASK
63,1712365330.5931582,1393328.30092448,2857.0,-1.5622396246896726e-10,2947.0,ASK
64,1712365330.594767,1394828.30092448,2855.0,-1.2853131916165998e-08,2947.0,ASK
65,1712365330.5963712,1394966.07337,2859.0,-1.180538277788882e-09,2947.0,ASK
66,1712365330.5979962,1396846.33606702,2855.0,-1.6111509654561437e-08,2947.0,ASK
67,1712365330.5996206,1397154.46938867,2854.0,-2.6403188206233724e-09,2947.0,ASK
68,1712365330.6012545,1397363.11616738,2856.0,-1.787843047094753e-09,2947.0,ASK
69,1712365330.602198,1397392.68862712,2854.0,-2.5339915074999656e-10,2947.0,ASK
70,1712365330.602918,1398172.70612799,2856.0,-6.683778557066222e-09,2947.0,ASK
71,1712365330.6036294,1398478.70612799,2855.0,-2.6220389108978637e-09,2947.0,ASK
72,1712365330.6043575,1398488.70612799,2854.0,-8.568754610777332e-11,2947.0,ASK
73,1712365330.605091,1398676.67524821,2853.0,-1.610661265569298e-09,2947.0,ASK
74,1712365330.6058216,1398680.41277126,2854.0,-3.202591786598564e-11,2947.0,ASK
75,1712365330.6065612,1398682.41277126,2853.0,-1.7137509221554664e-11,2947.0,ASK
76,1712365330.6073303,1398976.41277126,2854.0,-2.5192138555685356e-09,2947.0,ASK
77,1712365330.6081042,1399456.86880914,2853.0,-4.116909889861381e-09,2947.0,ASK
78,1712365341.368783,1399522.57736062,2855.0,-5.63040453461485e-10,2947.0,ASK
79,1712365350.0386963,1400607.93354059,2856.0,-9.300150771454329e-09,2947.0,ASK
80,1712365350.1593213,1400607.93354059,2856.0,-0.0,2947.0,ASK
81,1712365350.268112,1400709.33285908,2855.0,8.68648966375188e-10,2947.0,BID
82,1712365351.3892932,1401410.10370701,2856.0,-6.003234358823775e-09,2947.0,ASK
83,1712365351.3910775,1402704.10370701,2855.0,-1.1085200366518845e-08,2947.0,ASK
84,1712365351.3927968,1403755.2599789,2856.0,-9.004851538194774e-09,2947.0,ASK
85,1712365351.3945289,1403767.02617383,2855.0,-1.0079646704120096e-10,2947.0,ASK
86,1712365351.3964746,1405061.02617383,2855.0,-1.1085200366518845e-08,2947.0,ASK
87,1712365351.3982866,1405097.39524553,2854.0,-3.1155985080201805e-10,2947.0,ASK
88,1712365351.4000492,1405973.35880544,2856.0,-7.504042948509275e-09,2947.0,ASK
89,1712365351.4018044,1406175.69368795,2855.0,-1.733325126553951e-09,2947.0,ASK
90,1712365351.4027677,1407675.69368795,2854.0,-1.284992314511458e-08,2947.0,ASK
91,1712365358.7388864,1407850.26769691,2855.0,-1.4955083988474062e-09,2947.0,ASK
92,1712365358.7408996,1407855.74395787,2854.0,-4.6913021637940845e-11,2947.0,ASK
93,1712365359.1586716,1408384.8004245,2855.0,4.532223290413921e-09,2947.0,BID
94,1712365359.2386117,1408453.7914928,2855.0,5.91019950237027e-10,2947.0,BID
95,1712365359.7586627,1408593.7914928,2855.0,1.1993261602106942e-09,2947.0,BID
96,1712365360.1230645,1408628.7914928,2855.0,2.9983154005267354e-10,2947.0,BID
97,1712365360.3188727,1409679.94776469,2855.0,9.004851538194774e-09,2947.0,BID
98,1712365360.4785762,1410731.10403658,2855.0,9.004851538194774e-09,2947.0,BID
99,1712365364.0986817,1411731.10403658,2855.0,8.566615430076386e-09,2947.0,BID
100,1712365366.3086364,1413366.13572077,2855.0,1.4006687654446134e-08,2947.0,BID
101,1712365371.0487163,1413523.06444866,2855.0,-1.344348061763868e-09,2947.0,ASK
102,1712365371.1687827,1413887.39031219,2855.0,3.121039564091385e-09,2947.0,BID
103,1712365371.1888075,1414008.39031219,2855.0,1.0365604670392427e-09,2947.0,BID
104,1712365371.2512038,1415059.54658408,2855.0,9.004851538194774e-09,2947.0,BID
105,1712365371.253074,1415332.8738482,2855.0,2.3414895582718444e-09,2947.0,BID
106,1712365371.2885988,1415367.8738482,2855.0,2.9983154005267354e-10,2947.0,BID
107,1712365371.3888063,1415466.13572077,2855.0,8.41771673746621e-10,2947.0,BID
108,1712365376.7499185,1415476.88455631,2855.0,-9.208114039155452e-11,2947.0,ASK
109,1712365379.5787525,1415483.64885562,2855.0,-5.794715084308927e-11,2947.0,ASK
110,1712365379.583272,1415490.6471078,2855.0,-5.995133510823371e-11,2947.0,ASK
111,1712365379.6787128,1415562.1995377,2855.0,6.12962150041133e-10,2947.0,BID
112,1712365380.109917,1415562.1995377,2855.0,0.0,2947.0,BID
113,1712365396.598733,1416453.38221724,2858.0,-7.631627979370991e-09,2947.0,ASK
114,1712365401.45867,1416544.08730099,2857.0,-7.76751468480789e-10,2947.0,ASK
115,1712365406.8587167,1417133.06645131,2857.0,5.043713108481681e-09,2947.0,BID
116,1712365409.6486576,1417373.16473657,2857.0,-2.0560776523799676e-09,2947.0,ASK
117,1712365410.1107495,1417373.16473657,2857.0,-0.0,2947.0,ASK
118,1712365414.268806,1417383.65058068,2861.0,8.97913716980546e-11,2947.0,BID
119,1712365420.5588822,1417418.5859267,2861.0,2.9915499477160744e-10,2947.0,BID
120,1712365428.788832,1417418.58592731,2859.0,-5.22363278888084e-18,2947.0,ASK
121,1712365428.790872,1417472.86816731,2859.0,-4.6482445641609247e-10,2947.0,ASK
122,1712365433.8489137,1417483.36501825,2858.0,-8.988562432624953e-11,2947.0,ASK
123,1712365436.0988393,1417624.66563296,2857.0,-1.2099718328446543e-09,2947.0,ASK
124,1712365436.33884,1418119.83614873,2857.0,4.240196532525874e-09,2947.0,BID
125,1712365437.2781372,1418200.17450501,2858.0,6.879456851293054e-10,2947.0,BID
126,1712365440.1685054,1418200.17450501,2858.0,0.0,2947.0,BID
127,1712365441.6085556,1418235.23217301,2858.0,3.00196375847487e-10,2947.0,BID
128,1712365445.7528715,1418340.0957664,2858.0,8.97939665981817e-10,2947.0,BID
129,1712365449.4989822,1418345.66174559,2858.0,4.7661093169750617e-11,2947.0,BID
130,1712365458.71885,1418510.43012794,2858.0,-1.4109002126361155e-09,2947.0,ASK
131,1712365470.150966,1418510.43012794,2858.0,-0.0,2947.0,ASK
132,1712365473.8689845,1418571.91565977,2860.0,5.26492340473099e-10,2947.0,BID
133,1712365490.159037,1418581.91565977,2858.0,-8.562865519791229e-11,2947.0,ASK
134,1712365490.1611514,1419267.30195977,2858.0,-5.868870716008395e-09,2947.0,ASK
135,1712365490.3387609,1420076.47095207,2858.0,-6.928805263850333e-09,2947.0,ASK
136,1712365499.7988136,1420127.75330762,2858.0,-4.3912391411258166e-10,2947.0,ASK
137,1712365500.1113284,1420127.75330762,2858.0,-0.0,2947.0,ASK
138,1712365503.889136,1420659.95570918,2858.0,-4.574996725369306e-09,2947.0,ASK
139,1712365504.5545173,1420685.32223485,2856.0,-2.1805946672397606e-10,2947.0,ASK
140,1712365504.5555246,1422730.49922618,2856.0,-1.758105189061221e-08,2947.0,ASK
141,1712365504.618819,1422730.49922712,2856.0,-8.082029120775882e-18,2947.0,ASK
142,1712365505.038836,1422889.21534512,2855.0,-1.3643788866505875e-09,2947.0,ASK
143,1712365505.0987496,1423477.30386712,2855.0,-5.055413230926223e-09,2947.0,ASK
144,1712365505.118746,1423730.49922712,2855.0,-2.176555271985361e-09,2947.0,ASK
145,1712365505.9008949,1423890.76967176,2856.0,1.3777404184046751e-09,2947.0,BID
146,1712365510.7191172,1423995.58080712,2858.0,9.009929298493254e-10,2947.0,BID
147,1712365530.1607652,1423995.58080712,2858.0,0.0,2947.0,BID
148,1712365537.9692788,1424345.84350414,2854.0,-3.0106939195543843e-09,2947.0,ASK
149,1712365537.9715772,1425346.92969218,2854.0,-8.604867503521362e-09,2947.0,ASK
150,1712365538.068964,1425754.80993969,2854.0,3.505947369026358e-09,2947.0,BID
151,1712365538.1692424,1425757.80993969,2853.0,-2.5786593421198268e-11,2947.0,ASK
152,1712365538.1717858,1427709.74961669,2853.0,-1.6777958277835088e-08,2947.0,ASK
153,1712365538.229035,1427709.74961722,2853.0,-4.554965737170793e-18,2947.0,ASK
154,1712365538.249056,1427821.14035977,2853.0,9.574625963419295e-10,2947.0,BID
155,1712365538.2715786,1428821.14035977,2852.0,-8.595531140399424e-09,2947.0,ASK
156,1712365538.273324,1428926.32970058,2852.0,-9.04158254570947e-10,2947.0,ASK
157,1712365538.2751267,1429114.48036578,2852.0,-1.6172549018121746e-09,2947.0,ASK
158,1712365538.2769208,1429877.85804459,2852.0,-6.561636610098501e-09,2947.0,ASK
159,1712365538.569018,1429879.66533459,2853.0,1.553461747395629e-11,2947.0,BID
160,1712365539.092101,1429883.1728758,2851.0,-3.014917969614432e-11,2947.0,ASK
161,1712365539.0939236,1431526.35738159,2851.0,-1.4124043588939838e-08,2947.0,ASK
162,1712365539.3127573,1432533.37246401,2851.0,-8.655829499793715e-09,2947.0,ASK
163,1712365539.3189256,1434232.15190659,2851.0,-1.4601911599366346e-08,2947.0,ASK
164,1712365539.3289256,1434232.15190676,2851.0,-1.4609512250152377e-18,2947.0,ASK
165,1712365541.3191724,1434641.26256985,2853.0,3.516523444460704e-09,2947.0,BID
166,1712365542.6892292,1435271.42964632,2853.0,5.416620729451187e-09,2947.0,BID
167,1712365542.749173,1435723.18799432,2853.0,-3.883102948169426e-09,2947.0,ASK
168,1712365542.7691245,1436395.64853476,2853.0,-5.780155516043276e-09,2947.0,ASK
169,1712365548.4353426,1436517.68835932,2850.0,-1.0489971123728062e-09,2947.0,ASK
170,1712365548.436436,1436692.95056699,2850.0,-1.5064717637638156e-09,2947.0,ASK
171,1712365548.4491394,1436967.62081446,2850.0,-2.360936665469848e-09,2947.0,ASK
172,1712365548.451002,1437009.99455385,2850.0,-3.6422479646136036e-10,2947.0,ASK
173,1712365548.4528818,1437045.08227315,2850.0,-3.0159758388928816e-10,2947.0,ASK
174,1712365548.6718953,1437167.04562934,2851.0,1.048339826117872e-09,2947.0,BID
175,1712365549.169061,1437195.80924819,2851.0,-2.4723858153503613e-10,2947.0,ASK
176,1712365551.9194922,1437322.23319003,2851.0,-1.0866809289793543e-09,2947.0,ASK
177,1712365557.2690609,1438179.14355514,2851.0,-7.365599727832305e-09,2947.0,ASK
178,1712365560.174105,1438179.14355514,2851.0,-0.0,2947.0,ASK
179,1712365560.6600077,1438294.16374189,2851.0,-9.883159490544435e-10,2947.0,ASK
180,1712365561.2989695,1438406.88576315,2851.0,-9.685688622874346e-10,2947.0,ASK
181,1712365564.1890895,1438582.32435964,2850.0,-1.5074637582305627e-09,2947.0,ASK
182,1712365564.1989686,1439723.91393766,2850.0,-9.80915801920552e-09,2947.0,ASK
183,1712365564.2009158,1440522.64880425,2850.0,-6.863164023816703e-09,2947.0,ASK
184,1712365564.3009548,1441895.88467325,2851.0,1.1799588832990058e-08,2947.0,BID
185,1712365564.701825,1442121.51739687,2852.0,1.938758975123779e-09,2947.0,BID
186,1712365564.704413,1442121.5173973,2851.0,3.695121896541704e-18,2947.0,BID
187,1712365569.4591062,1442465.27813982,2852.0,-2.9537791068718793e-09,2947.0,ASK
188,1712365569.8589628,1443410.90193275,2852.0,-8.12531350159812e-09,2947.0,ASK
189,1712365571.919073,1443455.42085241,2852.0,-3.825307502778778e-10,2947.0,ASK
190,1712365572.390951,1444333.66426483,2852.0,-7.546344656280002e-09,2947.0,ASK
191,1712365572.681513,1445402.19603369,2852.0,-9.181405621683382e-09,2947.0,ASK
192,1712365575.9990451,1445424.6872425,2852.0,1.9325668831362394e-10,2947.0,BID
193,1712365576.2989876,1446751.48246187,2852.0,1.1400545534499442e-08,2947.0,BID
194,1712365576.9289477,1446914.77871467,2852.0,-1.4031301428304283e-09,2947.0,ASK
195,1712365581.079172,1446927.77871467,2853.0,1.1170306448562071e-10,2947.0,BID
196,1712365581.0818744,1450054.77871467,2854.0,2.686888328050277e-08,2947.0,BID
197,1712365585.7251074,1450056.56693346,2854.0,1.5365347600773657e-11,2947.0,BID
198,1712365587.6289067,1450356.67438749,2853.0,-2.578686330008541e-09,2947.0,ASK
199,1712365590.1129634,1450356.67438749,2853.0,-0.0,2947.0,ASK
200,1712365590.5791166,1451408.19909832,2854.0,9.032576162470433e-09,2947.0,BID
201,1712365590.5811875,1452284.46969067,2854.0,7.527146801987026e-09,2947.0,BID
202,1712365592.0808814,1452449.80202567,2853.0,-1.4202014395144803e-09,2947.0,ASK
203,1712365594.505075,1452449.80202625,2853.0,-4.982026295483069e-18,2947.0,ASK
204,1712365594.5062976,1452640.06147315,2851.0,-1.634324830462706e-09,2947.0,ASK
205,1712365594.5075772,1453151.80272767,2852.0,-4.3958471059423276e-09,2947.0,ASK
206,1712365596.779115,1453162.31797477,2853.0,9.032576155368392e-11,2947.0,BID
207,1712365602.552371,1453477.35748142,2852.0,2.7061830394432646e-09,2947.0,BID
208,1712365604.3091877,1453532.39673834,2853.0,4.727861123321521e-10,2947.0,BID
209,1712365604.8310142,1454219.81069605,2851.0,-5.904872100685742e-09,2947.0,ASK
210,1712365604.8389535,1454748.20870077,2850.0,-4.53892825586864e-09,2947.0,ASK
211,1712365609.5491786,1454771.79472182,2850.0,-2.0260344745915918e-10,2947.0,ASK
212,1712365609.551312,1454977.49077712,2850.0,-1.7669249868136015e-09,2947.0,ASK
213,1712365609.5533404,1455292.65199636,2850.0,-2.7072285481475327e-09,2947.0,ASK
214,1712365620.1628275,1455292.65199636,2850.0,-0.0,2947.0,ASK
215,1712365621.439378,1455392.65199636,2850.0,-8.58894123733651e-10,2947.0,ASK
216,1712365621.4420743,1455611.88837739,2850.0,-1.883008393754498e-09,2947.0,ASK
217,1712365621.444265,1455744.32555437,2850.0,-1.1374951307186283e-09,2947.0,ASK
218,1712365621.6951282,1455992.07550701,2850.0,2.127909784779167e-09,2947.0,BID
219,1712365621.696383,1456702.27720035,2850.0,6.099880610753906e-09,2947.0,BID
220,1712365623.269096,1456705.27720035,2850.0,2.5766823712009548e-11,2947.0,BID
221,1712365623.608947,1457339.23287217,2850.0,5.4450080123369565e-09,2947.0,BID
222,1712365628.7289486,1459028.51025312,2851.0,-1.4509104158541716e-08,2947.0,ASK
223,1712365631.5593214,1460192.51025312,2851.0,-9.997527600259704e-09,2947.0,ASK
224,1712365631.5626032,1461336.51025312,2851.0,-9.825748775512976e-09,2947.0,ASK
225,1712365631.565843,1461357.1444974,2850.0,-1.7722631159721708e-10,2947.0,ASK
226,1712365631.5690622,1461709.90055215,2849.0,-3.029801025363941e-09,2947.0,ASK
227,1712365631.5723023,1461914.06263933,2849.0,-1.7535361696805931e-09,2947.0,ASK
228,1712365634.139186,1461918.06263933,2848.0,-3.4355764949346066e-11,2947.0,ASK
229,1712365634.140674,1462539.96974224,2847.0,-5.341523561975071e-09,2947.0,ASK
230,1712365634.1421492,1462742.01986791,2849.0,-1.735396656377408e-09,2947.0,ASK
231,1712365634.1436312,1463094.98278252,2848.0,-3.0315777325427354e-09,2947.0,ASK
232,1712365634.1450973,1463579.89808106,2847.0,-4.1649090042468e-09,2947.0,ASK
233,1712365634.1465948,1463583.4117845,2846.0,-3.017899237030193e-11,2947.0,ASK
234,1712365634.1480985,1463688.78586247,2847.0,-9.050517636242381e-10,2947.0,ASK
235,1712365634.1496286,1468038.74654102,2846.0,-3.736155665278999e-08,2947.0,ASK
236,1712365634.1511393,1468371.31473688,2846.0,-2.8564086916477163e-09,2947.0,ASK
237,1712365634.1570735,1468375.1034397,2845.0,-3.2540945888385006e-11,2947.0,ASK
238,1712365634.158596,1468898.55551015,2845.0,-4.495899073656708e-09,2947.0,ASK
239,1712365634.160117,1469513.81566394,2845.0,-5.284433306576977e-09,2947.0,ASK
240,1712365634.2712677,1469513.81566406,2846.0,1.0298808890460772e-18,2947.0,BID
241,1712365634.274611,1469576.41985806,2846.0,5.37703743477936e-10,2947.0,BID
242,1712365634.3612015,1470630.90140463,2849.0,9.056880039344155e-09,2947.0,BID
243,1712365634.3689554,1471509.63602677,2849.0,7.547400032775132e-09,2947.0,BID
244,1712365634.370805,1472005.34228698,2849.0,4.257591939922702e-09,2947.0,BID
245,1712365636.47911,1473706.34228698,2847.0,-1.4609789044709414e-08,2947.0,ASK
246,1712365636.4820487,1475071.90384568,2847.0,-1.1728727983639393e-08,2947.0,ASK
247,1712365638.3091094,1475121.90384568,2851.0,4.2944706186682575e-10,2947.0,BID
248,1712365638.6890175,1475826.55992688,2847.0,6.052249673959588e-09,2947.0,BID
249,1712365640.3093348,1476092.90384568,2848.0,-2.287612267494169e-09,2947.0,ASK
250,1712365640.31221,1476145.08757108,2846.0,-4.4820295100701585e-10,2947.0,ASK
251,1712365640.3189812,1477645.08757108,2845.0,-1.2883411856004774e-08,2947.0,ASK
252,1712365640.349063,1477646.93886561,2845.0,1.5900659929945283e-11,2947.0,BID
253,1712365640.380047,1477968.86202159,2845.0,2.764979069649724e-09,2947.0,BID
254,1712365640.381301,1480644.86202159,2845.0,2.298400675111252e-08,2947.0,BID
255,1712365640.3897262,1480878.5099232,2845.0,2.0067880971553222e-09,2947.0,BID
256,1712365640.391857,1481255.5099232,2845.0,3.238030846475866e-09,2947.0,BID
257,1712365640.3992314,1482144.70962376,2845.0,7.637283976368681e-09,2947.0,BID
258,1712365640.429047,1483199.56194443,2845.0,9.060064596301975e-09,2947.0,BID
259,1712365640.4389734,1483902.79682488,2845.0,6.040043064229981e-09,2947.0,BID
260,1712365640.4890213,1483937.89682488,2845.0,3.0147183743131155e-10,2947.0,BID
261,1712365640.4990025,1484790.18353797,2845.0,7.320240496092926e-09,2947.0,BID
262,1712365641.059095,1484837.71883218,2851.0,4.0827784866781647e-10,2947.0,BID
263,1712365644.1090431,1484849.5627023,2846.0,-1.0172630448438247e-10,2947.0,ASK
264,1712365644.112166,1486048.5627023,2847.0,-1.0298140543566484e-08,2947.0,ASK
265,1712365646.7591145,1486118.81208761,2847.0,-6.033678423854956e-10,2947.0,ASK
266,1712365646.7615871,1487396.34659542,2845.0,-1.0972668816250905e-08,2947.0,ASK
267,1712365646.7640326,1488124.5742643,2846.0,-6.254704655413041e-09,2947.0,ASK
268,1712365647.2988515,1488128.0372945,2845.0,-2.9743762890801057e-11,2947.0,ASK
269,1712365650.1599102,1488128.0372945,2845.0,-0.0,2947.0,ASK
270,1712365650.498948,1488187.43729449,2850.0,5.097737963915787e-10,2947.0,BID
271,1712365651.9213226,1488511.66406999,2845.0,-2.782530543207882e-09,2947.0,ASK
272,1712365656.728129,1489102.26407,2850.0,5.0685589933541206e-09,2947.0,BID
273,1712365663.0092502,1489257.46277,2850.0,1.331923072517347e-09,2947.0,BID
274,1712365665.499205,1489394.07239416,2847.0,-1.172390685917688e-09,2947.0,ASK
275,1712365665.5023017,1490098.02389575,2847.0,-6.0413472980154365e-09,2947.0,ASK
276,1712365668.2491882,1490402.5007837,2847.0,2.613036011955498e-09,2947.0,BID
277,1712365673.2521155,1491673.0085117,2846.0,-1.0903561413426718e-08,2947.0,ASK
278,1712365673.350737,1491955.3173067,2846.0,-2.4227883199721203e-09,2947.0,ASK
279,1712365673.449051,1493916.20422712,2846.0,-1.682843046948043e-08,2947.0,ASK
280,1712365677.1190047,1494416.36820488,2845.0,-4.292432488290666e-09,2947.0,ASK
281,1712365677.1207695,1494629.00127478,2845.0,-1.824827732318005e-09,2947.0,ASK
282,1712365677.128873,1494752.02953488,2845.0,-1.055834734434039e-09,2947.0,ASK
283,1712365677.339075,1495068.17417009,2845.0,2.71316920752784e-09,2947.0,BID
284,1712365680.1001189,1495068.17417009,2845.0,0.0,2947.0,BID
285,1712365683.2690628,1495103.27420519,2849.0,3.0117921167548084e-10,2947.0,BID
286,1712365685.3592134,1495272.91732738,2845.0,-1.455639051693671e-09,2947.0,ASK
287,1712365685.362421,1496475.76651789,2845.0,-1.0321162640721695e-08,2947.0,ASK
288,1712365685.4589806,1496475.766518,2845.0,9.449715226243397e-19,2947.0,BID
289,1712365685.4607346,1496522.757786,2845.0,4.032130740469455e-10,2947.0,BID
290,1712365689.4290357,1496542.757786,2848.0,1.7161191481280604e-10,2947.0,BID
291,1712365691.679137,1496720.92571756,2848.0,-1.5287869946640942e-09,2947.0,ASK
292,1712365693.2490983,1497775.77803823,2847.0,-9.051261329744833e-09,2947.0,ASK
293,1712365693.2517395,1497872.89566054,2847.0,-8.33327056334839e-10,2947.0,ASK
294,1712365702.0792663,1498742.60241554,2847.0,7.462602077558531e-09,2947.0,BID
295,1712365702.1690218,1498742.60241555,2847.0,8.590650205675815e-20,2947.0,BID
296,1712365702.22903,1498751.47727355,2848.0,7.615156875230097e-11,2947.0,BID
297,1712365702.279132,1498751.4772743,2848.0,6.43699417736918e-18,2947.0,BID
298,1712365702.3891044,1499951.93614131,2849.0,1.0300652241079563e-08,2947.0,BID
299,1712365702.3923953,1500117.4027953,2849.0,1.4198024664434022e-09,2947.0,BID
300,1712365702.45249,1500222.82969192,2849.0,9.046255800871507e-10,2947.0,BID
301,1712365702.455735,1500436.12401098,2849.0,1.8301923256284314e-09,2947.0,BID
302,1712365703.0291054,1500840.66290898,2850.0,3.471184745102362e-09,2947.0,BID
303,1712365703.0323925,1500840.66290977,2850.0,6.7786223599669866e-18,2947.0,BID
304,1712365705.23902,1501845.76137681,2850.0,8.624343625208452e-09,2947.0,BID
305,1712365706.6886935,1501880.86137679,2859.0,3.0117891032546067e-10,2947.0,BID
306,1712365706.939254,1501886.28949851,2859.0,4.657651811009481e-11,2947.0,BID
307,1712365710.0392883,1502019.84625749,2850.0,-1.1459965572378026e-09,2947.0,ASK
308,1712365710.112763,1502019.84625749,2850.0,-0.0,2947.0,ASK
309,1712365724.579149,1503548.68057761,2851.0,-1.311608118836584e-08,2947.0,ASK
310,1712365724.581702,1506215.90993472,2850.0,-2.288252973880601e-08,2947.0,ASK
311,1712365737.8106182,1506512.79368176,2851.0,-2.547006747845992e-09,2947.0,ASK
312,1712365740.15057,1506512.79368176,2851.0,-0.0,2947.0,ASK
313,1712365746.1792426,1506761.02333802,2851.0,-2.129362615914487e-09,2947.0,ASK
314,1712365746.183102,1507862.95045296,2851.0,-9.452546643170472e-09,2947.0,ASK
315,1712365746.187003,1507892.26159029,2851.0,-2.514366776349541e-10,2947.0,ASK
316,1712365746.2991035,1508944.89316923,2851.0,9.029679879096048e-09,2947.0,BID
317,1712365746.3022828,1509822.08615168,2851.0,7.524733232579374e-09,2947.0,BID
318,1712365746.419269,1510874.71773062,2851.0,9.029679879096048e-09,2947.0,BID
319,1712365746.585154,1511751.91071307,2851.0,7.524733232581371e-09,2947.0,BID
320,1712365746.589151,1511758.92825692,2851.0,6.019786577829965e-11,2947.0,BID
321,1712365747.279006,1512279.84781932,2850.0,-4.468550046699418e-09,2947.0,ASK
322,1712365749.0691252,1512678.54614457,2850.0,-3.420112333096861e-09,2947.0,ASK
323,1712365750.839346,1515536.76689989,2850.0,-2.451837752228409e-08,2947.0,ASK
324,1712365750.8428164,1515790.03935599,2850.0,-2.172620740751722e-09,2947.0,ASK
325,1712365750.846201,1515814.60075949,2850.0,-2.1069253043775639e-10,2947.0,ASK
326,1712365751.0390625,1516692.40974825,2850.0,7.530017455373913e-09,2947.0,BID
327,1712365751.1017313,1516808.66871793,2850.0,9.97292215328236e-10,2947.0,BID
328,1712365751.159275,1516944.55974793,2853.0,-1.1656998743802943e-09,2947.0,ASK
329,1712365751.1791675,1516951.57729178,2848.0,-6.019786577829965e-11,2947.0,ASK
330,1712365751.1819048,1516965.61237948,2848.0,-1.2039573155659928e-10,2947.0,ASK
331,1712365751.1847663,1516965.6123798,2848.0,-2.7462419453431266e-18,2947.0,ASK
332,1712365751.1874526,1516972.62992365,2848.0,-6.019786577829965e-11,2947.0,ASK
333,1712365751.1990192,1517972.62992365,2848.0,8.578195885201562e-09,2947.0,BID
334,1712365753.049754,1518303.90774228,2847.0,-2.8417660206302767e-09,2947.0,ASK
335,1712365755.8991964,1518307.21406133,2847.0,-2.8362252470089667e-11,2947.0,ASK
336,1712365756.6190162,1518317.73299541,2852.0,9.023347704100384e-11,2947.0,BID
337,1712365763.789043,1518335.29534173,2852.0,1.5065324693585807e-10,2947.0,BID
338,1712365770.1506045,1518335.29534173,2852.0,0.0,2947.0,BID
339,1712365770.428923,1518338.80165309,2852.0,3.0069133969965554e-11,2947.0,BID
340,1712365774.909442,1518347.58572404,2847.0,-7.532970665607158e-11,2947.0,ASK
341,1712365774.913154,1518365.35670278,2847.0,-1.523988846505792e-10,2947.0,ASK
342,1712365774.91681,1518379.41645672,2847.0,-1.2057247101040644e-10,2947.0,ASK
343,1712365774.9490094,1518382.33471649,2847.0,2.502616994613068e-11,2947.0,BID
344,1712365777.599126,1518389.36459346,2847.0,-6.028623550420485e-11,2947.0,ASK
345,1712365777.602512,1521389.01335004,2847.0,-2.5724138863470856e-08,2947.0,ASK
346,1712365777.6620383,1521683.25294078,2847.0,2.5233154630937787e-09,2947.0,BID
347,1712365780.5991795,1521705.99030512,2850.0,-1.9498920211416582e-10,2947.0,ASK
348,1712365787.419907,1521794.26218234,2850.0,-7.5699463891196e-10,2947.0,ASK
349,1712365787.5790434,1522051.65224774,2850.0,2.207304361852921e-09,2947.0,BID
350,1712365790.0890088,1522380.12434276,2850.0,-2.81688373231621e-09,2947.0,ASK
351,1712365790.339907,1523104.65330074,2850.0,-6.2133553086171754e-09,2947.0,ASK
352,1712365790.3435862,1523990.10903856,2849.0,-7.59341783172834e-09,2947.0,ASK
353,1712365790.3472042,1524963.16196737,2847.0,-8.34462655246163e-09,2947.0,ASK
354,1712365790.3504355,1524970.19184434,2849.0,-6.028623550420485e-11,2947.0,ASK
355,1712365790.352028,1524984.25159828,2847.0,-1.205724710084097e-10,2947.0,ASK
356,1712365797.311047,1525019.31471228,2852.0,3.006913431259751e-10,2947.0,BID
357,1712365800.1345468,1525019.31471228,2852.0,0.0,2947.0,BID
358,1712365803.8181603,1525026.34458925,2847.0,-6.07043885645792e-11,2947.0,ASK
359,1712365803.8217378,1525219.31471228,2847.0,-1.6663354678580263e-09,2947.0,ASK
360,1712365810.6590338,1525222.74054304,2847.0,-2.958273131973286e-11,2947.0,ASK
361,1712365813.154853,1525380.60537334,2850.0,1.363194269277274e-09,2947.0,BID
362,1712365815.7199707,1525384.11414526,2850.0,3.029894476564112e-11,2947.0,BID
363,1712365816.119204,1525391.14402223,2847.0,-6.07043885645792e-11,2947.0,ASK
364,1712365816.1230009,1525517.15349131,2847.0,-1.088116876939214e-09,2947.0,ASK
365,1712365816.1790936,1525524.6129159,2847.0,6.441361786448753e-11,2947.0,BID
366,1712365819.7691674,1526204.58927158,2848.0,-5.871731338422042e-09,2947.0,ASK
367,1712365823.1491516,1526909.00348958,2849.0,6.082757149582976e-09,2947.0,BID
368,1712365823.1520889,1526909.00349051,2849.0,8.030092793693634e-18,2947.0,BID
369,1712365824.2890146,1528788.55009051,2850.0,1.6230259451017996e-08,2947.0,BID
370,1712365824.3535526,1528858.95262151,2850.0,6.079398851508918e-10,2947.0,BID
371,1712365824.3568275,1530048.54811258,2850.0,1.0272394130493142e-08,2947.0,BID
372,1712365824.548565,1530181.26801258,2852.0,1.1460627852013279e-09,2947.0,BID
373,1712365830.122572,1530181.26801258,2852.0,0.0,2947.0,BID
374,1712365830.2928438,1530343.35306784,2852.0,1.3994590035201663e-09,2947.0,BID
375,1712365830.294942,1530348.66795358,2852.0,4.5889268998323855e-11,2947.0,BID
376,1712365830.2980013,1530348.66795425,2852.0,5.785596416759682e-18,2947.0,BID
377,1712365830.3042088,1530516.06789458,2852.0,-1.445348266734904e-09,2947.0,ASK
378,1712365830.4538145,1530557.27718429,2852.0,3.5580523707677926e-10,2947.0,BID
379,1712365836.80405,1531340.17464043,2850.0,-6.759616992883451e-09,2947.0,ASK
380,1712365836.8129218,1531681.05772508,2849.0,-2.943219541099459e-09,2947.0,ASK
381,1712365839.7095325,1531691.17499143,2849.0,-8.735351610148423e-11,2947.0,ASK
382,1712365839.719429,1532242.94799547,2849.0,-4.764064750845745e-09,2947.0,ASK
383,1712365846.0595224,1532475.44955676,2852.0,-2.007442344132481e-09,2947.0,ASK
384,1712365847.7391837,1532694.98246028,2852.0,-1.8954696218419635e-09,2947.0,ASK
385,1712365847.7424004,1532813.11203503,2852.0,-1.0199428732084e-09,2947.0,ASK
386,1712365852.219229,1533692.79669812,2852.0,-7.59528767192704e-09,2947.0,ASK
387,1712365852.223115,1533858.40820227,2850.0,-1.429906725191913e-09,2947.0,ASK
388,1712365860.1689572,1533858.40820227,2850.0,-0.0,2947.0,ASK
389,1712365866.659197,1533878.40820227,2851.0,-1.7266642513576126e-10,2947.0,ASK
390,1712365866.6622667,1533892.45314527,2851.0,-1.2125450495190659e-10,2947.0,ASK
391,1712365870.7393446,1533899.47561718,2850.0,-6.062725601674752e-11,2947.0,ASK
392,1712365870.7432876,1533906.49808909,2850.0,-6.062725601473742e-11,2947.0,ASK
393,1712365870.7471352,1533906.49808991,2851.0,-7.079578346202047e-18,2947.0,ASK
394,1712365870.7511363,1533926.8017324,2850.0,-1.75287868298688e-10,2947.0,ASK
395,1712365877.1394606,1535019.43253634,2850.0,-9.433032745477662e-09,2947.0,ASK
396,1712365877.1428363,1536342.51230611,2850.0,-1.1422572700780874e-08,2947.0,ASK
397,1712365882.1448903,1536679.09931385,2850.0,-2.905863768680834e-09,2947.0,ASK
398,1712365883.1691892,1536879.09931385,2850.0,-1.7266642513576123e-09,2947.0,ASK
399,1712365890.1592388,1536879.09931385,2850.0,-0.0,2947.0,ASK
400,1712365903.569092,1536959.07704244,2852.0,6.90422109168493e-10,2947.0,BID
401,1712365903.5891376,1537207.39872291,2852.0,2.1436815149073918e-09,2947.0,BID
402,1712365903.9096384,1537242.49872291,2856.0,3.030070553263621e-10,2947.0,BID
403,1712365903.9290168,1537273.95338125,2850.0,-2.715379886019171e-10,2947.0,ASK
404,1712365908.5235033,1537280.9709251,2851.0,-6.058020790942656e-11,2947.0,ASK
405,1712365908.525325,1537529.21004214,2851.0,-2.142968771265696e-09,2947.0,ASK
406,1712365918.139534,1537563.15764108,2855.0,2.9305874616093896e-10,2947.0,BID
407,1712365920.1097925,1537563.15764108,2855.0,0.0,2947.0,BID
408,1712365925.1894116,1537570.17518493,2853.0,-6.057918768709926e-11,2947.0,ASK
409,1712365925.199429,1537584.21027263,2853.0,-1.2115837537419852e-10,2947.0,ASK
410,1712365925.289143,1538378.07579508,2853.0,6.853071318223875e-09,2947.0,BID
411,1712365935.4292889,1538385.09333893,2855.0,-6.057918768709926e-11,2947.0,ASK
412,1712365935.4333916,1538410.99496088,2855.0,-2.2359663880127856e-10,2947.0,ASK
413,1712365937.779319,1538418.01250473,2855.0,6.057918768709926e-11,2947.0,BID
414,1712365938.599183,1538425.03004858,2855.0,6.057918768709926e-11,2947.0,BID
415,1712365939.4924178,1538432.04759243,2855.0,6.057918768709926e-11,2947.0,BID
416,1712365940.3903131,1538456.11702689,2855.0,2.0778021752948086e-10,2947.0,BID
417,1712365940.429163,1538463.13457074,2855.0,6.057918768709926e-11,2947.0,BID
418,1712365941.3292675,1538465.13457074,2854.0,1.7265068514560426e-11,2947.0,BID
419,1712365941.3449118,1538782.84354058,2855.0,2.742633565989709e-09,2947.0,BID
420,1712365942.619549,1539591.22405558,2856.0,6.97837248865605e-09,2947.0,BID
421,1712365942.659068,1539715.98190091,2856.0,1.07697637367413e-09,2947.0,BID
422,1712365942.6612902,1539949.28555589,2856.0,2.0140017939648047e-09,2947.0,BID
423,1712365942.7791867,1541976.849272,2858.0,1.7503013238136585e-08,2947.0,BID
424,1712365942.783158,1542159.67397289,2858.0,1.578240493510873e-09,2947.0,BID
425,1712365944.7091792,1542459.98541689,2858.0,2.5924488281822123e-09,2947.0,BID
426,1712365947.2390504,1542494.98541689,2858.0,3.021386990048075e-10,2947.0,BID
427,1712365949.6923783,1542502.00296074,2855.0,-6.057918768709926e-11,2947.0,ASK
428,1712365949.694299,1543416.03804844,2855.0,-7.890439206926391e-09,2947.0,ASK
429,1712365949.6962268,1543423.05559229,2853.0,-6.057918768709926e-11,2947.0,ASK
430,1712365949.6981218,1543787.59891693,2853.0,-3.146932738217801e-09,2947.0,ASK
431,1712365949.7000527,1543801.63400463,2855.0,-1.2115837537419852e-10,2947.0,ASK
432,1712365949.7019875,1545625.92832016,2853.0,-1.5748283174174175e-08,2947.0,ASK
433,1712365949.7039788,1545632.94586401,2855.0,-6.057918768709926e-11,2947.0,ASK
434,1712365949.705915,1545639.96340786,2853.0,-6.057918768709926e-11,2947.0,ASK
435,1712365950.1060932,1545639.96340786,2853.0,-0.0,2947.0,ASK
436,1712365952.9608908,1545646.98095171,2853.0,-6.056712974634637e-11,2947.0,ASK
437,1712365952.9644732,1545664.75681158,2853.0,-1.5342017579270564e-10,2947.0,ASK
438,1712365952.9679112,1545671.77435543,2853.0,-6.056712974634637e-11,2947.0,ASK
439,1712365953.0591004,1547423.94064543,2853.0,1.5122624851655893e-08,2947.0,BID
440,1712365953.0610163,1547443.32145091,2853.0,1.6727216604416408e-10,2947.0,BID
441,1712365953.06298,1547607.32145091,2858.0,1.415453824118172e-09,2947.0,BID
442,1712365953.2192855,1550394.7253882,2858.0,2.405757050243366e-08,2947.0,BID
443,1712365953.223794,1550698.7253882,2858.0,2.6237680642190516e-09,2947.0,BID
444,1712365953.2281787,1551095.32145091,2859.0,3.422947643860616e-09,2947.0,BID
445,1712365953.2394056,1551102.31201366,2861.0,6.03342608369706e-11,2947.0,BID
446,1712365953.2415452,1551400.31201366,2862.0,2.5719831682147282e-09,2947.0,BID
447,1712365953.2434814,1551530.7782546,2860.0,1.1260301198581003e-09,2947.0,BID
448,1712365953.2454286,1551538.34642261,2859.0,6.531946555768668e-11,2947.0,BID
449,1712365953.2491956,1551888.60911963,2865.0,3.0230528898944357e-09,2947.0,BID
450,1712365953.251216,1552060.99367394,2860.0,1.487819369615859e-09,2947.0,BID
451,1712365953.2531545,1552075.99367394,2870.0,1.2946224001080847e-10,2947.0,BID
452,1712365953.2551289,1552111.03236546,2867.0,3.0241249941506245e-10,2947.0,BID
453,1712365953.257104,1552124.03236546,2860.0,1.1220060800936732e-10,2947.0,BID
454,1712365953.2591956,1552439.56255127,2870.0,2.723282976399776e-09,2947.0,BID
455,1712365953.261396,1552439.5625521,2869.0,7.163933255376483e-18,2947.0,BID
456,1712365953.2633688,1552545.34403561,2867.0,9.129805204584415e-10,2947.0,BID
457,1712365953.2653308,1552632.5431985,2869.0,7.52599930320196e-10,2947.0,BID
458,1712365953.267353,1553293.56943337,2864.0,5.70519580481073e-09,2947.0,BID
459,1712365953.2693477,1554237.75443337,2866.0,8.149087005640831e-09,2947.0,BID
460,1712365953.2713444,1554583.32145091,2870.0,2.9825253443064036e-09,2947.0,BID
461,1712365953.479252,1554640.17004056,2859.0,4.90649717168664e-10,2947.0,BID
462,1712365956.879217,1554680.17004056,2855.0,-3.4523264002882247e-10,2947.0,ASK
463,1712365960.0693295,1554815.68493702,2855.0,-1.1696041367039107e-09,2947.0,ASK
464,1712365969.690058,1554848.56949413,2855.0,-2.838205616818097e-10,2947.0,ASK
465,1712365969.6945205,1554855.56529594,2856.0,-6.037947819912031e-11,2947.0,ASK
466,1712365980.169155,1554855.56529594,2856.0,-0.0,2947.0,ASK
467,1712365983.2595096,1554890.51284794,2856.0,-3.015572968163098e-10,2947.0,ASK
468,1712365997.5391798,1555252.13287176,2857.0,-3.120366109134694e-09,2947.0,ASK
469,1712365997.542678,1555524.95340933,2857.0,-2.354128375735832e-09,2947.0,ASK
470,1712366007.739345,1555545.03497021,2860.0,1.7328084138251115e-10,2947.0,BID
471,1712366007.7440734,1555619.87026148,2860.0,6.457427444970005e-10,2947.0,BID
472,1712366010.1602798,1555619.87026148,2860.0,0.0,2947.0,BID
473,1712366011.6494167,1555630.35977196,2860.0,9.051074073318314e-11,2947.0,BID
474,1712366012.2590806,1555640.84928244,2860.0,9.051074073519215e-11,2947.0,BID
475,1712366015.631817,1555805.80844733,2857.0,-1.4233815995134894e-09,2947.0,ASK
476,1712366020.3293157,1556679.80844733,2858.0,7.54147560582275e-09,2947.0,BID
477,1712366020.709175,1558122.25468113,2858.0,-1.2446422293950744e-08,2947.0,ASK
478,1712366020.889146,1558157.21971609,2860.0,3.0170246934566616e-10,2947.0,BID
479,1712366024.239231,1558172.66951331,2860.0,1.3331152042335148e-10,2947.0,BID
480,1712366024.2427702,1558506.87006574,2860.0,2.883713173459224e-09,2947.0,BID
481,1712366027.4592197,1558541.87006574,2860.0,3.0200417185789047e-10,2947.0,BID
482,1712366029.1393275,1558951.60160778,2860.0,3.5354467153661442e-09,2947.0,BID
483,1712366029.1439197,1559790.60160778,2860.0,7.23947143396486e-09,2947.0,BID
484,1712366029.2820048,1559898.07113186,2860.0,-9.273212748492003e-10,2947.0,ASK
485,1712366029.382984,1560108.07113186,2860.0,-1.8120250311473431e-09,2947.0,ASK
486,1712366029.9691274,1560280.57241386,2861.0,1.4884601947094075e-09,2947.0,BID
487,1712366032.219163,1560324.77853899,2860.0,-3.8144097745673746e-10,2947.0,ASK
488,1712366033.2392406,1560324.77853918,2861.0,1.6393632510679549e-18,2947.0,BID
489,1712366033.2438295,1560394.63176337,2861.0,6.02741860659714e-10,2947.0,BID
490,1712366035.5691476,1560496.28511787,2861.0,8.77135346923868e-10,2947.0,BID
491,1712366037.1593769,1561280.6796991,2861.0,6.768298168977731e-09,2947.0,BID
492,1712366040.0090957,1561663.821064,2861.0,-3.3060083031744302e-09,2947.0,ASK
493,1712366040.1004262,1561663.821064,2861.0,-0.0,2947.0,ASK
494,1712366040.799012,1561841.061682,2861.0,-1.5291264328127035e-09,2947.0,ASK
495,1712366040.801134,1561847.363744,2861.0,-5.437043547936968e-11,2947.0,ASK
496,1712366040.809212,1561847.36374421,2861.0,-1.811869090893276e-18,2947.0,ASK
497,1712366042.7195044,1561893.46374421,2860.0,-3.9772332859272816e-10,2947.0,ASK
498,1712366046.7192469,1561899.13529261,2861.0,-4.893073986670566e-11,2947.0,ASK
499,1712366046.723039,1562379.47549783,2861.0,-4.1440890515540664e-09,2947.0,ASK
500,1712366051.489432,1562433.28678626,2861.0,-4.6425172994031455e-10,2947.0,ASK
501,1712366052.5392334,1562493.25680125,2861.0,-5.173855526565612e-10,2947.0,ASK
502,1712366053.4192412,1562498.35910732,2862.0,4.4019656261837575e-11,2947.0,BID
503,1712366056.7492635,1562742.94331416,2862.0,2.110126786668761e-09,2947.0,BID
504,1712366068.0792744,1563157.23617112,2861.0,-3.574271888981037e-09,2947.0,ASK
505,1712366068.0841758,1563164.22675216,2861.0,-6.03105674607989e-11,2947.0,ASK
506,1712366068.099131,1563164.22675249,2861.0,-2.848370699430893e-18,2947.0,ASK
507,1712366068.1593306,1564058.28274118,2860.0,-7.713382294344578e-09,2947.0,ASK
508,1712366068.1640368,1564110.31193697,2860.0,-4.488768966080472e-10,2947.0,ASK
509,1712366070.1107094,1564110.31193697,2860.0,-0.0,2947.0,ASK
510,1712366071.3510203,1564114.90215701,2862.0,3.9599292132316905e-11,2947.0,BID
511,1712366074.3103628,1564257.40393197,2862.0,1.2293461679198955e-09,2947.0,BID
512,1712366075.3092368,1564260.89921334,2861.0,-3.0153384118089244e-11,2947.0,ASK
513,1712366075.314821,1565682.75088088,2859.0,-1.2266148259080096e-08,2947.0,ASK
514,1712366078.9891622,1565685.87686244,2860.0,-2.696747779335068e-11,2947.0,ASK
515,1712366081.95904,1565949.4753965,2860.0,-2.274033764189502e-09,2947.0,ASK
516,1712366083.359202,1566112.61864943,2860.0,-1.4074177873784251e-09,2947.0,ASK
517,1712366083.3689785,1566116.75269347,2861.0,-3.566391506356403e-11,2947.0,ASK
518,1712366083.3711016,1566199.6785275,2860.0,-7.153914841753773e-10,2947.0,ASK
519,1712366083.4065278,1566199.67852811,2860.0,-5.262539250702183e-18,2947.0,ASK
520,1712366087.1194556,1573783.40175421,2859.0,-6.542389446861541e-08,2947.0,ASK
521,1712366091.6892085,1573945.9933074,2859.0,-1.4026583381607455e-09,2947.0,ASK
522,1712366093.8592,1574293.44925146,2859.0,-2.9974618454472606e-09,2947.0,ASK
523,1712366093.869052,1574464.51490246,2859.0,-1.475763390165977e-09,2947.0,ASK
524,1712366100.1360652,1574464.51490246,2859.0,-0.0,2947.0,ASK
525,1712366100.1657913,1574468.23661574,2860.0,-3.2307938318619026e-11,2947.0,ASK
526,1712366100.169423,1574808.46826,2859.0,-2.9535276227889395e-09,2947.0,ASK
527,1712366102.0390444,1574843.55145452,2859.0,-3.0455481099102107e-10,2947.0,ASK
528,1712366104.449408,1574877.49438276,2859.0,-2.9465623743799525e-10,2947.0,ASK
529,1712366104.4525478,1575189.85243355,2859.0,-2.711558865181654e-09,2947.0,ASK
530,1712366104.4553273,1575193.20180417,2860.0,-2.9075657164654687e-11,2947.0,ASK
531,1712366121.439237,1575574.87223052,2860.0,-3.313254854581285e-09,2947.0,ASK
532,1712366121.5091288,1575669.78908267,2862.0,8.239666986372757e-10,2947.0,BID
533,1712366121.5190718,1576654.27397329,2862.0,8.546245970122544e-09,2947.0,BID
534,1712366121.5901196,1576664.27397329,2863.0,8.680931572995925e-11,2947.0,BID
535,1712366121.91931,1576699.19017429,2864.0,3.0310515166883503e-10,2947.0,BID
536,1712366122.1191795,1576699.19017441,2864.0,1.0409112461127578e-18,2947.0,BID
537,1712366130.100673,1576699.19017441,2864.0,0.0,2947.0,BID
538,1712366141.5791335,1576709.6796849,2870.0,9.10536697507809e-11,2947.0,BID
539,1712366141.5831966,1576768.85596664,2871.0,5.136767458994457e-10,2947.0,BID
540,1712366160.1605566,1576768.85596664,2871.0,0.0,2947.0,BID
541,1712366167.149851,1578382.33176127,2870.0,1.4005671402905157e-08,2947.0,BID
542,1712366167.2691429,1582930.81590628,2870.0,-3.948281996442112e-08,2947.0,ASK
543,1712366167.2803636,1584789.48955228,2870.0,-1.613409535969084e-08,2947.0,ASK
544,1712366174.6992817,1584792.97387283,2870.0,3.0245417283608246e-11,2947.0,BID
545,1712366183.9191952,1584953.23139192,2870.0,1.3911049423180407e-09,2947.0,BID
546,1712366183.9240675,1585037.61206131,2870.0,7.32460897255428e-10,2947.0,BID
547,1712366183.979241,1585358.23972631,2870.0,-2.7831875343983287e-09,2947.0,ASK
548,1712366183.9990993,1585358.23972648,2870.0,-1.4774030594864857e-18,2947.0,ASK
549,1712366190.163516,1585358.23972648,2870.0,-0.0,2947.0,ASK
550,1712366192.5891306,1585418.23972648,2870.0,5.20714661091674e-10,2947.0,BID
551,1712366193.0090976,1585453.08293206,2870.0,-3.0238946641379247e-10,2947.0,ASK
552,1712366194.299189,1585456.72857551,2870.0,-3.163899989288502e-11,2947.0,ASK
553,1712366198.9192193,1585756.6240823,2871.0,2.6026664530190663e-09,2947.0,BID
554,1712366199.199195,1586455.79915165,2871.0,6.0678451546706385e-09,2947.0,BID
555,1712366199.2040613,1587140.03403099,2871.0,5.938185555044237e-09,2947.0,BID
556,1712366203.750518,1587160.03403099,2874.0,1.7357155369722468e-10,2947.0,BID
557,1712366203.755361,1587526.43138599,2874.0,3.179807908895379e-09,2947.0,BID
558,1712366207.0328033,1587526.43138659,2874.0,5.207186260700088e-18,2947.0,BID
559,1712366207.0352426,1587547.38898028,2875.0,1.8188210492560238e-10,2947.0,BID
560,1712366207.1291933,1587563.34657457,2875.0,1.3848922171050308e-10,2947.0,BID
561,1712366207.13325,1587568.34657428,2875.0,4.3392885906590206e-11,2947.0,BID
562,1712366207.2092884,1587568.34657457,2875.0,2.5177159801444746e-18,2947.0,BID
563,1712366207.2144463,1587778.37843128,2877.0,1.8227777847521502e-09,2947.0,BID
564,1712366215.183009,1587849.18718688,2877.0,6.145192862440507e-10,2947.0,BID
565,1712366215.2393167,1588046.24044529,2877.0,1.710142011165843e-09,2947.0,BID
566,1712366215.2434297,1588130.4975791,2877.0,7.312320812745489e-10,2947.0,BID
567,1712366215.3623822,1588352.1798001,2877.0,-1.923886376299775e-09,2947.0,ASK
568,1712366215.387677,1588352.17980071,2877.0,-5.294073730319841e-18,2947.0,ASK
569,1712366215.699136,1588607.90548599,2877.0,-2.219335225717283e-09,2947.0,ASK
570,1712366218.4090462,1588923.51147117,2877.0,-2.739011060191874e-09,2947.0,ASK
571,1712366218.6091344,1590050.67570395,2877.0,-9.782182357778182e-09,2947.0,ASK
572,1712366219.9792607,1590050.67570439,2876.0,-3.819007385612404e-18,2947.0,ASK
573,1712366219.9844482,1590224.35442439,2876.0,-1.507284263726977e-09,2947.0,ASK
574,1712366220.1091683,1590224.35442439,2876.0,-0.0,2947.0,ASK
575,1712366220.2208316,1590450.88915639,2875.0,-1.965760641332077e-09,2947.0,ASK
576,1712366220.2265203,1590450.88915702,2875.0,-5.467184994165218e-18,2947.0,ASK
577,1712366220.265739,1590466.3916595,2875.0,1.3452334195469493e-10,2947.0,BID
578,1712366223.9491618,1591518.82887689,2875.0,-9.132549526305943e-09,2947.0,ASK
579,1712366225.482493,1591641.41527093,2871.0,-1.063746412918788e-09,2947.0,ASK
580,1712366226.419101,1592313.81988765,2870.0,-5.834807399857832e-09,2947.0,ASK
581,1712366235.009202,1592451.47675899,2870.0,-1.194520845876868e-09,2947.0,ASK
582,1712366246.359315,1592779.91543624,2870.0,-2.850034602328387e-09,2947.0,ASK
583,1712366248.5156612,1592796.74179699,2870.0,-1.4601115425970494e-10,2947.0,ASK
584,1712366250.0989528,1592796.74179699,2870.0,-0.0,2947.0,ASK
585,1712366262.4291615,1592800.24841188,2870.0,-3.04267849111902e-11,2947.0,ASK
586,1712366262.5892372,1592900.24841188,2870.0,-8.676967920365954e-10,2947.0,ASK
587,1712366264.8592806,1592903.73271188,2870.0,-3.023315932401633e-11,2947.0,ASK
588,1712366264.86455,1593571.31820218,2870.0,-5.792617883435636e-09,2947.0,ASK
589,1712366268.8491857,1593863.12537438,2870.0,-2.5320014721116193e-09,2947.0,ASK
590,1712366280.174043,1593863.12537438,2870.0,-0.0,2947.0,ASK
591,1712366284.1693225,1594168.48797222,2870.0,-2.649551103947718e-09,2947.0,ASK
592,1712366288.489518,1594207.19502133,2870.0,-3.358509045487456e-10,2947.0,ASK
593,1712366302.0193655,1594307.19502133,2871.0,-8.676737500565819e-10,2947.0,ASK
594,1712366306.3318298,1595002.51899921,2878.0,6.0331436339155545e-09,2947.0,BID
595,1712366306.3343415,1595009.50349833,2878.0,6.060266543648452e-11,2947.0,BID
596,1712366306.45924,1595021.6582077,2871.0,-1.054632225980774e-10,2947.0,ASK
597,1712366310.173161,1595021.6582077,2871.0,-0.0,2947.0,ASK
598,1712366330.6706488,1595021.65820858,2878.0,7.636174541555185e-18,2947.0,BID
599,1712366330.6749177,1595024.11843694,2879.0,2.1346138772632167e-11,2947.0,BID
600,1712366340.1189687,1595024.11843694,2879.0,0.0,2947.0,BID
601,1712366352.239416,1595118.71997257,2874.0,-8.208089201680024e-10,2947.0,ASK
602,1712366354.0291808,1595323.20201971,2874.0,-1.774185663997866e-09,2947.0,ASK
603,1712366354.0327315,1597945.30788261,2874.0,-2.27506653836152e-08,2947.0,ASK
604,1712366354.0368414,1600980.65694428,2871.0,-2.6336164302745663e-08,2947.0,ASK
605,1712366354.040976,1601080.65694428,2873.0,-8.67648621877307e-10,2947.0,ASK
606,1712366354.1302097,1601091.08447295,2877.0,9.047430880161634e-11,2947.0,BID
607,1712366370.1155992,1601091.08447295,2877.0,0.0,2947.0,BID
608,1712366370.831424,1601347.97895736,2877.0,2.228604471719298e-09,2947.0,BID
609,1712366370.989153,1601382.74885973,2877.0,-3.01634969242037e-10,2947.0,ASK
610,1712366381.3291843,1601386.26256317,2877.0,3.0481990364003187e-11,2947.0,BID
611,1712366382.2593832,1603051.58020879,2873.0,-1.4446921117781604e-08,2947.0,ASK
612,1712366382.2657926,1603117.58336318,2877.0,-5.72588879668304e-10,2947.0,ASK
613,1712366396.2740471,1604432.4330638,2877.0,1.1406550550013444e-08,2947.0,BID
614,1712366400.1392183,1604432.4330638,2877.0,0.0,2947.0,BID
615,1712366418.564808,1604976.99672691,2873.0,-4.753383082610155e-09,2947.0,ASK
616,1712366418.570664,1605010.47740912,2873.0,-2.9224591942605016e-10,2947.0,ASK
617,1712366418.5736473,1605665.86673001,2873.0,-5.720757225428257e-09,2947.0,ASK
618,1712366418.679196,1606229.41781601,2873.0,4.9191203523969655e-09,2947.0,BID
619,1712366418.684961,1606229.41781607,2873.0,5.2230889174400095e-19,2947.0,BID
620,1712366422.599233,1606264.21781606,2877.0,3.0376197024016365e-10,2947.0,BID
621,1712366425.149084,1607138.21781606,2872.0,-7.628964427181805e-09,2947.0,ASK
622,1712366425.1525133,1607760.73592191,2871.0,-5.433831218314565e-09,2947.0,ASK
623,1712366425.1567855,1607764.21781606,2872.0,-3.0392730673776714e-11,2947.0,ASK
624,1712366430.103381,1607764.21781606,2872.0,-0.0,2947.0,ASK
625,1712366433.9891434,1607767.69365895,2877.0,3.0337376203146446e-11,2947.0,BID
626,1712366440.3093765,1607796.24639524,2871.0,-2.4921008510709867e-10,2947.0,ASK
627,1712366440.315092,1610194.529083,2870.0,-2.0932362721964176e-08,2947.0,ASK
628,1712366440.3194137,1610201.48137139,2871.0,-6.068001202189617e-11,2947.0,ASK
629,1712366440.3220265,1610736.98025378,2871.0,-4.6738680559236e-09,2947.0,ASK
630,1712366440.324511,1610738.98025378,2870.0,-1.7456126276352687e-11,2947.0,ASK
631,1712366440.3732889,1610867.72577167,2870.0,1.123699008900862e-09,2947.0,BID
632,1712366440.3944552,1610913.22577167,2876.0,3.9712687278702364e-10,2947.0,BID
633,1712366440.3987544,1611435.14551852,2876.0,4.555348503567104e-09,2947.0,BID
634,1712366440.4938157,1611515.2297179,2873.0,-6.989799485600738e-10,2947.0,ASK
635,1712366440.5713687,1611515.22971791,2873.0,-8.738290400746808e-20,2947.0,ASK
636,1712366441.7195594,1611550.02971791,2873.0,-3.037365972089432e-10,2947.0,ASK
637,1712366460.16702,1611550.02971791,2873.0,-0.0,2947.0,ASK
638,1712366467.3803554,1611565.53222039,2872.0,-1.352939886965684e-10,2947.0,ASK
639,1712366471.103362,1611606.66839574,2872.0,-3.5900508644160475e-10,2947.0,ASK
640,1712366472.0288148,1611816.54409303,2872.0,-1.8316346185915475e-09,2947.0,ASK
641,1712366490.158665,1611816.54409303,2872.0,-0.0,2947.0,ASK
642,1712366491.0612557,1612102.07886298,2872.0,2.491912510959972e-09,2947.0,BID
643,1712366491.066794,1612728.03577058,2872.0,5.462836801428409e-09,2947.0,BID
644,1712366502.5389533,1613602.03576996,2872.0,7.627552796514326e-09,2947.0,BID
645,1712366502.5447724,1614355.56564458,2872.0,6.576188680197373e-09,2947.0,BID
646,1712366502.598772,1614355.5656452,2872.0,5.411094210029459e-18,2947.0,BID
647,1712366503.1446323,1614359.5656452,2870.0,-3.4908708475631214e-11,2947.0,ASK
648,1712366510.6289797,1614387.62859039,2871.0,-2.449102931523671e-10,2947.0,ASK
649,1712366510.6386151,1614707.0291617,2870.0,-2.7874653577023753e-09,2947.0,ASK
650,1712366520.1100411,1614707.0291617,2870.0,-0.0,2947.0,ASK
651,1712366540.8187723,1615038.81484431,2870.0,-2.8953426716878117e-09,2947.0,ASK
652,1712366544.458726,1615437.72012375,2874.0,3.481064850171434e-09,2947.0,BID
653,1712366546.1687891,1616114.81228129,2870.0,-5.908675145260895e-09,2947.0,ASK
654,1712366549.9988165,1616116.81228129,2870.0,-1.7453089891712628e-11,2947.0,ASK
655,1712366550.1123457,1616116.81228129,2870.0,-0.0,2947.0,ASK
656,1712366556.688764,1616224.6322389,2870.0,-9.408624728096656e-10,2947.0,ASK
657,1712366556.6919458,1617384.76760739,2870.0,-1.0123615848001872e-08,2947.0,ASK
658,1712366560.4488702,1618133.81126573,2870.0,6.536332273265549e-09,2947.0,BID
659,1712366560.9120092,1618951.25189491,2870.0,-7.133180431467524e-09,2947.0,ASK
660,1712366570.8688452,1619026.97280815,2871.0,6.60758613282936e-10,2947.0,BID
661,1712366578.373773,1619165.0506362,2873.0,-1.204899812789172e-09,2947.0,ASK
662,1712366578.7166128,1619173.83470715,2871.0,-7.665188243951252e-11,2947.0,ASK
663,1712366579.0486326,1619216.81213326,2871.0,-3.7503119367919496e-10,2947.0,ASK
664,1712366580.1686766,1619216.81213326,2871.0,-0.0,2947.0,ASK
665,1712366591.369023,1619226.81213326,2872.0,8.725559245641087e-11,2947.0,BID
666,1712366602.159624,1619291.18058516,2872.0,-5.616507406023299e-10,2947.0,ASK
667,1712366603.32909,1619631.597075,2875.0,2.970324250292267e-09,2947.0,BID
668,1712366603.3349826,1620384.62864932,2876.0,6.570621615567958e-09,2947.0,BID
669,1712366603.3408864,1621496.42674334,2877.0,9.701060138562281e-09,2947.0,BID
670,1712366603.3444552,1621802.80158419,2875.0,2.6732918252106256e-09,2947.0,BID
671,1712366610.1601784,1621802.80158419,2875.0,0.0,2947.0,BID
672,1712366612.5741491,1622078.53894096,2876.0,2.4058065152424047e-09,2947.0,BID
673,1712366613.8687158,1622622.18957035,2877.0,4.74334795082821e-09,2947.0,BID
674,1712366613.8789372,1623368.66887096,2877.0,6.513026692999263e-09,2947.0,BID
675,1712366613.95873,1623753.16491033,2877.0,3.354725262608241e-09,2947.0,BID
676,1712366613.9815612,1625043.29484033,2878.0,1.1256374643829503e-08,2947.0,BID
677,1712366614.042836,1625299.08732033,2878.0,2.2317876044894507e-09,2947.0,BID
678,1712366614.0455844,1625489.00517033,2878.0,1.657031917047972e-09,2947.0,BID
679,1712366614.0585835,1625531.10429951,2878.0,3.67314608559283e-10,2947.0,BID
680,1712366622.9387145,1628166.25273639,2878.0,-2.299165173822768e-08,2947.0,ASK
681,1712366623.5244212,1628605.17749215,2879.0,3.829615433606558e-09,2947.0,BID
682,1712366623.529976,1630079.72436871,2880.0,1.2865411216719e-08,2947.0,BID
683,1712366623.6593351,1631078.29896537,2880.0,-8.71255639330466e-09,2947.0,ASK
684,1712366623.666069,1631494.31064656,2880.0,-3.629699017744461e-09,2947.0,ASK
685,1712366624.398829,1631638.47495861,2880.0,-1.257832617451518e-09,2947.0,ASK
686,1712366628.0588446,1631641.49950609,2878.0,-2.6389155674773963e-11,2947.0,ASK
687,1712366628.063665,1631676.24585761,2878.0,-3.0316167474187005e-10,2947.0,ASK
688,1712366628.138761,1631676.24585772,2878.0,-9.608738361883808e-19,2947.0,ASK
689,1712366630.5887766,1638584.12374624,2879.0,6.027118641221197e-08,2947.0,BID
690,1712366630.6487362,1639988.37153841,2880.0,-1.2252052195575654e-08,2947.0,ASK
691,1712366630.6542928,1640218.15754076,2880.0,-2.004881268322972e-09,2947.0,ASK
692,1712366640.1303248,1640218.15754076,2880.0,-0.0,2947.0,ASK
693,1712366645.0487945,1640328.69962676,2876.0,-9.640330204904404e-10,2947.0,ASK
694,1712366646.9137945,1640328.69962715,2876.0,-3.401098455953908e-18,2947.0,ASK
695,1712366646.9688067,1640441.21241415,2875.0,-9.81219423479469e-10,2947.0,ASK
696,1712366646.9887617,1640441.21241423,2875.0,-6.984942500585934e-19,2947.0,ASK
697,1712366649.888898,1640611.63693723,2876.0,-1.4862653096044442e-09,2947.0,ASK
698,1712366649.895019,1640611.63693771,2876.0,-4.1869044872698255e-18,2947.0,ASK
699,1712366650.0687425,1642575.63832949,2874.0,-1.7127975981597437e-08,2947.0,ASK
700,1712366670.108545,1642575.63832949,2874.0,-0.0,2947.0,ASK
701,1712366700.1670356,1642575.63832949,2874.0,-0.0,2947.0,ASK
702,1712366725.848871,1642668.58872603,2877.0,-8.19241903118466e-10,2947.0,ASK
703,1712366730.170002,1642668.58872603,2877.0,-0.0,2947.0,ASK
704,1712366735.4688194,1642703.63905055,2874.0,-3.0892419994408243e-10,2947.0,ASK
705,1712366743.9788318,1642830.79719251,2874.0,-1.120737904974976e-09,2947.0,ASK
706,1712366746.5488083,1643242.10997731,2874.0,-3.6252010419556158e-09,2947.0,ASK
707,1712366748.338932,1643742.85981316,2874.0,4.413475325268083e-09,2947.0,BID
708,1712366749.2990348,1645677.73976116,2874.0,-1.7053515141665072e-08,2947.0,ASK
709,1712366749.305603,1645677.73976158,2874.0,-3.702001234558734e-18,2947.0,ASK
710,1712366760.1024663,1645677.73976158,2874.0,-0.0,2947.0,ASK
711,1712366768.6992538,1645747.28079078,2876.0,6.128693448309615e-10,2947.0,BID
712,1712366790.1112847,1645747.28079078,2876.0,0.0,2947.0,BID
713,1712366803.219031,1645750.75784224,2876.0,3.064341322868258e-11,2947.0,BID
714,1712366810.2491283,1645754.2348937,2876.0,3.0643413230734525e-11,2947.0,BID
715,1712366820.1811447,1645754.2348937,2876.0,0.0,2947.0,BID
716,1712366831.8416064,1645916.07165866,2876.0,1.4262745453324172e-09,2947.0,BID
717,1712366831.844684,1645928.43986353,2876.0,1.0900153486109442e-10,2947.0,BID
718,1712366850.167253,1645928.43986353,2876.0,0.0,2947.0,BID
719,1712366856.8311677,1646056.7399115,2870.0,-1.1307089871984507e-09,2947.0,ASK
720,1712366856.835769,1646091.58311707,2870.0,-3.0707335113431447e-10,2947.0,ASK
721,1712366864.149086,1646291.58311707,2876.0,1.7626010357589627e-09,2947.0,BID
722,1712366864.154106,1646562.30707358,2876.0,2.385891630748141e-09,2947.0,BID
723,1712366871.8191867,1646840.27788664,2870.0,-2.449758215051113e-09,2947.0,ASK
724,1712366871.825607,1648303.5967075,2870.0,-1.2896236346467137e-08,2947.0,ASK
725,1712366874.0391047,1649262.8270721,2870.0,-8.453702170876716e-09,2947.0,ASK
726,1712366877.24358,1649406.03160171,2870.0,1.262062261079777e-09,2947.0,BID
727,1712366879.1909933,1650302.30555641,2870.0,7.898867004389832e-09,2947.0,BID
728,1712366880.1122508,1650302.30555641,2870.0,0.0,2947.0,BID
729,1712366883.566046,1650320.59569195,2870.0,1.6117322469339808e-10,2947.0,BID
730,1712366910.1188183,1650320.59569195,2870.0,0.0,2947.0,BID
731,1712366911.4090822,1650413.22992539,2870.0,-8.162952746647063e-10,2947.0,ASK
732,1712366911.4141147,1650429.79514014,2870.0,-1.4597310326851219e-10,2947.0,ASK
733,1712366911.4193096,1650485.15412295,2870.0,-4.87824796513703e-10,2947.0,ASK
734,1712366911.5889978,1650909.9846621,2870.0,-3.743617761632546e-09,2947.0,ASK
735,1712366911.5989454,1650916.35405395,2870.0,-5.6127246661765645e-11,2947.0,ASK
736,1712366911.6310494,1651276.86881584,2870.0,-3.176865459443857e-09,2947.0,ASK
737,1712366911.7691991,1651949.35783582,2869.0,-5.925990736770781e-09,2947.0,ASK
738,1712366911.7790656,1651952.84337084,2869.0,-3.0714625261654486e-11,2947.0,ASK
739,1712366911.7892864,1651952.84337142,2869.0,-5.1108088334107014e-18,2947.0,ASK
740,1712366911.9990528,1651955.10975914,2868.0,-1.9971467542774072e-11,2947.0,ASK
741,1712366912.6660242,1652651.97387063,2867.0,-6.140784677198054e-09,2947.0,ASK
742,1712366917.320032,1652669.40235108,2866.0,-1.5358022307360202e-10,2947.0,ASK
743,1712366917.6591077,1652672.89031759,2867.0,-3.073605161471945e-11,2947.0,ASK
744,1712366917.9791188,1652744.53158023,2867.0,-6.313046699081131e-10,2947.0,ASK
745,1712366920.2290978,1653391.0845419,2870.0,5.69744151629851e-09,2947.0,BID
746,1712366926.1691318,1653574.09396927,2864.0,-1.612683834402999e-09,2947.0,ASK
747,1712366926.1754787,1653651.25213967,2863.0,-6.79919804595947e-10,2947.0,ASK
748,1712366926.179732,1653721.0845419,2864.0,-6.153649449232803e-10,2947.0,ASK
749,1712366926.268902,1654051.44120907,2865.0,2.911111544300402e-09,2947.0,BID
750,1712366939.0790043,1654068.85674372,2871.0,1.5346614434647883e-10,2947.0,BID
751,1712366940.1402686,1654068.85674372,2871.0,0.0,2947.0,BID
752,1712366955.1653311,1654199.82086771,2870.0,1.153949946736215e-09,2947.0,BID
753,1712366955.7290668,1654497.15287046,2870.0,2.619849148626489e-09,2947.0,BID
754,1712366956.3890812,1655430.66023372,2870.0,8.225311934990365e-09,2947.0,BID
755,1712366960.058926,1656112.32349207,2871.0,6.006265354961964e-09,2947.0,BID
756,1712366970.1708388,1656112.32349207,2871.0,0.0,2947.0,BID
757,1712366982.731964,1657012.06839313,2870.0,-7.927414722426797e-09,2947.0,ASK
758,1712366982.7376058,1657129.97518755,2870.0,-1.0388456293086784e-09,2947.0,ASK
759,1712366989.639088,1657353.14159655,2870.0,1.9662602968595123e-09,2947.0,BID
760,1712366992.7289426,1657498.76683182,2869.0,-1.2830654918701222e-09,2947.0,ASK
761,1712366992.8690605,1657973.55064882,2869.0,4.1831948326920044e-09,2947.0,BID
762,1712366992.8735628,1657973.55064929,2869.0,4.141795409622329e-18,2947.0,BID
763,1712366992.8888748,1657973.55065028,2870.0,8.722592412934195e-18,2947.0,BID
764,1712367000.1526835,1657973.55065028,2870.0,0.0,2947.0,BID
765,1712367008.0691943,1658668.96094235,2866.0,-6.259168681324477e-09,2947.0,ASK
766,1712367008.168999,1660232.69395335,2866.0,1.4074667573968742e-08,2947.0,BID
767,1712367008.1888149,1660384.02298301,2866.0,1.3620648613112735e-09,2947.0,BID
768,1712367008.4090278,1660418.8783333,2866.0,3.1372201331973976e-10,2947.0,BID
769,1712367008.9288964,1660627.4903333,2866.0,1.877650808219596e-09,2947.0,BID
770,1712367010.3042915,1660662.38216861,2866.0,3.1405040347670416e-10,2947.0,BID
771,1712367011.6892018,1660752.8495479,2865.0,-8.142683442997111e-10,2947.0,ASK
772,1712367011.6958842,1660794.26903604,2865.0,-3.7280374754032375e-10,2947.0,ASK
773,1712367012.009928,1660829.16087135,2865.0,3.1405040347670416e-10,2947.0,BID
774,1712367013.7489574,1660864.06488531,2865.0,3.1416001966280403e-10,2947.0,BID
775,1712367014.3590376,1661175.44355081,2865.0,2.802621148054884e-09,2947.0,BID
776,1712367014.478965,1661210.34756477,2865.0,-3.1416001966280403e-10,2947.0,ASK
777,1712367014.8198836,1661393.17409843,2864.0,-1.64556395936223e-09,2947.0,ASK
778,1712367015.5790684,1661428.07811239,2864.0,3.1416001966280403e-10,2947.0,BID
779,1712367018.2525296,1661520.55209114,2864.0,8.32329113087373e-10,2947.0,BID
780,1712367019.3989215,1661592.19678555,2864.0,6.44851295052607e-10,2947.0,BID
781,1712367023.7314367,1662123.85932046,2864.0,4.7853267710989714e-09,2947.0,BID
782,1712367030.1107895,1662123.85932046,2864.0,0.0,2947.0,BID
783,1712367040.1491475,1663389.68206551,2864.0,1.139205183857502e-08,2947.0,BID
784,1712367040.868894,1663655.38038953,2864.0,2.391210848829271e-09,2947.0,BID
785,1712367041.618879,1663772.16575553,2864.0,1.051035738345257e-09,2947.0,BID
786,1712367041.6389296,1664454.54247353,2864.0,6.141200239363438e-09,2947.0,BID
787,1712367045.7488778,1664489.45867464,2863.0,-3.1423607658074823e-10,2947.0,ASK
788,1712367047.0841117,1664524.37487575,2863.0,-3.1423607658074823e-10,2947.0,ASK
789,1712367054.5090492,1666281.57134734,2864.0,1.5814278399716626e-08,2947.0,BID
790,1712367054.6090732,1666922.18656067,2864.0,5.765358338971372e-09,2947.0,BID
791,1712367054.615754,1667282.60219108,2864.0,3.243640202486009e-09,2947.0,BID
792,1712367054.889146,1667287.15793902,2864.0,-4.1000461477402045e-11,2947.0,ASK
793,1712367054.8958385,1667312.38937002,2863.0,-2.2707584536357388e-10,2947.0,ASK
794,1712367060.1605108,1667312.38937002,2863.0,-0.0,2947.0,ASK
795,1712367060.771457,1667347.3177668,2863.0,-3.1430380093324607e-10,2947.0,ASK
796,1712367061.8792222,1667382.24616358,2863.0,-3.1430380093324607e-10,2947.0,ASK
797,1712367079.3288667,1667417.17456036,2863.0,-3.1430380093115087e-10,2947.0,ASK
798,1712367080.2490497,1667482.89739658,2863.0,-5.91408113066194e-10,2947.0,ASK
799,1712367080.654482,1667584.54738735,2863.0,-9.146992535893295e-10,2947.0,ASK
800,1712367080.6598463,1668413.98399822,2863.0,-7.463700125469186e-09,2947.0,ASK
801,1712367080.6638482,1669174.4975399,2863.0,-6.8434946589881315e-09,2947.0,ASK
802,1712367083.763936,1669181.1605399,2863.0,5.995712425016267e-11,2947.0,BID
803,1712367084.5888631,1669355.80252383,2863.0,1.571519004934407e-09,2947.0,BID
804,1712367089.2589488,1669387.33121636,2861.0,-2.8371150164834365e-10,2947.0,ASK
805,1712367090.1604218,1669387.33121636,2861.0,-0.0,2947.0,ASK
806,1712367094.3289015,1669435.87490568,2861.0,-4.3679790419445694e-10,2947.0,ASK
807,1712367094.989014,1669470.82771938,2861.0,-3.145067048595648e-10,2947.0,ASK
808,1712367096.1588888,1669505.78053308,2861.0,-3.1450670486165977e-10,2947.0,ASK
809,1712367097.3789425,1669540.73334678,2861.0,-3.1450670486165977e-10,2947.0,ASK
810,1712367098.8889742,1669575.68616048,2861.0,-3.145067048595648e-10,2947.0,ASK
811,1712367100.37073,1669610.63897418,2861.0,-3.1450670486165977e-10,2947.0,ASK
812,1712367100.668968,1669886.37020469,2861.0,-2.4810397663334727e-09,2947.0,ASK
813,1712367101.9433615,1669900.63609237,2861.0,-1.2836498270676062e-10,2947.0,ASK
1014,1712367101.9488678,1669921.32301839,2861.0,-1.8614172215489917e-10,2947.0,ASK
814,1712367101.9488678,1669921.32301839,2861.0,-1.861417221548992e-10,2947.0,ASK
815,1712367102.9888177,1669957.05713071,2861.0,-3.2153685861623275e-10,2947.0,ASK
816,1712367109.0196838,1669987.05713071,2860.0,-2.6994110479379603e-10,2947.0,ASK
817,1712367109.022956,1670119.39021508,2860.0,-1.1907379665203672e-09,2947.0,ASK
818,1712367109.0261338,1670154.35525005,2860.0,-3.14616672299258e-10,2947.0,ASK
819,1712367109.3692586,1670175.12504025,2860.0,-1.868873370958084e-10,2947.0,ASK
820,1712367109.376103,1670481.18091402,2859.0,-2.753902023137118e-09,2947.0,ASK
821,1712367109.3814924,1671314.61163966,2857.0,-7.499240361613255e-09,2947.0,ASK
822,1712367109.3867686,1671750.10478202,2860.0,-3.9185833326250205e-09,2947.0,ASK
823,1712367109.3898296,1671773.93609761,2858.0,-2.1443505530242528e-10,2947.0,ASK
824,1712367116.2991705,1671808.92560075,2858.0,3.148368377920186e-10,2947.0,BID
825,1712367117.119098,1671843.91510389,2858.0,-3.148368377941136e-10,2947.0,ASK
826,1712367119.4316683,1671878.86791689,2861.0,3.1450669856193856e-10,2947.0,BID
827,1712367119.4689217,1671913.85742003,2858.0,-3.148368377941136e-10,2947.0,ASK
828,1712367119.550156,1671913.85742073,2861.0,6.297626230013175e-18,2947.0,BID
829,1712367119.55368,1671983.71421303,2862.0,6.285739896938323e-10,2947.0,BID
830,1712367120.069016,1671983.71421429,2862.0,1.1338241236470826e-17,2947.0,BID
831,1712367120.0762892,1672227.77597703,2863.0,2.1960767290643684e-09,2947.0,BID
832,1712367120.118924,1672227.77597703,2863.0,0.0,2947.0,BID
833,1712367141.51906,1672259.96020298,2858.0,-2.8957368746988427e-10,2947.0,ASK
834,1712367144.5691564,1673349.5776897,2858.0,-9.803701790119596e-09,2947.0,ASK
835,1712367144.577356,1674453.16855514,2858.0,-9.929425578183617e-09,2947.0,ASK
836,1712367144.6690218,1674604.3450987,2858.0,1.3601926995349054e-09,2947.0,BID
837,1712367144.6766243,1675009.82024652,2858.0,3.648213690566717e-09,2947.0,BID
838,1712367144.689096,1675534.43561597,2858.0,4.7201634511980415e-09,2947.0,BID
839,1712367145.289044,1675654.70807932,2863.0,1.0821369688132827e-09,2947.0,BID
840,1712367145.2961912,1675883.75961597,2863.0,2.060863548222363e-09,2947.0,BID
841,1712367150.110421,1675883.75961597,2863.0,0.0,2947.0,BID
842,1712367150.528929,1675893.78831841,2864.0,9.022355596561976e-11,2947.0,BID
843,1712367150.532156,1676076.70629892,2864.0,1.645627712104121e-09,2947.0,BID
844,1712367158.1588695,1676076.70629893,2864.0,-9.007075198012514e-20,2947.0,ASK
845,1712367158.1689224,1676725.11006986,2864.0,-5.8333861499005215e-09,2947.0,ASK
846,1712367180.1587622,1676725.11006986,2864.0,-0.0,2947.0,ASK
847,1712367187.4594994,1676725.11007085,2864.0,8.906338028547135e-18,2947.0,BID
848,1712367187.4657629,1677437.45173985,2864.0,6.408466657625805e-09,2947.0,BID
1048,1712367187.4657629,1677437.45173985,2864.0,6.4084666576258054e-09,2947.0,BID
849,1712367210.1614935,1677437.45173985,2864.0,0.0,2947.0,BID
850,1712367225.788991,1677847.09540173,2864.0,-3.6852253370725557e-09,2947.0,ASK
851,1712367225.7974775,1677934.38590452,2864.0,-7.85280482777908e-10,2947.0,ASK
852,1712367225.8690026,1678043.07639068,2864.0,-9.777984398853023e-10,2947.0,ASK
853,1712367239.2990408,1678083.68946403,2864.0,-3.6536224249034016e-10,2947.0,ASK
854,1712367239.9690087,1678154.83075562,2864.0,6.39999381599518e-10,2947.0,BID
855,1712367240.1315482,1678154.83075562,2864.0,0.0,2947.0,BID
856,1712367240.8291874,1678237.94348051,2864.0,-7.4768264950911e-10,2947.0,ASK
857,1712367248.0389807,1678411.09330213,2864.0,-1.557656996112071e-09,2947.0,ASK
858,1712367253.599543,1678480.99892953,2861.0,-6.288715088951888e-10,2947.0,ASK
859,1712367253.6075692,1679144.84427918,2860.0,-5.971957369315235e-09,2947.0,ASK
860,1712367253.6122289,1679664.40951177,2859.0,-4.674012435637568e-09,2947.0,ASK
861,1712367253.6155064,1679751.88764879,2857.0,-7.869539273055333e-10,2947.0,ASK
862,1712367253.618786,1680034.41316924,2860.0,-2.5416015413250038e-09,2947.0,ASK
863,1712367253.622332,1680077.39059605,2857.0,-3.866252296369905e-10,2947.0,ASK
864,1712367253.6256342,1681115.66480087,2861.0,-9.340321947140512e-09,2947.0,ASK
865,1712367253.6289196,1681959.37562198,2857.0,-7.590028397961547e-09,2947.0,ASK
866,1712367253.6322243,1682024.92413596,2860.0,-5.89674886351375e-10,2947.0,ASK
867,1712367253.6355474,1683502.92590904,2858.0,-1.3296114200782636e-08,2947.0,ASK
868,1712367261.8690448,1684003.43808389,2858.0,-4.502610996073051e-09,2947.0,ASK
869,1712367270.1012912,1684003.43808389,2858.0,-0.0,2947.0,ASK
870,1712367279.5888348,1684352.4782235,2865.0,3.13949524548136e-09,2947.0,BID
1070,1712367279.5888348,1684352.4782235,2865.0,3.1394952454813604e-09,2947.0,BID
871,1712367300.1603084,1684352.4782235,2865.0,0.0,2947.0,BID
872,1712367307.4889057,1684496.26636433,2861.0,1.3032442909552991e-09,2947.0,BID
873,1712367325.7493408,1684654.90084722,2861.0,-1.4378062264523328e-09,2947.0,ASK
874,1712367330.1708906,1684654.90084722,2861.0,-0.0,2947.0,ASK
875,1712367334.158922,1684665.3720514,2865.0,9.490650599351167e-11,2947.0,BID
876,1712367337.289117,1684679.94399982,2861.0,-1.3207389392037358e-10,2947.0,ASK
877,1712367337.296726,1684871.17786238,2861.0,-1.733261754003188e-09,2947.0,ASK
878,1712367345.2389991,1685143.7050443,2861.0,-2.470069552667234e-09,2947.0,ASK
879,1712367348.909021,1685192.84109812,2861.0,-4.4534812866609005e-10,2947.0,ASK
880,1712367348.918784,1685327.34446739,2861.0,-1.219080881490429e-09,2947.0,ASK
881,1712367348.9688523,1685493.7050443,2861.0,1.507820955305275e-09,2947.0,BID
882,1712367360.1022518,1685493.7050443,2861.0,0.0,2947.0,BID
883,1712367367.5074563,1685684.46444319,2861.0,-1.728923812330923e-09,2947.0,ASK
884,1712367367.520038,1686751.22944296,2861.0,-9.668490365327782e-09,2947.0,ASK
885,1712367367.559001,1686831.31364234,2861.0,7.25833065660023e-10,2947.0,BID
886,1712367367.578847,1687029.00260745,2861.0,1.791729063953914e-09,2947.0,BID
887,1712367369.088928,1687064.00260745,2861.0,-3.172180966374756e-10,2947.0,ASK
888,1712367369.3359888,1687286.72358721,2861.0,2.0186035794501216e-09,2947.0,BID
889,1712367377.8092756,1687290.2139886,2865.0,3.163481386969532e-11,2947.0,BID
1089,1712367377.8092756,1687290.2139886,2865.0,3.1634813869695316e-11,2947.0,BID
890,1712367381.6592183,1687360.09519055,2862.0,-6.33359482093912e-10,2947.0,ASK
891,1712367381.6672454,1687653.82317797,2862.0,-2.662166659958388e-09,2947.0,ASK
892,1712367388.1492784,1687723.32309999,2861.0,-6.299037994172603e-10,2947.0,ASK
893,1712367388.1569707,1687733.32309999,2861.0,-9.06337418964216e-11,2947.0,ASK
894,1712367388.161078,1687777.1270147,2861.0,-3.9701126998953935e-10,2947.0,ASK
895,1712367388.3153324,1687857.31515561,2861.0,7.267751266380493e-10,2947.0,BID
896,1712367388.3888462,1687857.31515562,2861.0,9.073994358876089e-20,2947.0,BID
897,1712367390.1117089,1687857.31515562,2861.0,0.0,2947.0,BID
898,1712367392.059235,1687892.31515561,2865.0,3.171986546249219e-10,2947.0,BID
899,1712367393.7289217,1690691.47540753,2865.0,2.536828189264562e-08,2947.0,BID
900,1712367417.6991055,1690779.26736549,2865.0,7.95642598850426e-10,2947.0,BID
901,1712367417.7027285,1690984.60249145,2865.0,1.8609150205818301e-09,2947.0,BID
1101,1712367417.7027285,1690984.60249145,2865.0,1.86091502058183e-09,2947.0,BID
902,1712367420.159008,1690984.60249145,2865.0,0.0,2947.0,BID
903,1712367436.5589707,1690994.60249145,2864.0,-9.062082865582558e-11,2947.0,ASK
904,1712367436.5677164,1691029.43214366,2864.0,-3.15629194506432e-10,2947.0,ASK
905,1712367441.4425817,1691092.33214366,2864.0,5.700050122442989e-10,2947.0,BID
906,1712367445.4004438,1691165.28518172,2863.0,-6.611064761966816e-10,2947.0,ASK
907,1712367445.424466,1691238.42302009,2863.0,-6.627811519179245e-10,2947.0,ASK
1108,1712367445.4743965,1691441.26700211,2863.0,-1.83818897384932e-09,2947.0,ASK
908,1712367445.4743965,1691441.26700211,2863.0,-1.8381889738493201e-09,2947.0,ASK
909,1712367445.4830973,1691639.6683541,2863.0,-1.7979294923786081e-09,2947.0,ASK
1109,1712367445.4830973,1691639.6683541,2863.0,-1.797929492378608e-09,2947.0,ASK
910,1712367445.6889012,1691679.07593621,2862.0,-3.571147746133121e-10,2947.0,ASK
911,1712367445.698883,1691689.07593621,2862.0,-9.062082865582558e-11,2947.0,ASK
912,1712367448.169225,1691696.06929749,2862.0,-6.337441942681276e-11,2947.0,ASK
913,1712367450.16131,1691696.06929749,2862.0,-0.0,2947.0,ASK
914,1712367456.384382,1692076.22769784,2861.0,-3.444963334446228e-09,2947.0,ASK
915,1712367456.3886478,1692354.69382046,2860.0,-2.523436497597318e-09,2947.0,ASK
916,1712367456.392098,1692424.62389039,2860.0,-6.337003908424211e-10,2947.0,ASK
917,1712367459.1689746,1692426.38586172,2861.0,1.5966835463152787e-11,2947.0,BID
918,1712367462.4989853,1692673.12952838,2860.0,-2.235970279409934e-09,2947.0,ASK
919,1712367463.2189395,1692736.08057826,2860.0,-5.70457100254664e-10,2947.0,ASK
920,1712367463.228795,1693618.75208026,2860.0,-7.998694643999821e-09,2947.0,ASK
921,1712367469.468836,1693638.63747508,2860.0,1.8019976931420104e-10,2947.0,BID
922,1712367473.1791403,1693642.13397857,2860.0,3.168501948346605e-11,2947.0,BID
1123,1712367475.2746675,1694000.01770337,2859.0,-3.243112104836736e-09,2947.0,ASK
923,1712367475.2746675,1694000.01770337,2859.0,-3.2431121048367362e-09,2947.0,ASK
924,1712367475.2783165,1694010.01770337,2860.0,9.061915589066032e-11,2947.0,BID
925,1712367476.9589727,1694140.34142143,2860.0,1.18098253231333e-09,2947.0,BID
926,1712367476.9790351,1694270.62633484,2860.0,1.1806308878498978e-09,2947.0,BID
927,1712367478.5589955,1694544.13528104,2860.0,2.478514983320019e-09,2947.0,BID
928,1712367478.5688963,1694753.64141229,2860.0,1.8985268767787964e-09,2947.0,BID
929,1712367480.111587,1694753.64141229,2860.0,0.0,2947.0,BID
930,1712367488.7188125,1695130.89729761,2860.0,-3.4183901028656236e-09,2947.0,ASK
931,1712367502.3389614,1695305.30372219,2864.0,1.5803310666827848e-09,2947.0,BID
932,1712367510.1013525,1695305.30372219,2864.0,0.0,2947.0,BID
933,1712367519.3699782,1695348.81777188,2863.0,3.942837610273344e-10,2947.0,BID
1133,1712367519.3699782,1695348.81777188,2863.0,3.9428376102733434e-10,2947.0,BID
934,1712367519.7891428,1695348.8177728,2864.0,8.337511806518239e-18,2947.0,BID
935,1712367519.7972474,1696092.8430158,2864.0,6.741663283452095e-09,2947.0,BID
936,1712367527.4788082,1696096.8430158,2864.0,3.624427180061712e-11,2947.0,BID
1136,1712367527.4788082,1696096.8430158,2864.0,3.6244271800617115e-11,2947.0,BID
937,1712367537.3265493,1696279.76099632,2867.0,1.6574322507972127e-09,2947.0,BID
938,1712367537.3318176,1696324.1926648,2867.0,4.025983672353457e-10,2947.0,BID
939,1712367540.178035,1696324.1926648,2867.0,0.0,2947.0,BID
940,1712367564.2707956,1696498.4166794,2866.0,1.578613885444294e-09,2947.0,BID
941,1712367570.159137,1696498.4166794,2866.0,0.0,2947.0,BID
942,1712367586.3399985,1696505.24028988,2866.0,6.18272833530279e-11,2947.0,BID
943,1712367586.479087,1696533.30851471,2866.0,-2.543202157988186e-10,2947.0,ASK
944,1712367600.1365116,1696533.30851471,2866.0,-0.0,2947.0,ASK
945,1712367611.328901,1696536.03401243,2863.0,-2.5172493757405863e-11,2947.0,ASK
946,1712367611.3338127,1696538.7362974,2863.0,-2.4958102526975155e-11,2947.0,ASK
947,1712367614.25886,1696542.16604176,2863.0,-3.1676863222797666e-11,2947.0,ASK
948,1712367617.7888663,1696545.65888143,2863.0,3.225960680226044e-11,2947.0,BID
949,1712367621.0389502,1696549.1517211,2863.0,3.225960680226044e-11,2947.0,BID
950,1712367621.614739,1696559.61927169,2862.0,-9.667751689560962e-11,2947.0,ASK
951,1712367621.6271088,1696889.56893033,2862.0,-3.0473904495417406e-09,2947.0,ASK
952,1712367623.4542444,1697110.98439974,2862.0,-2.0449767690070383e-09,2947.0,ASK
953,1712367625.2401676,1697332.95496947,2861.0,-2.050103634181273e-09,2947.0,ASK
954,1712367625.2449582,1697505.53973717,2861.0,-1.593980048331496e-09,2947.0,ASK
955,1712367630.1089573,1697505.53973717,2861.0,-0.0,2947.0,ASK
956,1712367632.0289588,1697532.71736024,2861.0,-2.510040508632408e-10,2947.0,ASK
957,1712367632.036132,1697718.35439217,2861.0,-1.7144857328000535e-09,2947.0,ASK
958,1712367632.0890553,1697718.35439238,2861.0,-1.9396167937117573e-18,2947.0,ASK
959,1712367632.1690698,1697805.22354521,2860.0,-8.02296403896213e-10,2947.0,ASK
960,1712367632.1761897,1698103.17565192,2860.0,-2.7517927360778283e-09,2947.0,ASK
961,1712367638.2164876,1704657.26743513,2860.0,-6.053154770331978e-08,2947.0,ASK
962,1712367638.2223396,1705845.97504732,2860.0,-1.0978532787243591e-08,2947.0,ASK
963,1712367638.3091114,1706416.62315713,2860.0,-5.2703279757653324e-09,2947.0,ASK
964,1712367638.3889718,1706557.10989151,2859.0,-1.2974916655260175e-09,2947.0,ASK
965,1712367638.401096,1706567.10989151,2859.0,-9.235688132776468e-11,2947.0,ASK
966,1712367638.6992042,1707477.69328654,2859.0,-8.409864255380806e-09,2947.0,ASK
967,1712367638.7077122,1707738.26570215,2859.0,-2.406565566578885e-09,2947.0,ASK
968,1712367638.751541,1707738.26570216,2859.0,-9.246510213925229e-20,2947.0,ASK
969,1712367640.7636716,1708088.16073365,2858.0,-3.231521390048696e-09,2947.0,ASK
970,1712367640.771234,1708304.1257452,2858.0,-1.994585494268317e-09,2947.0,ASK
971,1712367640.879101,1708603.95480523,2858.0,-2.7691276915800123e-09,2947.0,ASK
972,1712367640.8945532,1709242.3246782,2858.0,-5.895785060111429e-09,2947.0,ASK
973,1712367651.6088047,1709277.26527918,2858.0,-3.2270049382158973e-10,2947.0,ASK
974,1712367655.953744,1710703.39414861,2858.0,-1.3171281475206071e-08,2947.0,ASK
975,1712367660.1722274,1710703.39414861,2858.0,-0.0,2947.0,ASK
976,1712367663.139156,1710713.39414861,2857.0,-9.232470210551308e-11,2947.0,ASK
977,1712367663.1461189,1710732.11207578,2856.0,-1.7281270500016528e-10,2947.0,ASK
978,1712367663.1522846,1710756.75288803,2857.0,-2.2749556506056672e-10,2947.0,ASK
979,1712367663.1565936,1711086.71609364,2856.0,-3.0463754663739023e-09,2947.0,ASK
980,1712367663.1602073,1711088.97706095,2856.0,-2.087431333493918e-11,2947.0,ASK
981,1712367663.3790283,1711766.75288803,2856.0,-6.257545132947979e-09,2947.0,ASK
982,1712367663.3830962,1712227.42204276,2855.0,-4.2531142479660515e-09,2947.0,ASK
983,1712367667.798793,1712465.3547269,2855.0,-2.196706418439498e-09,2947.0,ASK
984,1712367667.8036065,1712874.58872392,2855.0,-3.77824068663143e-09,2947.0,ASK
985,1712367679.259008,1712878.08767423,2855.0,-3.230395450574919e-11,2947.0,ASK
986,1712367679.2661078,1713488.69436982,2855.0,-5.6374081273963895e-09,2947.0,ASK
987,1712367679.3988554,1716723.09929082,2855.0,2.986154708199421e-08,2947.0,BID
1188,1712367683.4190135,1716757.76848444,2859.0,3.2008229731921316e-10,2947.0,BID
988,1712367683.4190135,1716757.76848444,2859.0,3.200822973192132e-10,2947.0,BID
989,1712367687.6988697,1716768.25432855,2861.0,9.681024337934056e-11,2947.0,BID
990,1712367688.218843,1716771.74960992,2861.0,3.227008112501379e-11,2947.0,BID
991,1712367690.15862,1716771.74960992,2861.0,0.0,2947.0,BID
992,1712367707.7603805,1716806.71464488,2860.0,3.227620126773829e-10,2947.0,BID
993,1712367712.3390536,1716841.69190965,2859.0,-3.228749059748099e-10,2947.0,ASK
994,1712367712.3473608,1717013.19113482,2858.0,-1.5831082437542702e-09,2947.0,ASK
1194,1712367712.3473608,1717013.19113482,2858.0,-1.58310824375427e-09,2947.0,ASK
995,1712367712.3526893,1717142.97014238,2855.0,-1.1979891835145787e-09,2947.0,ASK
996,1712367715.7489855,1717184.8128267,2855.0,-3.8624954965299856e-10,2947.0,ASK
997,1712367720.110113,1717184.8128267,2855.0,-0.0,2947.0,ASK
998,1712367724.6834135,1718028.32361831,2855.0,-7.786357865987487e-09,2947.0,ASK
999,1712367730.6789303,1718066.94001972,2855.0,-3.5646386965683244e-10,2947.0,ASK
1000,1712367744.9789562,1718069.26919376,2856.0,-2.150035635240669e-11,2947.0,ASK
1201,1712367750.1018388,1718069.26919376,2856.0,-0.0,2947.0,ASK
1202,1712367752.3189588,1718715.93042976,2860.0,5.969121544837423e-09,2947.0,BID
1203,1712367752.3387234,1718715.93042989,2860.0,1.201394227278144e-18,2947.0,BID
1204,1712367752.538975,1718724.37756074,2861.0,7.79727435975407e-11,2947.0,BID
1205,1712367752.5416822,1718907.49606795,2861.0,1.6903079476457903e-09,2947.0,BID
1206,1712367752.6387231,1719284.79587595,2862.0,3.482732978903443e-09,2947.0,BID
1207,1712367752.6789377,1719572.49894895,2862.0,2.6556943820900555e-09,2947.0,BID
1208,1712367753.0589898,1719600.25671914,2862.0,2.5622303433982767e-10,2947.0,BID
1209,1712367776.998827,1719721.07281074,2862.0,1.115214420138591e-09,2947.0,BID
1210,1712367780.1338258,1719721.07281074,2862.0,0.0,2947.0,BID
1211,1712367784.348842,1720290.60460704,2862.0,-5.256935206152664e-09,2947.0,ASK
1212,1712367788.6689065,1720297.59272723,2862.0,6.450227237459925e-11,2947.0,BID
1213,1712367798.6691415,1721375.63904113,2862.0,9.95066413889586e-09,2947.0,BID
1214,1712367798.6719038,1721740.04236578,2862.0,3.3635429646548192e-09,2947.0,BID
1215,1712367810.108705,1721740.04236578,2862.0,0.0,2947.0,BID
1216,1712367811.3590372,1722012.14513813,2862.0,-2.511449518546526e-09,2947.0,ASK
1217,1712367818.5494273,1722361.79548778,2860.0,-3.227196822376795e-09,2947.0,ASK
1218,1712367818.5523384,1723235.79548778,2858.0,-8.066830265097841e-09,2947.0,ASK
1219,1712367818.5551665,1723928.37986785,2856.0,-6.392403476297965e-09,2947.0,ASK
1220,1712367818.557894,1723947.36904852,2856.0,-1.7526601526001747e-10,2947.0,ASK
1221,1712367818.5591576,1724969.92031656,2857.0,-9.437926220410756e-09,2947.0,ASK
1222,1712367818.5604165,1725849.665318,2856.0,-8.119855381217646e-09,2947.0,ASK
1223,1712367818.561674,1725868.95301918,2858.0,-1.7802129476503314e-10,2947.0,ASK
1224,1712367818.562978,1725872.45564615,2855.0,-3.232848655434523e-11,2947.0,ASK
1225,1712367818.5644174,1725942.45914632,2857.0,-6.46117109648581e-10,2947.0,ASK
1226,1712367818.565689,1726242.45914632,2858.0,-2.768934873603377e-09,2947.0,ASK
1227,1712367818.566981,1726312.48715752,2856.0,-6.463433411360613e-10,2947.0,ASK
1228,1712367818.5682485,1728085.79688515,2855.0,-1.636726382178375e-08,2947.0,ASK
1229,1712367818.5695856,1728567.05259623,2856.0,-4.441885738434387e-09,2947.0,ASK
1230,1712367818.5709956,1736826.85897169,2855.0,-7.623621974074236e-08,2947.0,ASK
1231,1712367818.672408,1739072.46557588,2855.0,2.0726461462451065e-08,2947.0,BID
1232,1712367818.6746323,1739278.06720363,2855.0,1.897658390489475e-09,2947.0,BID
1233,1712367819.068967,1739657.77631437,2858.0,-3.504632661844026e-09,2947.0,ASK
1234,1712367819.0718856,1739935.68832625,2858.0,-2.565067538292342e-09,2947.0,ASK
1235,1712367827.459018,1739979.22719739,2858.0,-4.01854328856107e-10,2947.0,ASK
1236,1712367832.56887,1740091.52019211,2859.0,-1.03643996380458e-09,2947.0,ASK
1237,1712367840.1332495,1740091.52019211,2859.0,-0.0,2947.0,ASK
1238,1712367863.328997,1740096.64159819,2859.0,-4.724661263461981e-11,2947.0,ASK
1239,1712367863.332013,1740477.80961476,2859.0,-3.5163971273505076e-09,2947.0,ASK
1240,1712367863.4887998,1741619.25495302,2859.0,1.0530199109048432e-08,2947.0,BID
1241,1712367866.541145,1741689.08735525,2864.0,6.44226293714725e-10,2947.0,BID
1242,1712367870.1116836,1741689.08735525,2864.0,0.0,2947.0,BID
1243,1712367900.139094,1741689.08735525,2864.0,0.0,2947.0,BID
1244,1712367901.3791783,1741730.25853738,2858.0,-3.884660506629405e-10,2947.0,ASK
1245,1712367901.3887825,1741747.76554018,2856.0,-1.651853525893205e-10,2947.0,ASK
1246,1712367901.391362,1741856.11586254,2855.0,-1.02232725993444e-09,2947.0,ASK
1247,1712367901.3936574,1741873.61673758,2857.0,-1.6512753479974648e-10,2947.0,ASK
1248,1712367901.395951,1742464.81656188,2858.0,-5.578199337909268e-09,2947.0,ASK
1249,1712367901.3983047,1742534.86910128,2855.0,-6.609728434254213e-10,2947.0,ASK
1250,1712367913.1488545,1742600.86910128,2856.0,-6.22735564473224e-10,2947.0,ASK
1251,1712367913.2690032,1744651.16677851,2856.0,1.9345352747998112e-08,2947.0,BID
1252,1712367925.1790245,1744691.16677851,2860.0,-3.774154936201358e-10,2947.0,ASK
1253,1712367925.2189622,1744789.87492004,2859.0,-9.313495489961435e-10,2947.0,ASK
1254,1712367925.2220588,1744807.20732517,2859.0,-1.6353795594545635e-10,2947.0,ASK
1255,1712367930.108611,1744807.20732517,2859.0,-0.0,2947.0,ASK
1256,1712367936.2688594,1744923.65854707,2859.0,-1.0986700519653415e-09,2947.0,ASK
1257,1712367936.2712586,1745023.68217509,2859.0,-9.436823658987711e-10,2947.0,ASK
1258,1712367938.0688498,1745037.65817509,2859.0,1.3185789204918775e-10,2947.0,BID
1259,1712367943.1264598,1745054.11717509,2859.0,1.5528399006921118e-10,2947.0,BID
1260,1712367946.54924,1745057.61490156,2859.0,3.299963074541637e-11,2947.0,BID
1261,1712367950.1788776,1745103.84423444,2859.0,4.3615500747008234e-10,2947.0,BID
1262,1712367954.36886,1745114.33741387,2859.0,9.899889242516211e-11,2947.0,BID
1263,1712367960.158614,1745114.33741387,2859.0,0.0,2947.0,BID
1264,1712367962.1789355,1745443.44682697,2858.0,-3.1049881197601486e-09,2947.0,ASK
1265,1712367964.7291653,1745770.68255482,2855.0,-3.087310805744482e-09,2947.0,ASK
1266,1712367964.7329085,1745792.48696658,2856.0,-2.0571407798682528e-10,2947.0,ASK
1267,1712367976.5737271,1745814.39396658,2859.0,2.0668194841121518e-10,2947.0,BID
1268,1712367982.998866,1745821.27763018,2855.0,-6.494403638176585e-11,2947.0,ASK
1269,1712367990.160213,1745821.27763018,2855.0,-0.0,2947.0,ASK
1270,1712367998.9788637,1745842.3580517,2855.0,-1.988797911844441e-10,2947.0,ASK
1271,1712368011.118922,1746892.41055432,2858.0,9.906548702264672e-09,2947.0,BID
1272,1712368011.1586685,1746922.41055432,2857.0,-2.8303009642507556e-10,2947.0,ASK
1273,1712368011.9488842,1746945.22255432,2858.0,2.1521608532085428e-10,2947.0,BID
1274,1712368014.348947,1746952.22780826,2856.0,-6.608992326963432e-11,2947.0,ASK
1275,1712368014.358685,1746983.97885868,2856.0,-2.995500953999962e-10,2947.0,ASK
1276,1712368014.3604343,1747271.53131986,2855.0,-2.712866693833874e-09,2947.0,ASK
1277,1712368015.5987768,1747276.53131986,2856.0,4.7171682737512604e-11,2947.0,BID
1278,1712368015.658855,1747660.50616612,2856.0,-3.6225479253938557e-09,2947.0,ASK
1279,1712368020.1104035,1747660.50616612,2856.0,-0.0,2947.0,ASK
1280,1712368021.4590518,1748030.7102817,2855.0,-3.492457080334052e-09,2947.0,ASK
1281,1712368021.4706817,1748048.22341655,2855.0,-1.6521661762346798e-10,2947.0,ASK
1282,1712368021.4731574,1748055.22867049,2856.0,-6.608664704763e-11,2947.0,ASK
1283,1712368021.4749773,1748780.54781802,2855.0,-6.842565724385538e-09,2947.0,ASK
1284,1712368021.476978,1748801.56848977,2854.0,-1.983062607813445e-10,2947.0,ASK
1285,1712368021.4790888,1748808.57374371,2855.0,-6.608664704982649e-11,2947.0,ASK
1286,1712368021.4811072,1748812.07514427,2854.0,-3.303175373234988e-11,2947.0,ASK
1287,1712368021.4827874,1748815.57654483,2855.0,-3.3031753734546373e-11,2947.0,ASK
1288,1712368021.484173,1748839.67451188,2853.0,-2.2733706110460566e-10,2947.0,ASK
1289,1712368021.4858422,1750091.94154823,2855.0,-1.1813723007156196e-08,2947.0,ASK
1290,1712368021.4872649,1750393.18047605,2854.0,-2.841848542632724e-09,2947.0,ASK
1291,1712368021.488682,1751068.0164381,2855.0,-6.366313972589405e-09,2947.0,ASK
1292,1712368021.4900951,1753021.36117688,2853.0,-1.8427598117326943e-08,2947.0,ASK
1293,1712368021.491621,1753023.11284062,2855.0,-1.6524966022152064e-11,2947.0,ASK
1294,1712368021.4930634,1753904.66419007,2853.0,-8.316439830070984e-09,2947.0,ASK
1295,1712368021.4945097,1753939.78450793,2854.0,-3.313204732523582e-10,2947.0,ASK
1296,1712368021.4959583,1753943.53373259,2853.0,-3.5369693794530844e-11,2947.0,ASK
1297,1712368023.28878,1754804.56611496,2853.0,-8.122866585356506e-09,2947.0,ASK
1298,1712368023.4090505,1754839.61693865,2853.0,-3.306648743642802e-10,2947.0,ASK
1299,1712368023.412485,1757099.92497199,2853.0,-2.1323449585131223e-08,2947.0,ASK
1300,1712368023.4158826,1757130.95178439,2853.0,-2.927028795364773e-10,2947.0,ASK
1301,1712368023.428804,1757137.95703833,2853.0,6.608664704763e-11,2947.0,BID
1302,1712368023.5287902,1758189.85044646,2853.0,9.923424474163181e-09,2947.0,BID
1303,1712368023.548851,1758261.62919374,2853.0,6.771512892625269e-10,2947.0,BID
1304,1712368023.568861,1758314.93656935,2853.0,5.028947911396132e-10,2947.0,BID
1305,1712368023.6088684,1758445.37748002,2853.0,1.2305624461279995e-09,2947.0,BID
1306,1712368023.7088337,1758543.17444169,2853.0,-9.226037119677624e-10,2947.0,ASK
1307,1712368023.8289282,1758578.27444169,2853.0,-3.31128797223761e-10,2947.0,ASK
1308,1712368023.9490087,1758687.03580945,2853.0,1.02604048122414e-09,2947.0,BID
1309,1712368024.1489887,1758731.795013,2853.0,4.222524568730529e-10,2947.0,BID
1310,1712368024.2889793,1758738.80026694,2853.0,6.608664704763e-11,2947.0,BID
1311,1712368024.7987611,1759088.78426694,2853.0,3.301703161483725e-09,2947.0,BID
1312,1712368025.358758,1759265.1912551,2852.0,-1.664200393490455e-09,2947.0,ASK
1313,1712368025.4787774,1759335.40938543,2853.0,6.624286336045374e-10,2947.0,BID
1314,1712368025.5791442,1761088.56506565,2853.0,1.6539040790301982e-08,2947.0,BID
1315,1712368025.679004,1761776.22688755,2853.0,6.487311452516584e-09,2947.0,BID
1316,1712368025.6823475,1762126.48958458,2853.0,3.304332352717563e-09,2947.0,BID
1317,1712368025.6857235,1762174.45958457,2856.0,4.525426894462283e-10,2947.0,BID
1318,1712368025.738878,1762365.26816298,2853.0,-1.800063107382191e-09,2947.0,ASK
1319,1712368025.8038828,1762722.97501847,2853.0,-3.374559567453096e-09,2947.0,ASK
1320,1712368037.2491665,1762733.48289938,2855.0,9.912997057144499e-11,2947.0,BID
1321,1712368042.7489944,1763059.493727,2855.0,-3.075543396928178e-09,2947.0,ASK
1322,1712368042.7526472,1763066.50389173,2855.0,-6.613297479773595e-11,2947.0,ASK
1323,1712368050.108723,1763066.50389173,2855.0,-0.0,2947.0,ASK
1324,1712368050.8390417,1763073.51405598,2855.0,-6.610555516134793e-11,2947.0,ASK
1325,1712368050.8417916,1763457.61333221,2855.0,-3.6220400816649876e-09,2947.0,ASK
1326,1712368052.3487632,1763804.20069178,2855.0,3.268304279252209e-09,2947.0,BID
1327,1712368052.4889393,1763807.87602923,2855.0,-3.4658278161223053e-11,2947.0,ASK
1328,1712368061.8589778,1763814.88619323,2854.0,-6.610555280548715e-11,2947.0,ASK
1329,1712368070.7588477,1764743.13040841,2855.0,-8.753304057100916e-09,2947.0,ASK
1330,1712368070.878812,1766814.88619323,2855.0,-1.953657024738097e-08,2947.0,ASK
1331,1712368070.8815837,1766835.91668741,2855.0,-1.9831667897151148e-10,2947.0,ASK
1332,1712368070.9390776,1766835.91668742,2855.0,-9.441007821919406e-20,2947.0,ASK
1333,1712368070.9425466,1766863.95734634,2854.0,-2.644222387523665e-10,2947.0,ASK
1334,1712368070.9460213,1766870.9675118,2854.0,-6.610556657179389e-11,2947.0,ASK
1335,1712368071.3788218,1766877.97767653,2854.0,6.610555968864052e-11,2947.0,BID
1336,1712368075.7589743,1766884.98784126,2854.0,6.610555968864052e-11,2947.0,BID
1337,1712368078.809178,1766891.99800599,2854.0,6.610555968864052e-11,2947.0,BID
1338,1712368079.8390126,1766899.00817072,2854.0,6.610555968864052e-11,2947.0,BID
1339,1712368080.1714976,1766899.00817072,2854.0,0.0,2947.0,BID
1340,1712368085.6388288,1766917.45789041,2854.0,1.7396213423916326e-10,2947.0,BID
1341,1712368086.6587217,1767724.97982169,2853.0,-7.614112353499854e-09,2947.0,ASK
1342,1712368086.6688063,1767731.98998642,2853.0,-6.609873961726117e-11,2947.0,ASK
1343,1712368086.671589,1767968.48255741,2853.0,-2.2298849561049313e-09,2947.0,ASK
1344,1712368086.739004,1768020.65047004,2853.0,-4.918904770596216e-10,2947.0,ASK
1345,1712368088.9091804,1768136.43982129,2852.0,-1.091776081374433e-09,2947.0,ASK
1346,1712368088.91896,1768286.43982129,2852.0,-1.4143477827465703e-09,2947.0,ASK
1347,1712368088.921748,1768336.13808465,2852.0,-4.68604190596712e-10,2947.0,ASK
1348,1712368088.9245386,1769350.15312367,2852.0,-9.561132814063954e-09,2947.0,ASK
1349,1712368090.4475052,1769700.66136061,2851.0,-3.3049369850035007e-09,2947.0,ASK
1350,1712368090.4492562,1770051.41548197,2851.0,-3.307255425564005e-09,2947.0,ASK
1351,1712368090.4509506,1770053.21548197,2851.0,-1.6972173393397918e-11,2947.0,ASK
1352,1712368090.452614,1771482.78479032,2851.0,-1.3479387876983373e-08,2947.0,ASK
1353,1712368094.639053,1771484.53952716,2850.0,-1.654538772663425e-11,2947.0,ASK
1354,1712368094.642874,1772652.7865634,2850.0,-1.1015384036040381e-08,2947.0,ASK
1355,1712368097.1488364,1772744.02979195,2850.0,-8.60331053269524e-10,2947.0,ASK
1356,1712368099.1289244,1773089.75821137,2850.0,-3.259868156261744e-09,2947.0,ASK
1357,1712368099.1387038,1773242.38979031,2850.0,-1.4391609016723351e-09,2947.0,ASK
1358,1712368099.1405156,1773744.02979195,2850.0,-4.729956160376391e-09,2947.0,ASK
1359,1712368103.7490666,1774035.69417873,2850.0,-2.750099191656219e-09,2947.0,ASK
1360,1712368104.0297687,1774286.71317297,2850.0,-2.366854386204972e-09,2947.0,ASK
1361,1712368104.148869,1774317.48391055,2850.0,-2.9013682979635856e-10,2947.0,ASK
1362,1712368104.150763,1775106.98424797,2850.0,-7.444187011384604e-09,2947.0,ASK
1363,1712368104.2290723,1775715.59645861,2850.0,-5.7385955378076814e-09,2947.0,ASK
1364,1712368104.231454,1776205.08216487,2850.0,-4.6153534889016405e-09,2947.0,ASK
1365,1712368104.2708273,1776255.13796738,2850.0,-4.71975421956394e-10,2947.0,ASK
1366,1712368104.2788682,1776282.65602331,2850.0,-2.594673426009426e-10,2947.0,ASK
1367,1712368104.285204,1776913.85214224,2850.0,-5.951538875244861e-09,2947.0,ASK
1368,1712368104.3901253,1777199.19700929,2849.0,-2.690512533536933e-09,2947.0,ASK
1369,1712368104.3988063,1777213.22718024,2849.0,-1.3229027449673512e-10,2947.0,ASK
1370,1712368104.448911,1777213.22718104,2849.0,-7.54324561220472e-18,2947.0,ASK
1371,1712368110.1615832,1777213.22718104,2849.0,-0.0,2947.0,ASK
1372,1712368112.8689988,1777218.2012489,2848.0,-4.688741306291782e-11,2947.0,ASK
1373,1712368112.872147,1778013.60774467,2848.0,-7.497797370162722e-09,2947.0,ASK
1374,1712368112.8752573,1778213.22718104,2848.0,-1.8816870279633822e-09,2947.0,ASK
1375,1712368124.3297894,1779518.29975309,2848.0,-1.2302099304727298e-08,2947.0,ASK
1376,1712368124.3392355,1779540.56169059,2848.0,-2.0984930011443588e-10,2947.0,ASK
1377,1712368126.1791534,1779789.50649522,2848.0,-2.3466462889040847e-09,2947.0,ASK
1378,1712368126.1829386,1779813.07637353,2847.0,-2.221784364964056e-10,2947.0,ASK
1379,1712368128.8529334,1779865.51707592,2849.0,4.94325558767348e-10,2947.0,BID
1380,1712368129.1090238,1779921.48039082,2849.0,5.27531014033507e-10,2947.0,BID
1381,1712368130.219003,1781450.64688204,2850.0,1.4414491907451096e-08,2947.0,BID
1382,1712368130.3587492,1781795.49480604,2850.0,3.250664749941766e-09,2947.0,BID
1383,1712368130.3788376,1781795.49480611,2850.0,6.5842446483594995e-19,2947.0,BID
1384,1712368131.2588663,1781909.63017311,2850.0,1.0758824061486067e-09,2947.0,BID
1385,1712368131.2787335,1782158.23551911,2850.0,2.34344642564581e-09,2947.0,BID
1386,1712368135.878928,1783347.10986558,2848.0,-1.1206771626610528e-08,2947.0,ASK
1387,1712368140.1109972,1783347.10986558,2848.0,-0.0,2947.0,ASK
1388,1712368143.318924,1783747.10986558,2849.0,-3.769927760576469e-09,2947.0,ASK
1389,1712368143.7987506,1783782.22222513,2852.0,3.3092764751800103e-10,2947.0,BID
1390,1712368144.1991465,1783831.55266404,2850.0,4.649304777188739e-10,2947.0,BID
1391,1712368150.648858,1783866.64038333,2850.0,3.3069541751720004e-10,2947.0,BID
1392,1712368150.9088995,1784830.58076311,2849.0,-9.08496399318329e-09,2947.0,ASK
1393,1712368150.9123151,1785012.36453774,2849.0,-1.713279245999409e-09,2947.0,ASK
1394,1712368150.9325926,1786412.36453774,2848.0,-1.3194747162017642e-08,2947.0,ASK
1395,1712368151.1291578,1786429.92071751,2848.0,-1.6546382371182116e-10,2947.0,ASK
1396,1712368151.1323392,1787355.79109801,2848.0,-8.726161125357051e-09,2947.0,ASK
1397,1712368158.3389504,1787617.14711467,2847.0,-2.463233256499384e-09,2947.0,ASK
1398,1712368159.508869,1787667.14711467,2848.0,4.712409700720586e-10,2947.0,BID
1399,1712368161.2090032,1787795.36729857,2847.0,-1.20845207687794e-09,2947.0,ASK
1400,1712368161.2129574,1788030.26724916,2847.0,-2.2138896117180597e-09,2947.0,ASK
1401,1712368161.3690548,1788506.11606905,2847.0,-4.484789189852718e-09,2947.0,ASK
1402,1712368161.3729594,1789143.84597069,2847.0,-6.010489149855629e-09,2947.0,ASK
1403,1712368161.3768122,1789161.40831701,2847.0,-1.6552194233063023e-10,2947.0,ASK
1404,1712368166.5263412,1790161.40831701,2846.0,-9.42481940144117e-09,2947.0,ASK
1405,1712368166.528603,1790168.43572389,2846.0,-6.623204070601329e-11,2947.0,ASK
1406,1712368166.5307264,1790392.77690074,2846.0,-2.1143750761182394e-09,2947.0,ASK
1407,1712368166.533008,1790488.8807551,2845.0,-9.057614711237651e-10,2947.0,ASK
1408,1712368166.535128,1790494.3989449,2845.0,-5.200794228760973e-11,2947.0,ASK
1409,1712368167.4165118,1790848.20390096,2845.0,-3.3345478142016083e-09,2947.0,ASK
1410,1712368167.430968,1791775.56930026,2845.0,-8.740251407546822e-09,2947.0,ASK
1411,1712368167.433158,1792215.93947599,2845.0,-4.1504093760358925e-09,2947.0,ASK
1412,1712368168.199037,1795740.10709341,2845.0,-3.321464333459261e-08,2947.0,ASK
1413,1712368168.203369,1795868.85779014,2845.0,-1.2134520644887343e-09,2947.0,ASK
1414,1712368168.2068365,1802127.21782577,2845.0,-5.898391308500914e-08,2947.0,ASK
1415,1712368168.2788007,1802433.21782577,2845.0,-2.883994736840998e-09,2947.0,ASK
1416,1712368168.2988577,1802453.1422661,2845.0,-1.8778425178624027e-10,2947.0,ASK
1417,1712368168.3016438,1802806.39393568,2845.0,-3.329333189047976e-09,2947.0,ASK
1418,1712368170.0687635,1802847.27425202,2845.0,3.852895985795256e-10,2947.0,BID
1419,1712368170.1088817,1803256.07224702,2845.0,3.852847274545436e-09,2947.0,BID
1420,1712368170.1131675,1803256.07224702,2845.0,0.0,2947.0,BID
1421,1712368170.3322544,1803958.62253502,2845.0,6.617948088496783e-09,2947.0,BID
1422,1712368170.3686943,1804663.27175902,2845.0,6.637719839678417e-09,2947.0,BID
1423,1712368170.8688164,1805216.71956218,2845.0,5.213418731109932e-09,2947.0,BID
1424,1712368171.1688702,1806313.41287418,2845.0,1.0330732947923428e-08,2947.0,BID
1425,1712368171.188753,1806313.4128751,2845.0,8.667682901896063e-18,2947.0,BID
1426,1712368171.652653,1806320.44028198,2846.0,6.619741635937647e-11,2947.0,BID
1427,1712368176.1889632,1806408.98953794,2845.0,-8.34124459454582e-10,2947.0,ASK
1428,1712368176.1932733,1806413.54550982,2845.0,-4.291676469411456e-11,2947.0,ASK
1429,1712368180.1089134,1806500.65534874,2845.0,-8.20565305880861e-10,2947.0,ASK
1430,1712368180.171069,1806898.46847474,2845.0,3.747356825208899e-09,2947.0,BID
1431,1712368180.208951,1807289.99135636,2846.0,3.688103400250756e-09,2947.0,BID
1432,1712368180.2139273,1807524.72052543,2845.0,2.2111235057398096e-09,2947.0,BID
1433,1712368180.6090324,1807583.31570041,2844.0,-5.51960240963106e-10,2947.0,ASK
1434,1712368180.6216898,1807618.47744444,2844.0,-3.3121984385441886e-10,2947.0,ASK
1435,1712368180.6239707,1807898.90533245,2844.0,-2.6416005190188843e-09,2947.0,ASK
