,time,acc_trade_volume,trade_price,dev,high,ask_bid
0,1712365207.1662426,3793438.6856562,170.9,0.0,171.6,ASK
1,1712365215.9454565,3793922.38109203,170.9,-3.1709497287767e-08,171.6,ASK
2,1712365217.8956482,3794624.97691084,170.9,-4.605989339700152e-08,171.6,ASK
3,1712365219.3754172,3798864.08011084,170.9,-2.7790179825107124e-07,171.6,ASK
4,1712365223.362008,3799448.58303481,171.0,3.831810786165658e-08,171.6,BID
5,1712365226.4058063,3805463.71473168,170.9,-3.943324416534889e-07,171.6,ASK
6,1712365226.4070337,3819449.14594746,170.9,-9.168393173777092e-07,171.6,ASK
7,1712365226.408285,3819783.29457238,170.9,-2.190569546604468e-08,171.6,ASK
8,1712365226.985386,3821215.76677834,170.9,9.390821199658297e-08,171.6,BID
9,1712365227.4454803,3822115.76677834,170.9,5.900106853401202e-08,171.6,BID
10,1712365229.7162597,3836562.07931947,170.9,9.470531958921872e-07,171.6,BID
11,1712365229.7189922,3845555.51315994,171.0,5.89580229308521e-07,171.6,BID
12,1712365230.285019,3845555.51315994,171.0,0.0,171.6,BID
13,1712365230.4055698,3847297.67348941,170.8,-1.1414370115318069e-07,171.6,ASK
14,1712365256.695532,3848030.45259162,170.8,-4.801057482430301e-08,171.6,ASK
15,1712365260.2540216,3848030.45259162,170.8,-0.0,171.6,ASK
16,1712365268.9658606,3848973.03359162,170.8,-6.175476644759137e-08,171.6,ASK
17,1712365290.2218423,3848973.03359162,170.8,-0.0,171.6,ASK
18,1712365299.7955308,3860682.63546515,170.9,7.671660066052765e-07,171.6,BID
19,1712365320.2962654,3860682.63546515,170.9,0.0,171.6,BID
20,1712365322.0054803,3861325.96489756,170.9,4.2142830983588893e-08,171.6,BID
21,1712365322.4855857,3862495.6550671,170.9,7.662334821744875e-08,171.6,BID
22,1712365327.5560966,3866697.34130989,170.8,-2.752414925469586e-07,171.6,ASK
23,1712365327.557458,3866725.2853281,170.8,-1.8305396536993126e-09,171.6,ASK
24,1712365339.8557324,3870070.30116069,170.8,-2.191232512744495e-07,171.6,ASK
25,1712365339.8655417,3870114.5764481,170.8,-2.900358447909554e-09,171.6,ASK
26,1712365340.9455876,3870699.42153287,170.9,3.831167410869386e-08,171.6,BID
27,1712365348.6564257,3890088.79455565,170.9,1.2701471890000331e-06,171.6,BID
28,1712365348.657523,3891138.252395,170.9,6.874724226812554e-08,171.6,BID
29,1712365348.6587718,3898373.21313654,171.0,4.73943383192226e-07,171.6,BID
30,1712365348.6601474,3901063.56441954,171.0,1.762378863674826e-07,171.6,BID
31,1712365348.6615202,3906038.56441954,170.9,3.2589925717820205e-07,171.6,BID
32,1712365348.6628287,3959018.22494273,171.0,3.4705591980021784e-06,171.6,BID
33,1712365350.2883666,3959018.22494273,171.0,0.0,171.6,BID
34,1712365354.18744,3959319.29871322,170.8,-1.970086084073396e-08,171.6,ASK
35,1712365354.1886146,3962244.98624979,170.8,-1.914433227698019e-07,171.6,ASK
36,1712365354.1892326,3975608.13067863,170.7,-8.744217351074105e-07,171.6,ASK
37,1712365354.189847,3981734.26334673,170.8,-4.0086549881007954e-07,171.6,ASK
38,1712365363.205731,4025864.15808357,171.0,2.8876541244750507e-06,171.6,BID
39,1712365370.7955132,4035496.8429206,171.0,6.303178891608861e-07,171.6,BID
40,1712365370.8056016,4051322.54163121,171.1,1.0355597815700769e-06,171.6,BID
41,1712365370.807027,4069940.68691473,171.0,1.2182844382166508e-06,171.6,BID
42,1712365380.2408357,4069940.68691473,171.0,0.0,171.6,BID
43,1712365410.2476668,4069940.68691473,171.0,0.0,171.6,BID
44,1712365418.585634,4089451.71948951,171.1,1.2751285302999903e-06,171.6,BID
45,1712365437.5269325,4091047.64348951,171.0,-1.0430038578380836e-07,171.6,ASK
46,1712365440.3039365,4091047.64348951,171.0,-0.0,171.6,ASK
47,1712365440.9541066,4094719.13384602,171.1,2.3989081234479815e-07,171.6,BID
48,1712365441.7856226,4095782.61689314,171.0,-6.948671719544144e-08,171.6,ASK
49,1712365441.8058493,4096846.90126688,171.0,-6.953907492351097e-08,171.6,ASK
50,1712365443.5157225,4097756.21883669,171.0,-5.94137283009132e-08,171.6,ASK
51,1712365447.0056365,4098088.21883669,171.1,2.169248505780604e-08,171.6,BID
52,1712365447.1056342,4101757.03429869,171.0,-2.397160379195396e-07,171.6,ASK
53,1712365447.1071985,4103528.02097169,171.0,-1.157141624747646e-07,171.6,ASK
54,1712365470.2780838,4103528.02097169,171.0,-0.0,171.6,ASK
55,1712365472.8827145,4107872.61068163,171.0,-2.838307379065032e-07,171.6,ASK
56,1712365472.884539,4112205.04647931,171.0,-2.830367264771841e-07,171.6,ASK
57,1712365472.93634,4113241.65949771,171.0,-6.772161644235176e-08,171.6,ASK
58,1712365475.426092,4115460.46927581,171.0,-1.4495417487901234e-07,171.6,ASK
59,1712365475.685768,4115634.44287581,171.0,-1.1365642917054462e-08,171.6,ASK
60,1712365478.6613624,4118727.55837731,171.0,-2.020723045981011e-07,171.6,ASK
61,1712365480.6257102,4119017.58157916,171.0,-1.894712847169149e-08,171.6,ASK
62,1712365493.4856763,4120441.64457916,171.0,-9.303360710692285e-08,171.6,ASK
63,1712365500.254429,4120441.64457916,171.0,-0.0,171.6,ASK
64,1712365506.0806775,4124224.74258876,171.0,-2.478714766675689e-07,171.6,ASK
65,1712365506.0819633,4128009.49341004,171.0,-2.4797977015371386e-07,171.6,ASK
66,1712365527.7256715,4128723.38862212,171.0,-4.677496061564122e-08,171.6,ASK
67,1712365527.7355962,4129256.16533138,171.0,-3.49079377069381e-08,171.6,ASK
68,1712365528.1955547,4130836.27011839,171.0,-1.0352967484634364e-07,171.6,ASK
69,1712365530.3076675,4130836.27011839,171.0,-0.0,171.6,ASK
70,1712365538.2356606,4132695.38812564,171.0,-1.2179664988506302e-07,171.6,ASK
71,1712365541.865795,4138659.02232256,171.1,3.906963751050098e-07,171.6,BID
72,1712365551.8509772,4139561.86676261,171.0,-5.9148170119721333e-08,171.6,ASK
73,1712365552.0918505,4140302.68799976,171.0,-4.853352207696512e-08,171.6,ASK
74,1712365552.4557366,4140534.97603541,171.0,-1.52179175502902e-08,171.6,ASK
75,1712365552.457064,4141053.23944741,171.0,-3.3953061125475433e-08,171.6,ASK
76,1712365554.6856885,4141187.44166833,171.1,8.792008281052061e-09,171.6,BID
77,1712365560.2917914,4141187.44166833,171.1,0.0,171.6,BID
78,1712365560.4857314,4141487.08377624,171.0,-1.962821710889013e-08,171.6,ASK
79,1712365560.4866574,4143430.80866833,171.0,-1.2732474233366142e-07,171.6,ASK
80,1712365570.5857608,4143630.80866833,171.0,-1.3101107348247204e-08,171.6,ASK
81,1712365570.595889,4143631.16656042,171.0,-2.3443913450174568e-11,171.6,ASK
82,1712365572.2358997,4161240.88386833,171.0,1.1535339841160995e-06,171.6,BID
83,1712365573.1857677,4162139.2552671,171.0,-5.8848300669389785e-08,171.6,ASK
84,1712365575.122665,4164458.4802671,171.0,-1.519220784486992e-07,171.6,ASK
85,1712365577.545812,4166426.2062671,171.0,-1.2889694778967173e-07,171.6,ASK
86,1712365581.765955,4166426.78629441,171.0,-3.799500027776457e-11,171.6,ASK
87,1712365581.76783,4166601.03144192,170.9,-1.1414021912196172e-08,171.6,ASK
88,1712365582.9307292,4169798.81451686,170.9,-2.0947249670599085e-07,171.6,ASK
89,1712365590.229874,4169798.81451686,170.9,-0.0,171.6,ASK
90,1712365599.0558565,4171063.61288039,171.1,8.282475309868715e-08,171.6,BID
91,1712365611.4280624,4171363.21288039,171.0,-1.9619171516886844e-08,171.6,ASK
92,1712365613.5172093,4171421.61688039,171.0,-3.824559723847355e-09,171.6,ASK
93,1712365613.5180483,4171422.01688039,171.0,-2.6193820443675305e-11,171.6,ASK
94,1712365620.3121789,4171422.01688039,171.0,-0.0,171.6,ASK
95,1712365632.595743,4188900.29702728,171.1,1.1445365168245829e-06,171.6,BID
96,1712365640.615796,4188900.37255944,171.0,-4.9460996346678215e-12,171.6,ASK
97,1712365641.3966494,4191822.64023916,170.9,-1.913599074546854e-07,171.6,ASK
98,1712365641.4448223,4192751.08610738,170.9,-6.079775533646897e-08,171.6,ASK
99,1712365644.1660385,4193542.45839337,170.9,-5.1821716559404674e-08,171.6,ASK
100,1712365648.1352546,4196081.85378836,170.9,-1.6628814367296868e-07,171.6,ASK
101,1712365648.1656938,4197122.86765854,170.9,-6.816908637051929e-08,171.6,ASK
102,1712365648.2887728,4199658.88232446,170.9,-1.660667621731008e-07,171.6,ASK
103,1712365650.3067062,4199658.88232446,170.9,-0.0,171.6,ASK
104,1712365651.695795,4199879.90774046,170.9,-1.4468911444659496e-08,171.6,ASK
105,1712365652.261129,4200782.98585867,170.9,-5.9117894930285764e-08,171.6,ASK
106,1712365652.4557984,4201367.14731388,171.0,3.8240762161102935e-08,171.6,BID
107,1712365656.0357344,4204685.13936421,170.9,-2.172045822565104e-07,171.6,ASK
108,1712365656.0801,4207072.56451731,170.9,-1.5628719875810341e-07,171.6,ASK
109,1712365658.8457005,4208924.19325527,170.9,-1.2121254072406072e-07,171.6,ASK
110,1712365658.9259307,4210310.99693454,170.9,-9.078385639821e-08,171.6,ASK
111,1712365671.4158556,4210312.23227717,171.0,8.086881338559357e-11,171.6,BID
112,1712365671.4177244,4210603.39459535,171.0,1.9060259557553693e-08,171.6,BID
113,1712365673.3058505,4212202.51359535,170.9,-1.0468258184611257e-07,171.6,ASK
114,1712365675.3574023,4212875.52459535,170.9,-4.405708961673904e-08,171.6,ASK
115,1712365677.6661994,4214453.54914239,170.9,-1.033016828645309e-07,171.6,ASK
116,1712365677.6682048,4214762.17734553,170.9,-2.020362282937205e-08,171.6,ASK
117,1712365679.995813,4214820.72535489,170.8,-3.8327083736590314e-09,171.6,ASK
118,1712365679.997797,4216116.40818963,170.8,-8.481884362217967e-08,171.6,ASK
119,1712365680.2029476,4216116.40818963,170.8,-0.0,171.6,ASK
120,1712365708.995801,4217551.96364528,170.8,-9.39579780919005e-08,171.6,ASK
121,1712365710.2203133,4217551.96364528,170.8,-0.0,171.6,ASK
122,1712365713.3161204,4218548.19457063,170.9,6.52028738824125e-08,171.6,BID
123,1712365713.318164,4220647.70754107,170.8,1.3741219625165345e-07,171.6,BID
124,1712365713.839739,4220787.90954107,170.9,-9.176158952191004e-09,171.6,ASK
125,1712365716.4467988,4223251.96364528,170.9,-1.612712523854549e-07,171.6,ASK
126,1712365716.4487386,4224147.90954107,170.7,-5.8639263008396294e-08,171.6,ASK
127,1712365740.299985,4224147.90954107,170.7,-0.0,171.6,ASK
128,1712365740.9278786,4229966.62299136,171.0,3.808041391363577e-07,171.6,BID
129,1712365754.3381972,4235785.33644165,171.0,3.808041391364186e-07,171.6,BID
130,1712365761.2307425,4250521.44941811,170.7,-9.644009563553688e-07,171.6,ASK
131,1712365770.3167808,4250521.44941811,170.7,-0.0,171.6,ASK
132,1712365774.2643547,4250532.12490248,170.7,-6.98448264478708e-10,171.6,ASK
133,1712365774.2725916,4250813.43741495,170.7,-1.84049949672072e-08,171.6,ASK
134,1712365780.5462997,4250988.87601144,171.0,1.1478147406613216e-08,171.6,BID
135,1712365788.9909678,4251047.3555436,171.0,3.826049135375253e-09,171.6,BID
136,1712365792.8660128,4251134.47520315,170.7,-5.699842077690612e-09,171.6,ASK
137,1712365800.2882729,4251134.47520315,170.7,-0.0,171.6,ASK
138,1712365815.5784326,4251310.22212757,170.9,1.152570190769368e-08,171.6,BID
139,1712365818.5878966,4251485.96905199,170.9,1.152570190769368e-08,171.6,BID
140,1712365819.3581386,4251661.71597641,170.8,-1.152570190769368e-08,171.6,ASK
141,1712365819.3598957,4254068.65583563,170.8,-1.578501098593645e-07,171.6,ASK
142,1712365824.6017644,4255903.09456741,170.8,-1.2030477381158553e-07,171.6,ASK
143,1712365824.7226572,4257941.02853613,170.8,-1.336502445693565e-07,171.6,ASK
144,1712365824.7238717,4263794.08053613,170.8,-3.838504305262152e-07,171.6,ASK
145,1712365825.476142,4264938.11186928,170.8,-7.50269978406527e-08,171.6,ASK
146,1712365825.5418024,4265631.28641963,170.8,-4.545924922272843e-08,171.6,ASK
147,1712365826.966131,4265807.03334405,170.9,1.152570190769368e-08,171.6,BID
148,1712365828.9160247,4265982.78026847,170.9,1.152570190769368e-08,171.6,BID
149,1712365829.7361238,4267552.05767312,170.8,-1.0291516415538309e-07,171.6,ASK
150,1712365829.738239,4272859.43704564,170.8,-3.48064540876768e-07,171.6,ASK
151,1712365829.8232658,4274282.17078001,170.8,-9.330464797883289e-08,171.6,ASK
152,1712365829.8610046,4277871.64728946,170.8,-2.354023342892027e-07,171.6,ASK
153,1712365829.876001,4281459.55626409,170.8,-2.352995334059657e-07,171.6,ASK
154,1712365829.976088,4282013.20982525,170.8,-3.63092892073436e-08,171.6,ASK
155,1712365829.9787416,4285054.03122112,170.8,-1.994208494914712e-07,171.6,ASK
156,1712365830.0980926,4287207.05322112,170.8,-1.411978608138706e-07,171.6,ASK
157,1712365830.2358086,4287207.05322112,170.8,-0.0,171.6,ASK
158,1712365837.6661298,4287208.51720229,170.8,-9.597092777529115e-11,171.6,ASK
159,1712365837.6673715,4287245.62890229,170.8,2.4328484223859267e-09,171.6,BID
160,1712365846.4461782,4287446.80097735,170.8,1.3187786208530413e-08,171.6,BID
161,1712365846.4480042,4287538.36894912,170.8,6.0027160076093e-09,171.6,BID
162,1712365848.9361703,4287626.08824736,170.7,-5.7504171550778715e-09,171.6,ASK
163,1712365853.336399,4298223.15813346,170.7,-6.946883261652056e-07,171.6,ASK
164,1712365854.1260085,4298340.25415219,170.8,7.676200886309358e-09,171.6,BID
165,1712365854.9060943,4298428.07616624,170.8,5.75715066488465e-09,171.6,BID
166,1712365858.4478774,4300817.0873584,170.8,1.5661104476142494e-07,171.6,BID
167,1712365860.2987268,4300817.0873584,170.8,0.0,171.6,BID
168,1712365860.6698315,4303618.19188121,170.8,-1.8359775705683019e-07,171.6,ASK
169,1712365860.676004,4308843.09778313,170.8,-3.4246526561722105e-07,171.6,ASK
170,1712365867.5410612,4310013.47278298,170.8,-7.671196241986175e-08,171.6,ASK
171,1712365870.8361022,4314701.32978113,170.8,3.072645177125785e-07,171.6,BID
172,1712365875.5360663,4315704.50278113,170.8,-6.575274547603218e-08,171.6,ASK
173,1712365877.9661484,4318483.63878113,170.8,-1.8215783523998174e-07,171.6,ASK
174,1712365881.1161776,4320579.62698113,170.8,-1.3738106850491418e-07,171.6,ASK
175,1712365882.2060115,4326432.01898113,170.8,-3.835936987955281e-07,171.6,ASK
176,1712365882.9918652,4342869.86414533,170.8,-1.0774148120569816e-06,171.6,ASK
177,1712365884.0860398,4348721.48814533,170.8,-3.8354336041068733e-07,171.6,ASK
178,1712365890.282283,4348721.48814533,170.8,-0.0,171.6,ASK
179,1712365896.0961506,4349411.26144533,170.8,-4.518680030096608e-08,171.6,ASK
180,1712365898.0312438,4349527.43644533,170.8,-7.610582382578113e-09,171.6,ASK
181,1712365899.7161863,4353527.43644533,170.9,2.620385584709384e-07,171.6,BID
182,1712365907.6461284,4353852.84080962,170.8,-2.1317122634657307e-08,171.6,ASK
183,1712365913.6302488,4354693.14859323,170.8,-5.50482600722807e-08,171.6,ASK
184,1712365920.2233143,4354693.14859323,170.8,-0.0,171.6,ASK
185,1712365928.510754,4355279.05544101,170.8,-3.837998099956999e-08,171.6,ASK
186,1712365929.0188105,4359550.15468288,170.8,-2.797794706982471e-07,171.6,ASK
187,1712365944.5259013,4363098.90968288,170.8,-2.3246212258531282e-07,171.6,ASK
188,1712365944.806199,4368950.28475602,170.9,3.832958515154904e-07,171.6,BID
189,1712365946.476025,4368979.5646155,170.9,1.9179848380135755e-09,171.6,BID
190,1712365950.2149348,4368979.5646155,170.9,0.0,171.6,BID
191,1712365958.2965128,4369076.00466108,170.9,6.316320510574181e-09,171.6,BID
192,1712365959.2661028,4370419.04910785,170.8,-8.796241369131567e-08,171.6,ASK
193,1712365964.1859384,4371753.09226706,170.9,8.737287625498726e-08,171.6,BID
194,1712365965.0473266,4372688.2578637,170.8,-6.124847415100516e-08,171.6,ASK
195,1712365971.4761157,4373565.96412467,170.9,5.748518704099015e-08,171.6,BID
196,1712365971.7560933,4382338.63820307,170.9,5.745644444750595e-07,171.6,BID
197,1712365973.9859765,4383576.57855507,170.8,-8.107864310058709e-08,171.6,ASK
198,1712365974.486987,4384884.92205228,170.8,-8.568968229517165e-08,171.6,ASK
199,1712365976.6158648,4385673.09230036,170.8,-5.162104470003404e-08,171.6,ASK
200,1712365976.695961,4386951.64251769,170.8,-8.373837769286462e-08,171.6,ASK
201,1712365980.2958164,4386951.64251769,170.8,-0.0,171.6,ASK
202,1712365987.7660773,4395489.74811898,170.8,-5.590889888539652e-07,171.6,ASK
203,1712366010.3010683,4395489.74811898,170.8,-0.0,171.6,ASK
204,1712366010.7660933,4401338.19750458,170.9,3.829293750223077e-07,171.6,BID
205,1712366014.9053504,4402499.82850885,170.9,7.605821733995618e-08,171.6,BID
206,1712366022.1464252,4403777.40754985,170.8,-8.364995769923095e-08,171.6,ASK
207,1712366038.2362368,4404067.05061597,170.9,1.8964486306761912e-08,171.6,BID
208,1712366038.482097,4404127.05061597,170.9,3.928522072518663e-09,171.6,BID
209,1712366040.226441,4404127.05061597,170.9,0.0,171.6,BID
210,1712366044.466324,4404308.06841597,170.8,-1.1851061750774356e-08,171.6,ASK
211,1712366052.8159635,4421841.67449428,170.8,-1.1479083733660618e-06,171.6,ASK
212,1712366065.1059518,4425768.3268875,170.8,-2.570741661095644e-07,171.6,ASK
213,1712366070.2382216,4425768.3268875,170.8,-0.0,171.6,ASK
214,1712366070.497043,4427524.55275057,170.9,1.1495060535670653e-07,171.6,BID
215,1712366071.1161916,4452574.98145057,170.8,-1.6396307582419843e-06,171.6,ASK
216,1712366076.236382,4457874.95804506,170.9,3.469004361705152e-07,171.6,BID
217,1712366076.3160243,4458167.38051434,170.9,1.9139986815160345e-08,171.6,BID
218,1712366081.396229,4461657.00551434,170.8,-2.284071284069552e-07,171.6,ASK
219,1712366081.4398386,4463717.06968939,170.9,1.3483779562485213e-07,171.6,BID
220,1712366081.6192951,4466328.37454603,170.9,1.70918263051225e-07,171.6,BID
221,1712366087.5080798,4466913.8546397,170.8,-3.832154656578216e-08,171.6,ASK
222,1712366087.5093658,4472656.55324558,170.8,-3.758780092060631e-07,171.6,ASK
223,1712366087.7774243,4489676.16514743,170.9,1.1139880878611586e-06,171.6,BID
224,1712366087.7858586,4529672.06827579,170.9,2.617859908039213e-06,171.6,BID
225,1712366087.896345,4529782.29027579,170.9,-7.214382779607186e-09,171.6,ASK
226,1712366089.147883,4529783.16237372,170.9,-5.708160156668992e-11,171.6,ASK
227,1712366091.1191945,4530719.52890762,170.8,-6.128818745412827e-08,171.6,ASK
228,1712366091.1204803,4531605.0654791,170.8,-5.7961203679750896e-08,171.6,ASK
229,1712366092.9661925,4535101.0774791,170.8,-2.288251780051667e-07,171.6,ASK
230,1712366093.526191,4535393.64623275,170.9,1.9149561595556103e-08,171.6,BID
231,1712366094.6661646,4536077.08061275,170.9,4.473296821013132e-08,171.6,BID
232,1712366094.668542,4536369.30873317,170.9,1.912726606008478e-08,171.6,BID
233,1712366094.6761262,4541122.35129853,171.0,3.111018529354427e-07,171.6,BID
234,1712366100.2859435,4541122.35129853,171.0,0.0,171.6,BID
235,1712366106.176087,4545527.3952329,170.8,-2.891969728478032e-07,171.6,ASK
236,1712366106.1789331,4547130.15129853,170.8,-1.0522306004196588e-07,171.6,ASK
237,1712366107.2359931,4604199.66218381,170.9,3.74668903098842e-06,171.6,BID
238,1712366108.966171,4604270.90118381,170.8,-4.6769347719721515e-09,171.6,ASK
239,1712366118.186284,4605835.31770134,170.8,-1.027060178929493e-07,171.6,ASK
240,1712366122.986137,4606588.58411534,170.8,-4.94529384774558e-08,171.6,ASK
241,1712366126.256299,4609473.42790433,170.8,-1.893938183919354e-07,171.6,ASK
242,1712366126.3161228,4612357.67952461,170.8,-1.8935494173123578e-07,171.6,ASK
243,1712366130.2179303,4612357.67952461,170.8,-0.0,171.6,ASK
244,1712366145.5762072,4614189.23652461,170.8,-1.2014812779030356e-07,171.6,ASK
245,1712366159.927879,4614669.93652461,170.8,-3.1533392096899174e-08,171.6,ASK
246,1712366159.9373376,4614709.93652461,170.8,-2.6239560721353822e-09,171.6,ASK
247,1712366160.326825,4614709.93652461,170.8,-0.0,171.6,ASK
248,1712366167.1362846,4617564.99972469,170.8,-1.8728407456242241e-07,171.6,ASK
249,1712366167.146083,4617669.48722461,170.8,-6.854084604942804e-09,171.6,ASK
250,1712366171.5561247,4618638.94009788,170.8,-6.359336780957474e-08,171.6,ASK
251,1712366171.635955,4619615.65412149,170.8,-6.40696787443906e-08,171.6,ASK
252,1712366175.700389,4620565.90251964,170.8,-6.233360853337874e-08,171.6,ASK
253,1712366175.8359573,4621480.94871499,170.8,-6.002444354762733e-08,171.6,ASK
254,1712366175.896021,4622199.6681996,170.8,-4.7145966345444514e-08,171.6,ASK
255,1712366175.936262,4622921.68402723,170.8,-4.7362197128752136e-08,171.6,ASK
256,1712366182.1062918,4624053.84269453,170.8,-7.426640792300409e-08,171.6,ASK
257,1712366182.125915,4624868.14555606,170.8,-5.341596565386084e-08,171.6,ASK
258,1712366184.1961772,4626121.29742435,170.8,-8.220321985599151e-08,171.6,ASK
259,1712366187.226828,4626825.62128903,170.8,-4.620165437496919e-08,171.6,ASK
260,1712366188.5859168,4627953.36775078,170.8,-7.397697971238973e-08,171.6,ASK
261,1712366188.6340208,4629080.05350877,170.8,-7.390740054437924e-08,171.6,ASK
262,1712366190.096278,4632171.62250877,170.8,-2.0279818642708441e-07,171.6,ASK
263,1712366190.13805,4645145.68935477,170.8,-8.510621069600758e-07,171.6,ASK
264,1712366190.2860467,4645145.68935477,170.8,-0.0,171.6,ASK
265,1712366191.4962015,4646273.43581652,170.8,-7.39517620071534e-08,171.6,ASK
266,1712366191.515911,4647400.12157451,170.8,-7.388220655769638e-08,171.6,ASK
267,1712366191.7659776,4648237.75597754,170.8,-5.4927718350615183e-08,171.6,ASK
268,1712366191.8260012,4649014.8635094,170.8,-5.095868016368229e-08,171.6,ASK
269,1712366191.8461993,4650001.04202952,170.8,-6.466847087535265e-08,171.6,ASK
270,1712366191.859991,4650777.41865164,170.8,-5.0910750895112144e-08,171.6,ASK
271,1712366192.0860398,4652929.96565164,170.8,-1.4115286445336586e-07,171.6,ASK
272,1712366192.1060967,4654615.98355164,170.8,-1.1056030651352545e-07,171.6,ASK
273,1712366194.395954,4666044.55498021,170.9,7.4942642077179e-07,171.6,BID
274,1712366194.736219,4672603.77133788,170.8,-4.301193783247271e-07,171.6,ASK
275,1712366197.3462276,4673943.7995092,170.8,-8.787209516454055e-08,171.6,ASK
276,1712366197.5660462,4674781.02036157,170.8,-5.4900599843846665e-08,171.6,ASK
277,1712366198.1461558,4675731.26875972,170.8,-6.231235988862592e-08,171.6,ASK
278,1712366198.2285876,4676682.90917353,170.8,-6.240364105352833e-08,171.6,ASK
279,1712366199.876225,4677661.17461,170.8,-6.414957190415725e-08,171.6,ASK
280,1712366199.8792157,4681188.20847826,170.8,-2.312845821852234e-07,171.6,ASK
281,1712366208.2002082,4685460.77491944,170.9,2.801727403583273e-07,171.6,BID
282,1712366208.3524234,4685682.62188007,170.8,-1.4547572695623028e-08,171.6,ASK
283,1712366208.4062834,4685899.50025304,170.8,1.4221758494804446e-08,171.6,BID
284,1712366212.4460745,4685908.32591944,170.8,5.787414133229182e-10,171.6,BID
285,1712366215.3390305,4687807.92461454,170.8,-1.245658269600458e-07,171.6,ASK
286,1712366215.3415694,4689735.58124284,170.8,-1.2640572064957373e-07,171.6,ASK
287,1712366215.6415403,4695494.59424284,170.8,-3.7764619372978427e-07,171.6,ASK
288,1712366216.6360002,4697321.83672495,170.8,-1.198210819093732e-07,171.6,ASK
289,1712366217.4305866,4698921.70296545,170.8,-1.0491092765399265e-07,171.6,ASK
290,1712366217.434134,4700520.06444917,170.8,-1.0481225351135169e-07,171.6,ASK
291,1712366217.5305223,4702002.27334709,170.7,-9.719556955540873e-08,171.6,ASK
292,1712366220.2359982,4702002.27334709,170.7,-0.0,171.6,ASK
293,1712366227.0059578,4702178.02027151,170.9,1.1517236202083328e-08,171.6,BID
294,1712366231.6366649,4706508.35347151,170.9,-2.837800460107643e-07,171.6,ASK
295,1712366236.1166456,4706658.8037639,171.0,9.859470143479832e-09,171.6,BID
296,1712366250.250035,4706658.8037639,171.0,0.0,171.6,BID
297,1712366251.1161108,4709323.6291625,171.0,1.7462509292950193e-07,171.6,BID
298,1712366255.1438236,4709539.20169615,170.9,-1.4126394075017728e-08,171.6,ASK
299,1712366255.146845,4709726.3401625,170.9,-1.2263119412697918e-08,171.6,ASK
300,1712366271.3360572,4709726.34093213,170.9,-5.0433594392977455e-14,171.6,ASK
301,1712366272.8863337,4709887.28645842,170.9,1.0546705048557428e-08,171.6,BID
302,1712366272.889701,4710258.51282541,171.1,2.432633630241461e-08,171.6,BID
303,1712366272.8924508,4712650.19456906,171.0,1.5672608305298073e-07,171.6,BID
304,1712366280.3207774,4712650.19456906,171.0,0.0,171.6,BID
305,1712366282.8861876,4713650.19456906,170.7,-6.552525738879157e-08,171.6,ASK
306,1712366282.8895602,4717650.19456906,170.7,-2.621010295551663e-07,171.6,ASK
307,1712366294.9564574,4719249.7615673,170.9,1.0481203927032797e-07,171.6,BID
308,1712366304.9561963,4719834.89907461,170.9,3.8341285774332646e-08,171.6,BID
309,1712366310.3395696,4719834.89907461,170.9,0.0,171.6,BID
310,1712366314.7674885,4720419.74415938,170.9,3.831904421691337e-08,171.6,BID
311,1712366322.8960693,4720712.31291303,170.9,1.9169101869143604e-08,171.6,BID
312,1712366324.9661655,4727479.55545252,170.9,4.433896648022869e-07,171.6,BID
313,1712366340.2434185,4727479.55545252,170.9,0.0,171.6,BID
314,1712366344.046158,4729237.0246968,170.8,-1.151395117005943e-07,171.6,ASK
315,1712366344.0488014,4729673.72802611,170.8,-2.8610348806052072e-08,171.6,ASK
316,1712366352.616272,4731188.66651467,170.7,-9.925025908529152e-08,171.6,ASK
317,1712366352.6197,4733269.68135572,170.7,-1.3633640157296732e-07,171.6,ASK
318,1712366352.622803,4735173.72802611,170.8,-1.2474244121045813e-07,171.6,ASK
319,1712366361.5559433,4735232.24177684,170.9,3.833492226825558e-09,171.6,BID
320,1712366362.9462574,4735524.98182367,170.8,-1.9178683300950903e-08,171.6,ASK
321,1712366363.3260083,4736110.46191734,170.8,3.8357366602572973e-08,171.6,BID
322,1712366368.566114,4736695.94201101,170.8,3.8357366602572973e-08,171.6,BID
323,1712366370.229283,4736695.94201101,170.8,0.0,171.6,BID
324,1712366377.0862222,4745724.957948,170.8,5.914694160474963e-07,171.6,BID
325,1712366387.5664213,4746485.2565582,170.8,4.980535842832068e-08,171.6,BID
326,1712366387.6060731,4747070.73665187,170.8,3.835341210239437e-08,171.6,BID
327,1712366388.0260367,4752981.13477833,170.8,3.871761610413793e-07,171.6,BID
328,1712366392.593463,4753010.40878301,170.8,1.917670604897037e-09,171.6,BID
329,1712366393.4461708,4753595.59613663,170.8,3.8334235396089775e-08,171.6,BID
330,1712366400.2711897,4753595.59613663,170.8,0.0,171.6,BID
331,1712366401.386206,4754771.40752835,170.8,7.734538923245557e-08,171.6,BID
332,1712366403.6362453,4758783.99140034,170.8,2.639495276132378e-07,171.6,BID
333,1712366411.3664582,4759188.22136966,170.8,2.6590424737076412e-08,171.6,BID
334,1712366413.816254,4759401.34417667,170.7,-1.4019311752299813e-08,171.6,ASK
335,1712366414.4228854,4759869.73996121,170.8,3.081128021483384e-08,171.6,BID
336,1712366415.341944,4766946.22451239,170.8,4.654942585711662e-07,171.6,BID
337,1712366415.346001,4767992.95873821,170.8,6.885463662713727e-08,171.6,BID
338,1712366415.356431,4767992.95873873,170.8,3.424590943401516e-17,171.6,BID
339,1712366420.3160646,4768870.22614657,170.9,5.770703498717896e-08,171.6,BID
340,1712366428.9164536,4792730.68912748,170.9,1.5695517236183051e-06,171.6,BID
341,1712366430.2459016,4792730.68912748,170.9,0.0,171.6,BID
342,1712366433.316074,4909623.67622082,170.9,7.685891293774878e-06,171.6,BID
343,1712366446.8061535,4910208.81372813,170.9,3.8473679088249846e-08,171.6,BID
344,1712366448.3758628,4911538.96090745,170.8,-8.745919562144169e-08,171.6,ASK
345,1712366454.0254245,4912708.0662319,170.9,7.687044927272314e-08,171.6,BID
346,1712366460.2893355,4912708.0662319,170.9,0.0,171.6,BID
347,1712366474.4056015,4916743.49731682,170.9,2.649784820327924e-07,171.6,BID
348,1712366476.175537,4916780.84777815,170.8,-2.4525430711735142e-09,171.6,ASK
349,1712366479.325518,4918321.66111928,170.9,1.0117441523270565e-07,171.6,BID
350,1712366480.5802448,4920076.19593496,170.9,1.152080068644354e-07,171.6,BID
351,1712366490.2920918,4920076.19593496,170.9,0.0,171.6,BID
352,1712366492.1056993,4920176.19593496,170.9,6.565756394482525e-09,171.6,BID
353,1712366508.3755558,4923676.19593496,170.8,-2.298014738068885e-07,171.6,ASK
354,1712366520.2521873,4923676.19593496,170.8,-0.0,171.6,ASK
355,1712366531.8254528,4924261.33344227,170.9,3.8417152318561926e-08,171.6,BID
356,1712366534.965983,4924655.29141137,170.8,-2.5865276310192967e-08,171.6,ASK
357,1712366544.8655183,4924809.37274554,170.8,-1.0116196638061276e-08,171.6,ASK
358,1712366550.2102993,4924809.37274554,170.8,-0.0,171.6,ASK
359,1712366551.385682,4926837.7342759,170.8,-1.331702076995454e-07,171.6,ASK
360,1712366555.852899,4927980.78561054,170.8,-7.504598236895606e-08,171.6,ASK
361,1712366569.25596,4930906.47314711,170.9,1.9208331999863578e-07,171.6,BID
362,1712366575.6056142,4936406.47314711,170.8,-3.610974332655404e-07,171.6,ASK
363,1712366575.607719,4942843.82824004,170.8,-4.226386183774109e-07,171.6,ASK
364,1712366575.609656,4942902.3762494,170.8,-3.843915618686971e-09,171.6,ASK
365,1712366575.6122444,4948560.0777682,170.8,-3.714511812038672e-07,171.6,ASK
366,1712366580.306521,4948560.0777682,170.8,-0.0,171.6,ASK
367,1712366585.9322312,4953243.91851761,170.8,3.074313643031441e-07,171.6,BID
368,1712366601.7254834,4953288.37296774,170.8,2.917838795947423e-09,171.6,BID
369,1712366601.7288172,4956169.85601724,170.8,1.891307396042415e-07,171.6,BID
370,1712366603.0156488,4956249.49836836,170.7,-5.227452847142167e-09,171.6,ASK
371,1712366603.019494,4958669.85601724,170.7,-1.5886403784982e-07,171.6,ASK
372,1712366608.8156557,4958764.07476786,170.8,6.184198096292442e-09,171.6,BID
373,1712366610.290861,4958764.07476786,170.8,0.0,171.6,BID
374,1712366640.2633576,4958764.07476786,170.8,0.0,171.6,BID
375,1712366654.0156302,4959064.07476786,170.8,-1.9688726929326675e-08,171.6,ASK
376,1712366654.019552,4960664.65956384,170.8,-1.0504492325098778e-07,171.6,ASK
377,1712366670.2421684,4960664.65956384,170.8,-0.0,171.6,ASK
378,1712366674.3562715,4961249.79707115,170.9,3.840122387256604e-08,171.6,BID
379,1712366692.7955632,4963589.17741023,170.9,1.5352813142541676e-07,171.6,BID
380,1712366694.5058396,4963794.30960536,170.8,-1.3462352438971294e-08,171.6,ASK
381,1712366694.5078132,4966044.31817023,170.8,-1.4766286818988828e-07,171.6,ASK
382,1712366698.8754387,4966629.163255,170.9,3.838203285632363e-08,171.6,BID
383,1712366700.3327906,4966629.163255,170.9,0.0,171.6,BID
384,1712366706.465582,4967011.89757537,170.9,2.5245401989511765e-08,171.6,BID
385,1712366716.605601,4984083.52425764,170.9,1.1260554783579578e-06,171.6,BID
386,1712366717.79555,4989931.97949462,170.9,3.857678698171094e-07,171.6,BID
387,1712366730.326856,4989931.97949462,170.9,0.0,171.6,BID
388,1712366760.2310648,4989931.97949462,170.9,0.0,171.6,BID
389,1712366765.086038,4992863.51840626,170.9,1.9331541143976144e-07,171.6,BID
390,1712366785.7101223,4994555.93879026,170.8,-1.1160382062914921e-07,171.6,ASK
391,1712366790.2548685,4994555.93879026,170.8,-0.0,171.6,ASK
392,1712366811.0361748,4994641.35229026,170.8,-5.6321564144769294e-09,171.6,ASK
393,1712366818.610442,4997906.08204212,170.8,-2.152759061918895e-07,171.6,ASK
394,1712366819.485957,4998445.24084212,170.8,-3.5552069565650454e-08,171.6,ASK
395,1712366820.3294723,4998445.24084212,170.8,-0.0,171.6,ASK
396,1712366836.1161728,5005226.20647582,170.8,-4.471165125906881e-07,171.6,ASK
397,1712366836.1193323,5032248.11276651,170.8,-1.7817433617713138e-06,171.6,ASK
398,1712366836.1224256,5032833.59286018,170.8,-3.860479934775506e-08,171.6,ASK
399,1712366850.2962852,5032833.59286018,170.8,-0.0,171.6,ASK
400,1712366853.626651,5049862.23296225,170.8,-1.122382716499049e-06,171.6,ASK
401,1712366853.630599,5050027.76886921,170.8,-1.0910715113980424e-08,171.6,ASK
402,1712366864.506482,5065780.31254153,170.8,-1.0382733238080957e-06,171.6,ASK
403,1712366864.5104997,5067099.39555178,170.8,-8.694270144055544e-08,171.6,ASK
404,1712366865.3060863,5067420.71434569,170.8,-2.117859433335761e-08,171.6,ASK
405,1712366865.3080812,5071950.5803972,170.8,-2.985701344203405e-07,171.6,ASK
406,1712366865.4262042,5075178.42099435,170.8,2.127517215784411e-07,171.6,BID
407,1712366880.235544,5075178.42099435,170.8,0.0,171.6,BID
408,1712366886.355984,5084293.57156081,170.8,6.00506717031316e-07,171.6,BID
409,1712366899.5759814,5084468.61538788,170.8,-1.1531898805613854e-08,171.6,ASK
410,1712366910.2718933,5084468.61538788,170.8,-0.0,171.6,ASK
411,1712366911.8859684,5085607.44324259,170.8,-7.50182116268313e-08,171.6,ASK
412,1712366911.8891308,5092661.98750365,170.8,-4.6470525999026483e-07,171.6,ASK
413,1712366921.2607503,5093313.65806439,170.8,-4.292761178468552e-08,171.6,ASK
414,1712366939.2659912,5093901.39228388,170.9,3.8715921704700375e-08,171.6,BID
415,1712366939.7365627,5099614.04532504,170.8,-3.763106188701588e-07,171.6,ASK
416,1712366939.740855,5125339.49289216,170.8,-1.6946170238144754e-06,171.6,ASK
417,1712366940.0372877,5134112.16916373,170.8,5.778840782236338e-07,171.6,BID
418,1712366940.2747812,5134112.16916373,170.8,0.0,171.6,BID
419,1712366946.536064,5151628.25304216,170.8,1.1531960183497676e-06,171.6,BID
420,1712366970.0661433,5154615.42456178,170.8,1.9666463842389682e-07,171.6,BID
421,1712366970.3216455,5154615.42456178,170.8,0.0,171.6,BID
422,1712366972.035864,5160455.69973742,170.8,3.844141014279101e-07,171.6,BID
423,1712366972.836614,5160492.62011212,170.8,2.4301445116540143e-09,171.6,BID
424,1712366976.6759562,5160658.7530161,170.8,1.0935072249247854e-08,171.6,BID
425,1712366976.6958103,5161214.97373478,170.8,3.661113241012568e-08,171.6,BID
426,1712366981.7160883,5165763.73565358,170.8,2.994051090123939e-07,171.6,BID
427,1712367000.2827182,5165763.73565358,170.8,0.0,171.6,BID
428,1712367023.535893,5169163.73565358,170.8,2.242002810437221e-07,171.6,BID
429,1712367030.2638052,5169163.73565358,170.8,0.0,171.6,BID
430,1712367033.9959593,5169339.10565358,170.8,1.1563675801168834e-08,171.6,BID
431,1712367036.3859625,5171436.57890551,170.8,1.383047310652944e-07,171.6,BID
432,1712367047.1562529,5172036.57890551,170.8,3.9563240466994806e-08,171.6,BID
433,1712367050.254523,5172114.43810237,170.8,5.1339368799214095e-09,171.6,BID
434,1712367060.3169937,5172114.43810237,170.8,0.0,171.6,BID
435,1712367063.2659514,5174256.5370485,170.8,1.412425991036657e-07,171.6,BID
436,1712367071.9959378,5174347.9370485,170.7,-6.02660002305271e-09,171.6,ASK
437,1712367075.7562854,5176685.21940795,170.7,-1.5411231861356442e-07,171.6,ASK
438,1712367083.950045,5178021.49402652,170.7,-8.810932874234208e-08,171.6,ASK
439,1712367083.9520214,5185919.04943382,170.7,-5.207375010886018e-07,171.6,ASK
440,1712367084.8059323,5186506.52501687,170.8,3.8736108997155526e-08,171.6,BID
441,1712367085.6157131,5191506.52501687,170.8,3.296827146076667e-07,171.6,BID
442,1712367085.6558597,5191626.42507565,170.7,-7.905795372032971e-09,171.6,ASK
443,1712367090.320065,5191626.42507565,170.7,-0.0,171.6,ASK
444,1712367093.4719577,5193960.14736269,170.7,-1.5384378556543629e-07,171.6,ASK
445,1712367098.0264716,5194000.14744309,170.8,2.6368877846822675e-09,171.6,BID
446,1712367098.0306134,5199000.14744309,170.8,3.29610310575026e-07,171.6,BID
447,1712367098.0339575,5230445.03357637,170.8,2.072911736877388e-06,171.6,BID
448,1712367098.037259,5231730.08030631,170.8,8.47129303517883e-08,171.6,BID
449,1712367098.0405796,5233422.7403582,170.8,1.1158364108026189e-07,171.6,BID
450,1712367098.0431333,5237961.21957318,170.9,2.991859087175892e-07,171.6,BID
451,1712367100.47604,5259592.09664925,170.7,-1.4259520222107168e-06,171.6,ASK
452,1712367100.480466,5267511.30282811,170.7,-5.220504016243292e-07,171.6,ASK
453,1712367100.4847465,5267930.41957318,170.7,-2.7629040101979883e-08,171.6,ASK
454,1712367120.2557902,5267930.41957318,170.7,-0.0,171.6,ASK
455,1712367121.0159376,5269681.03051697,170.9,1.153048420019227e-07,171.6,BID
456,1712367136.795861,5270266.51061064,170.8,-3.856293137855139e-08,171.6,ASK
457,1712367136.8057828,5273081.03051697,170.7,-1.853797237255493e-07,171.6,ASK
458,1712367150.255529,5273081.03051697,170.7,-0.0,171.6,ASK
459,1712367153.545756,5284777.93513955,170.9,7.703776840049594e-07,171.6,BID
460,1712367163.070748,5286415.50096751,170.9,1.0785282180674486e-07,171.6,BID
461,1712367168.0860217,5289044.38547201,170.8,1.7314272634005804e-07,171.6,BID
462,1712367173.456031,5292235.34940201,170.7,-2.10162216539899e-07,171.6,ASK
463,1712367180.3158467,5292235.34940201,170.7,-0.0,171.6,ASK
464,1712367201.2058446,5292822.82498506,170.7,-3.868378578354189e-08,171.6,ASK
465,1712367202.76578,5298322.82498506,170.7,-3.621611313700586e-07,171.6,ASK
466,1712367208.3759098,5302880.38046606,170.7,-3.001035362328592e-07,171.6,ASK
467,1712367210.3211184,5302880.38046606,170.7,-0.0,171.6,ASK
468,1712367210.5975983,5304344.93816964,170.7,-9.6425894255754e-08,171.6,ASK
469,1712367236.4457197,5322474.09214099,170.7,-1.1936162566451778e-06,171.6,ASK
470,1712367240.2744126,5322474.09214099,170.7,-0.0,171.6,ASK
471,1712367249.8561783,5365190.11762154,170.7,-2.811786872618101e-06,171.6,ASK
472,1712367259.9561608,5376308.6773405,170.8,7.318803635986045e-07,171.6,BID
473,1712367261.355834,5381474.84830068,170.8,3.400637471327469e-07,171.6,BID
474,1712367269.1058507,5383722.2483268,170.7,-1.479353432318711e-07,171.6,ASK
475,1712367270.259754,5383722.2483268,170.7,-0.0,171.6,ASK
476,1712367291.1058564,5385185.94856099,170.8,9.628194987013516e-08,171.6,BID
477,1712367291.255834,5385537.44240985,170.7,-2.312120497422092e-08,171.6,ASK
478,1712367298.4461043,5386707.8171171,170.8,7.698704711557805e-08,171.6,BID
479,1712367300.3462107,5386707.8171171,170.8,0.0,171.6,BID
480,1712367316.5358524,5388121.34976866,170.7,-9.3552660744943e-08,171.6,ASK
481,1712367330.3152366,5388121.34976866,170.7,-0.0,171.6,ASK
482,1712367331.4158623,5389519.93656561,170.7,-9.256201231763817e-08,171.6,ASK
483,1712367331.4195218,5395463.4888686,170.7,-3.933593272007097e-07,171.6,ASK
484,1712367331.6760094,5398374.77107,170.8,1.926760209476063e-07,171.6,BID
485,1712367335.7161045,5401889.70955858,170.7,-2.326275211415637e-07,171.6,ASK
486,1712367341.2159011,5402016.58205858,170.7,-8.396743007545115e-09,171.6,ASK
487,1712367350.4058466,5407790.70250846,170.7,-3.821458985391704e-07,171.6,ASK
488,1712367359.7458708,5410675.8727335,170.7,-1.909478642949473e-07,171.6,ASK
489,1712367360.225379,5410675.8727335,170.7,-0.0,171.6,ASK
490,1712367365.6485493,5410739.3089835,170.7,-4.1973019230491435e-09,171.6,ASK
491,1712367382.9956615,5412218.13719675,170.7,-9.78476581340976e-08,171.6,ASK
492,1712367387.619196,5414558.88719645,170.8,1.5487728979998464e-07,171.6,BID
493,1712367390.2320654,5414558.88719645,170.8,0.0,171.6,BID
494,1712367394.6762984,5414734.44344642,170.8,1.1615287147321849e-08,171.6,BID
495,1712367409.5456028,5415319.63080004,170.8,3.8717614146011175e-08,171.6,BID
496,1712367411.5358453,5418485.26109964,170.8,2.0944685784914309e-07,171.6,BID
497,1712367412.4156785,5419070.74119331,170.8,3.8736982637524244e-08,171.6,BID
498,1712367420.2937355,5419070.74119331,170.8,0.0,171.6,BID
499,1712367424.5059676,5421525.39412131,170.8,1.623983479856243e-07,171.6,BID
500,1712367424.5120156,5633936.05055396,170.9,1.4052960117387736e-05,171.6,BID
501,1712367424.516883,5654587.85683092,170.8,1.3663109696860323e-06,171.6,BID
502,1712367424.605616,5659279.61760107,170.9,3.104040451197485e-07,171.6,BID
503,1712367424.6079,5673207.85683092,170.9,9.214838543874366e-07,171.6,BID
504,1712367432.175881,5673383.31031248,170.9,1.1607895857128336e-08,171.6,BID
505,1712367436.131612,5674417.82523758,170.9,6.844287959667887e-08,171.6,BID
506,1712367440.5059464,5676413.06902558,170.9,1.320041180990506e-07,171.6,BID
507,1712367446.895751,5676693.86484768,170.9,1.8577281174913768e-08,171.6,BID
508,1712367450.3062744,5676693.86484768,170.9,0.0,171.6,BID
509,1712367453.3858922,5679687.04310781,170.9,1.9745173962050057e-07,171.6,BID
510,1712367457.969071,5680738.25536008,170.9,6.934558181373606e-08,171.6,BID
511,1712367480.247696,5680738.25536008,170.9,0.0,171.6,BID
512,1712367482.304701,5739222.76383726,170.9,3.857886309278799e-06,171.6,BID
513,1712367506.1406505,5745071.21468497,170.9,3.8578863092732084e-07,171.6,BID
514,1712367510.2541697,5745071.21468497,170.9,0.0,171.6,BID
515,1712367513.1861966,5746229.78694945,170.9,7.636895586743074e-08,171.6,BID
516,1712367514.3757434,5746293.22319945,170.8,-4.1814915868350275e-09,171.6,ASK
517,1712367516.9258132,5746585.64574183,170.9,1.9275452139031952e-08,171.6,BID
518,1712367518.3771894,5747171.46882326,170.8,-3.861537033420869e-08,171.6,ASK
519,1712367519.2758744,5748277.77199161,170.8,-7.292356327691222e-08,171.6,ASK
520,1712367519.280831,5755274.45672326,170.8,-4.611965294451043e-07,171.6,ASK
521,1712367540.3290246,5755274.45672326,170.8,-0.0,171.6,ASK
522,1712367570.289745,5755274.45672326,170.8,-0.0,171.6,ASK
523,1712367577.305862,5758230.91880819,170.9,1.948570614658889e-07,171.6,BID
524,1712367591.006058,5762508.43481905,170.9,2.819262267891022e-07,171.6,BID
525,1712367599.255775,5763093.57232636,170.9,3.8565749180109286e-08,171.6,BID
526,1712367600.261154,5763093.57232636,170.9,0.0,171.6,BID
527,1712367602.5260153,5764275.74719454,170.7,-7.82039294142513e-08,171.6,ASK
528,1712367602.528768,5768982.81246142,170.8,-3.113845589073077e-07,171.6,ASK
529,1712367602.531424,5769012.68943857,170.7,-1.976439421160782e-09,171.6,ASK
530,1712367602.538414,5776905.49611078,170.7,-5.221296040782674e-07,171.6,ASK
531,1712367602.5410528,5777490.97620445,170.8,-3.8731024615109945e-08,171.6,ASK
532,1712367602.543447,5787183.07339285,170.7,-6.411573319647216e-07,171.6,ASK
533,1712367602.5456595,5790115.37116541,170.6,-1.93979092433202e-07,171.6,ASK
534,1712367602.547893,5791872.8404097,170.7,-1.162611424313554e-07,171.6,ASK
535,1712367602.5501244,5792469.40362658,170.6,-3.9464201921213694e-08,171.6,ASK
536,1712367602.552375,5798251.42155081,170.7,-3.824954613650348e-07,171.6,ASK
537,1712367602.554662,5798339.35238316,170.6,-5.816852304601601e-09,171.6,ASK
538,1712367602.5569203,5816937.6214859,170.7,-1.2303236714698224e-06,171.6,ASK
539,1712367602.5591934,5819918.45384228,170.6,-1.971897808596356e-07,171.6,ASK
540,1712367602.561662,5851544.72732348,170.6,-2.0921599042012646e-06,171.6,ASK
541,1712367602.563926,5852007.29271937,170.5,-3.059989900254688e-08,171.6,ASK
542,1712367602.5661817,5852725.69834656,170.6,-4.7524392940358424e-08,171.6,ASK
543,1712367602.5684657,5855006.68364808,170.5,-1.508930855463861e-07,171.6,ASK
544,1712367602.570749,5855533.34294445,170.6,-3.4839876525301174e-08,171.6,ASK
545,1712367602.5730343,5855938.03502655,170.5,-2.6771429400994986e-08,171.6,ASK
546,1712367627.8532374,5860171.73502655,170.6,-2.800702204665621e-07,171.6,ASK
547,1712367630.2468052,5860171.73502655,170.6,-0.0,171.6,ASK
548,1712367630.8857372,5864874.83221137,170.6,-3.10781463762341e-07,171.6,ASK
549,1712367634.875808,5867781.50863032,170.9,1.920736732978137e-07,171.6,BID
550,1712367644.035813,5885406.88552642,170.9,1.164687910088802e-06,171.6,BID
551,1712367646.5057545,5887161.42078073,170.9,1.1593998872005117e-07,171.6,BID
552,1712367652.1313262,5888331.11065785,170.9,7.729330649015786e-08,171.6,BID
553,1712367660.3026786,5888331.11065785,170.9,0.0,171.6,BID
554,1712367671.6400814,5915476.56093214,170.9,1.7932058976527252e-06,171.6,BID
555,1712367671.6429586,5917587.98602356,170.9,1.3947898775408745e-07,171.6,BID
556,1712367681.7423253,5917762.31604111,170.9,1.1516096157907465e-08,171.6,BID
557,1712367690.303413,5917762.31604111,170.9,0.0,171.6,BID
558,1712367690.3655186,5920493.5543315,170.9,1.803634045939345e-07,171.6,BID
559,1712367690.373056,5920790.07170025,170.9,1.958118496548213e-08,171.6,BID
560,1712367691.4457922,5923028.55270025,170.9,-1.4782307926024802e-07,171.6,ASK
561,1712367692.995824,5923028.55360693,170.9,-5.987461893926448e-14,171.6,ASK
562,1712367694.9257605,5923204.09485912,170.9,1.1592257622894728e-08,171.6,BID
563,1712367720.2410996,5923204.09485912,170.9,0.0,171.6,BID
564,1712367720.7258143,5926128.32028297,170.9,1.930958809382792e-07,171.6,BID
565,1712367723.3865116,5927298.59529759,170.9,7.727697155122392e-08,171.6,BID
566,1712367732.876126,5938995.49699302,170.9,7.723835237553306e-07,171.6,BID
567,1712367740.0656488,5941887.32847341,170.9,1.909568060918581e-07,171.6,BID
568,1712367740.939361,5942004.35597487,170.9,7.727697154999395e-09,171.6,BID
569,1712367750.2433066,5942004.35597487,170.9,0.0,171.6,BID
570,1712367754.106083,5942590.17905629,170.7,-3.867555091708556e-08,171.6,ASK
571,1712367754.1112063,5942646.37017487,170.7,-3.709690752492947e-09,171.6,ASK
572,1712367757.1115534,5948610.20783279,170.7,-3.937275848556613e-07,171.6,ASK
573,1712367771.996149,5949666.06610963,170.7,-6.970688223515052e-08,171.6,ASK
574,1712367772.855644,5950021.45861109,170.7,-2.3462716341652488e-08,171.6,ASK
575,1712367772.865796,5961321.77613063,170.6,-7.460375315820188e-07,171.6,ASK
576,1712367779.7926292,5963427.26753063,170.6,-1.3900278501976038e-07,171.6,ASK
577,1712367780.2818458,5963427.26753063,170.6,-0.0,171.6,ASK
578,1712367786.875673,5964199.00263762,170.6,-5.09370147309632e-08,171.6,ASK
579,1712367810.24858,5965059.36086047,170.9,5.67864272005723e-08,171.6,BID
580,1712367810.2510924,5973258.61560468,170.9,5.411773494636557e-07,171.6,BID
581,1712367810.2535152,5973258.61560468,170.9,0.0,171.6,BID
582,1712367812.5156703,5980258.61560468,170.6,-4.620186401622444e-07,171.6,ASK
583,1712367815.4258723,5980843.75311199,170.9,3.862063363362213e-08,171.6,BID
584,1712367818.7084825,5986882.84040772,170.6,-3.985958428848724e-07,171.6,ASK
585,1712367840.276513,5986882.84040772,170.6,-0.0,171.6,ASK
586,1712367870.2476106,5986882.84040772,170.6,-0.0,171.6,ASK
587,1712367870.5158763,5987469.00687899,170.9,3.8678661256562746e-08,171.6,BID
588,1712367879.6258278,5987520.41706038,170.9,3.392341746908484e-09,171.6,BID
589,1712367887.2958753,5990102.23788839,171.0,1.7036350273566997e-07,171.6,BID
590,1712367887.3057191,5996335.22582525,170.9,4.112886711240019e-07,171.6,BID
591,1712367900.2748518,5996335.22582525,170.9,0.0,171.6,BID
592,1712367900.4957652,6002180.75244754,170.9,3.8708757382797306e-07,171.6,BID
593,1712367901.2358754,6002766.23254121,170.8,-3.877017138526848e-08,171.6,ASK
594,1712367901.2411697,6022903.05069165,170.7,-1.3334490775812563e-06,171.6,ASK
595,1712367901.2460122,6025728.97964754,170.8,-1.871314689038089e-07,171.6,ASK
596,1712367906.476046,6027763.66564754,170.8,-1.3473579339092832e-07,171.6,ASK
597,1712367909.1056974,6030354.27234754,170.8,-1.7154855790434452e-07,171.6,ASK
598,1712367918.9658496,6032694.82237679,170.9,1.549899420166846e-07,171.6,BID
599,1712367919.2258584,6033375.88095277,170.8,-4.509932617625224e-08,171.6,ASK
600,1712367919.231345,6033375.88099281,170.8,-2.6514501600371085e-15,171.6,ASK
601,1712367930.2391627,6033375.88099281,170.8,-0.0,171.6,ASK
602,1712367933.3258026,6034891.08594153,170.9,1.002940332002977e-07,171.6,BID
603,1712367948.2159626,6035810.17292652,170.8,-6.083595533690673e-08,171.6,ASK
604,1712367948.6559815,6036980.44794114,170.9,7.746252496666432e-08,171.6,BID
605,1712367960.2902224,6037727.89874114,170.8,-4.9475059736382976e-08,171.6,ASK
606,1712367960.296944,6037727.89874114,170.8,-0.0,171.6,ASK
607,1712367965.241817,6038443.5114669,170.8,-4.7365311292255785e-08,171.6,ASK
608,1712367965.2443645,6039152.44942895,170.8,-4.69235188960154e-08,171.6,ASK
609,1712367970.122841,6039478.6630359,170.8,-2.159157947414208e-08,171.6,ASK
610,1712367970.130465,6041167.39702895,170.8,-1.1177471891054053e-07,171.6,ASK
611,1712367972.9758935,6041167.39712318,170.8,-6.236958491218653e-15,171.6,ASK
612,1712367972.9823394,6047456.70520505,170.7,-4.162796780819658e-07,171.6,ASK
613,1712367974.135831,6048108.55090505,170.7,-4.314466943305132e-08,171.6,ASK
614,1712367987.8557594,6048693.68841236,170.9,3.872935623537228e-08,171.6,BID
615,1712367990.3491218,6048693.68841236,170.9,0.0,171.6,BID
616,1712367994.0959864,6050889.38591236,170.8,-1.4531184975547406e-07,171.6,ASK
617,1712367995.585723,6054548.48931236,170.8,-2.421604449158649e-07,171.6,ASK
618,1712368000.1057916,6055173.1974381,170.9,4.1343351399091184e-08,171.6,BID
619,1712368020.2197878,6055173.1974381,170.9,0.0,171.6,BID
620,1712368029.4257777,6055173.19747486,170.8,-2.432562296795752e-15,171.6,ASK
621,1712368029.4327345,6059450.71344896,170.7,-2.8306642157832296e-07,171.6,ASK
622,1712368034.4658444,6077004.83866838,170.9,1.1616516314339649e-06,171.6,BID
623,1712368038.2258508,6081309.2457403,170.9,2.84845951304956e-07,171.6,BID
624,1712368038.2320988,6088707.58881466,170.9,4.895884696510412e-07,171.6,BID
625,1712368044.2311332,6089337.37339574,170.9,4.167625996277466e-08,171.6,BID
626,1712368047.2556367,6091671.74298056,170.9,1.5447789067702177e-07,171.6,BID
627,1712368047.2606478,6093337.37339574,170.9,1.1022379440583609e-07,171.6,BID
628,1712368050.225996,6093337.37339574,170.9,0.0,171.6,BID
629,1712368080.30686,6093337.37339574,170.9,0.0,171.6,BID
630,1712368086.6358163,6093769.51320274,170.8,2.8584697862873764e-08,171.6,BID
631,1712368086.7557712,6118734.61320274,170.8,-1.6513633529177162e-06,171.6,ASK
632,1712368090.628909,6120184.58331842,170.8,9.591099221948364e-08,171.6,BID
633,1712368095.076017,6121394.24979004,170.9,8.00156570767452e-08,171.6,BID
634,1712368110.2888951,6121394.24979004,170.9,0.0,171.6,BID
635,1712368140.2540991,6121394.24979004,170.9,0.0,171.6,BID
636,1712368148.5057306,6122603.91626185,170.7,-7.999030085183187e-08,171.6,ASK
637,1712368151.2993028,6124561.96881677,170.7,-1.2947801447898984e-07,171.6,ASK
638,1712368151.315554,6131903.16881677,170.7,-4.854435584502821e-07,171.6,ASK
639,1712368170.2307007,6131903.16881677,170.7,-0.0,171.6,ASK
640,1712368172.405662,6133638.61921359,170.7,-1.1474463218344549e-07,171.6,ASK
641,1712368174.67591,6134557.75914228,170.7,-6.077175886779566e-08,171.6,ASK
642,1712368180.81642,6135871.15914228,170.7,-8.683947417104635e-08,171.6,ASK
643,1712368186.0288897,6138035.95914228,170.8,-1.4313239963865665e-07,171.6,ASK
644,1712368186.0316322,6154208.55914228,170.8,-1.0693011116021883e-06,171.6,ASK
645,1712368186.7942302,6155276.54214228,170.8,-7.061297559280564e-08,171.6,ASK
646,1712368186.905686,6156813.64214228,170.8,-1.016300866059427e-07,171.6,ASK
647,1712368187.507738,6158846.14214228,170.8,-1.3438497887361172e-07,171.6,ASK
648,1712368187.5458565,6188538.03413569,170.8,-1.9631706166061294e-06,171.6,ASK
649,1712368189.9558456,6194159.23413569,170.7,-3.7166289950522573e-07,171.6,ASK
650,1712368193.125707,6197437.93413569,170.7,-2.1678131868779129e-07,171.6,ASK
651,1712368200.2699158,6197437.93413569,170.7,-0.0,171.6,ASK
652,1712368200.4958086,6197606.51519108,170.7,-1.1182624601769885e-08,171.6,ASK
653,1712368200.8558228,6199846.550805,170.7,-1.485901088182773e-07,171.6,ASK
654,1712368216.3256958,6201208.74363471,170.7,-9.035944765359173e-08,171.6,ASK
655,1712368218.5856645,6204165.45716722,170.7,-1.9613008954416245e-07,171.6,ASK
656,1712368220.0557106,6205764.45916722,170.7,-1.0606790343159265e-07,171.6,ASK
657,1712368230.2267678,6205764.45916722,170.7,-0.0,171.6,ASK
658,1712368233.7913678,6207217.75916722,170.7,-9.639384558791557e-08,171.6,ASK
659,1712368242.4661546,6209501.13153255,170.8,1.5145052171139077e-07,171.6,BID
660,1712368244.7157004,6209588.92427259,170.8,5.82307839207022e-09,171.6,BID
661,1712368245.956133,6212053.54676228,170.8,1.6347240053914917e-07,171.6,BID
662,1712368256.785879,6214101.70249998,170.8,1.3584917630203685e-07,171.6,BID
663,1712368256.8661566,6214395.20952574,170.8,1.946760539464061e-08,171.6,BID
664,1712368260.2883065,6214395.20952574,170.8,0.0,171.6,BID
665,1712368264.0655897,6215906.8843902,170.7,-1.0025590640465008e-07,171.6,ASK
666,1712368266.6563356,6217197.5509302,170.7,-8.559839610758773e-08,171.6,ASK
667,1712368273.925954,6218369.19709305,170.8,7.770483640608757e-08,171.6,BID
668,1712368284.0763705,6218534.9280449,170.8,1.0991455363647436e-08,171.6,BID
669,1712368289.1959283,6252019.10057168,170.8,2.220706413664973e-06,171.6,BID
670,1712368289.2055807,6305413.65923957,170.8,3.541184683413099e-06,171.6,BID
671,1712368289.3357413,6310163.65923957,170.8,-3.150251198972404e-07,171.6,ASK
672,1712368289.3457372,6314199.60198983,170.8,-2.676680734313955e-07,171.6,ASK
673,1712368289.435655,6315002.571741,170.8,-5.325381939708561e-08,171.6,ASK
674,1712368289.5256553,6323619.37174099,170.8,-5.714754638163261e-07,171.6,ASK
675,1712368289.6259904,6324354.39749699,170.8,-4.874770040238671e-08,171.6,ASK
676,1712368290.3159902,6324354.39749699,170.8,-0.0,171.6,ASK
677,1712368290.3391876,6334991.79749699,170.8,-7.046062047999525e-07,171.6,ASK
678,1712368290.8278968,6443586.27419699,170.8,-7.193143257734114e-06,171.6,ASK
679,1712368292.129634,6444777.34491361,170.8,-7.889482554818345e-08,171.6,ASK
680,1712368298.0766687,6446825.50065131,170.8,-1.35666914958538e-07,171.6,ASK
681,1712368298.5179298,6449073.87773672,170.9,1.489292914725313e-07,171.6,BID
682,1712368298.524169,6449155.39240087,170.9,5.3994150959973045e-09,171.6,BID
683,1712368300.105935,6450319.75460098,170.9,7.712569150658579e-08,171.6,BID
684,1712368307.6962245,6456168.20398658,170.9,3.873929461665017e-07,171.6,BID
685,1712368312.775871,6456307.01531546,170.9,9.194664450496914e-09,171.6,BID
686,1712368312.781955,6456750.09398072,170.9,2.9348898862205532e-08,171.6,BID
687,1712368312.8756993,6458214.06065156,170.9,9.69710643478849e-08,171.6,BID
688,1712368312.976443,6458771.78646975,170.9,3.694296276097957e-08,171.6,BID
689,1712368320.2681396,6458771.78646975,170.9,0.0,171.6,BID
690,1712368324.5719037,6464624.50946975,170.8,-3.8708733537947243e-07,171.6,ASK
691,1712368328.8357248,6470476.13346975,170.8,-3.870146497284114e-07,171.6,ASK
692,1712368334.0957062,6484901.92966975,170.8,-9.540931651446688e-07,171.6,ASK
693,1712368341.585533,6484942.88929526,170.9,2.708987303345716e-09,171.6,BID
694,1712368344.7858412,6486699.3295763,170.8,-1.1616742978284333e-07,171.6,ASK
695,1712368350.266748,6486699.3295763,170.8,-0.0,171.6,ASK
696,1712368364.92925,6489683.5308636,170.9,1.973068285881011e-07,171.6,BID
697,1712368369.7457738,6494506.93086359,170.8,-3.189093715160037e-07,171.6,ASK
698,1712368372.1358075,6496488.29005334,170.9,1.310017858671947e-07,171.6,BID
699,1712368372.1401553,6496846.31120267,170.9,2.36713313684844e-08,171.6,BID
700,1712368372.145953,6498431.95520267,170.9,1.0483823267590545e-07,171.6,BID
701,1712368380.3287442,6498431.95520267,170.9,0.0,171.6,BID
702,1712368389.685652,6499640.63114556,170.9,7.990359653574466e-08,171.6,BID
703,1712368400.4057813,6502540.72714556,170.8,-1.917206196267796e-07,171.6,ASK
704,1712368404.0856707,6505435.71031518,170.9,1.9138261874387921e-07,171.6,BID
705,1712368410.2878702,6505435.71031518,170.9,0.0,171.6,BID
706,1712368415.7357545,6506020.55539995,170.9,3.86600969518002e-08,171.6,BID
707,1712368415.7415247,6507482.03063073,170.9,9.660810287373714e-08,171.6,BID
708,1712368416.0156324,6508066.8757155,170.9,3.86600969518002e-08,171.6,BID
709,1712368428.485864,6508946.69911567,170.9,5.815909005109026e-08,171.6,BID
710,1712368432.2360132,6509409.26451223,170.9,3.057702551194158e-08,171.6,BID
711,1712368432.2458756,6519446.69911567,170.9,6.63505952297102e-07,171.6,BID
712,1712368433.105816,6519489.11208121,170.9,2.803630230438711e-09,171.6,BID
713,1712368434.265735,6522054.41208121,170.8,-1.695743869498486e-07,171.6,ASK
714,1712368436.115804,6560959.78705991,170.9,2.571767477904129e-06,171.6,BID
715,1712368436.2356186,6577843.18705991,170.9,-1.1160457664325204e-06,171.6,ASK
716,1712368436.5158808,6580492.31405991,170.9,-1.7511561492900625e-07,171.6,ASK
717,1712368438.8657272,6580492.71194824,170.9,-2.6301668265805648e-11,171.6,ASK
718,1712368440.223297,6580492.71194824,170.9,-0.0,171.6,ASK
719,1712368444.8960297,6583420.11241662,170.9,1.933464259669832e-07,171.6,BID
720,1712368449.0704548,6588978.9187361,170.9,3.671432542705056e-07,171.6,BID
721,1712368461.5259926,6589031.33170464,170.8,-3.461726624326626e-09,171.6,ASK
722,1712368470.2494264,6589031.33170464,170.8,-0.0,171.6,ASK
723,1712368475.2157369,6589883.12069964,170.8,-5.6252804659309824e-08,171.6,ASK
724,1712368482.2157438,6590378.12069964,170.8,-3.26901832141432e-08,171.6,ASK
725,1712368486.9155302,6595919.66905464,170.8,-3.659681434646201e-07,171.6,ASK
726,1712368494.1457632,6596855.88906634,170.9,6.182869436609797e-08,171.6,BID
727,1712368500.2388318,6596855.88906634,170.9,0.0,171.6,BID
728,1712368507.0555975,6601654.88906634,170.8,-3.182869065680671e-07,171.6,ASK
729,1712368510.559103,6603520.25892518,170.8,-1.2371802500007338e-07,171.6,ASK
730,1712368511.7606032,6603578.77267591,170.9,3.880841990325673e-09,171.6,BID
731,1712368529.0857406,6608239.23377591,170.8,-3.0909850941858666e-07,171.6,ASK
732,1712368530.2439358,6608239.23377591,170.8,-0.0,171.6,ASK
733,1712368530.3756218,6612635.88504393,170.8,-2.915640966986689e-07,171.6,ASK
734,1712368531.0995855,6614898.86643478,170.8,-1.500696973326437e-07,171.6,ASK
735,1712368533.1481748,6618325.6830745,170.8,-2.272494762956164e-07,171.6,ASK
736,1712368533.4655902,6620877.71894892,170.8,-1.6923835644642013e-07,171.6,ASK
737,1712368533.7692292,6625565.76348034,170.8,-3.108878520861272e-07,171.6,ASK
738,1712368533.8256502,6627823.23600378,170.8,-1.4970437658002557e-07,171.6,ASK
739,1712368534.2496188,6630224.92909043,170.8,-1.5926836873553496e-07,171.6,ASK
740,1712368534.305724,6630458.16354194,170.8,-1.546695155655284e-08,171.6,ASK
741,1712368537.1204865,6632350.45188722,170.8,-1.2548717386299386e-07,171.6,ASK
742,1712368537.25571,6632675.12488722,170.8,-2.153070239066788e-08,171.6,ASK
743,1712368543.0257385,6634348.52488722,170.8,-1.1097158488882258e-07,171.6,ASK
744,1712368548.6657777,6645499.24297883,170.9,7.394602959687708e-07,171.6,BID
745,1712368548.6717482,6663605.40025293,170.9,1.2007105109075613e-06,171.6,BID
746,1712368551.016111,6665848.34144379,170.8,-1.487407307052276e-07,171.6,ASK
747,1712368551.044586,6667564.18324256,170.8,-1.137861143946334e-07,171.6,ASK
748,1712368551.935974,6668757.68171824,170.8,-7.91468969812865e-08,171.6,ASK
749,1712368552.4458196,6671697.96236776,170.8,-1.9498482353002818e-07,171.6,ASK
750,1712368552.453439,6674630.04083968,170.8,-1.944408958092709e-07,171.6,ASK
751,1712368552.5756214,6677117.37559412,170.8,-1.6494769920473045e-07,171.6,ASK
752,1712368555.7359278,6678497.72104314,170.8,-9.153766115202936e-08,171.6,ASK
753,1712368555.9356644,6679738.67104313,170.8,-8.229364662760699e-08,171.6,ASK
754,1712368555.9421718,6680466.45343601,170.8,-4.826291716986352e-08,171.6,ASK
755,1712368560.3321002,6680466.45343601,170.8,-0.0,171.6,ASK
756,1712368584.405185,6680524.93296817,171.0,3.8749016400191015e-09,171.6,BID
757,1712368585.975709,6680599.94909685,171.0,4.970630053088318e-09,171.6,BID
758,1712368585.9808009,6683290.30037985,171.0,1.782648768471556e-07,171.6,BID
759,1712368585.9857168,6712172.47177186,171.0,1.9137563034274274e-06,171.6,BID
760,1712368590.3044686,6712172.47177186,171.0,0.0,171.6,BID
761,1712368592.0553083,6715892.13240937,171.0,2.463792453987774e-07,171.6,BID
762,1712368606.6752148,6721740.08562574,171.0,3.873510088654599e-07,171.6,BID
763,1712368620.233363,6721740.08562574,171.0,0.0,171.6,BID
764,1712368635.8565004,6723807.41562574,171.0,1.3691894614305698e-07,171.6,BID
765,1712368635.8637664,6724014.14888602,171.0,1.3691911852639324e-08,171.6,BID
766,1712368635.915267,6729263.64888602,171.0,-3.476735730521743e-07,171.6,ASK
767,1712368635.9550817,6729539.96346459,171.0,-1.8300271800678506e-08,171.6,ASK
768,1712368636.0155914,6730925.25207861,170.8,-9.174745064191665e-08,171.6,ASK
769,1712368650.2643402,6730925.25207861,170.8,-0.0,171.6,ASK
770,1712368671.3953335,6731507.99402149,171.1,3.85908950414928e-08,171.6,BID
771,1712368673.525736,6732148.69402149,170.8,-4.2429049007296985e-08,171.6,ASK
772,1712368680.3018825,6732148.69402149,170.8,-0.0,171.6,ASK
773,1712368708.095923,6734335.97616485,170.8,-1.448462867983166e-07,171.6,ASK
774,1712368710.3184285,6734335.97616485,170.8,-0.0,171.6,ASK
775,1712368715.8452575,6735530.06636015,170.8,-7.907313308782228e-08,171.6,ASK
776,1712368716.9352603,6747530.66636015,170.8,-7.946845595656528e-07,171.6,ASK
777,1712368716.9552276,6750023.53996995,170.8,-1.650790932667307e-07,171.6,ASK
778,1712368717.055163,6751356.8931837,170.8,-8.829518619187883e-08,171.6,ASK
779,1712368724.1252704,6752123.1007232,171.0,5.073857149336285e-08,171.6,BID
780,1712368725.6251793,6752715.10881272,171.0,3.920301383927045e-08,171.6,BID
781,1712368727.8754897,6754635.46386638,171.0,1.271666841681154e-07,171.6,BID
782,1712368727.882229,6755637.62928055,171.0,6.636379687448368e-08,171.6,BID
783,1712368740.232397,6755637.62928055,171.0,0.0,171.6,BID
784,1712368746.5552566,6760523.72928055,170.8,-3.234815524373261e-07,171.6,ASK
785,1712368750.5855806,6761108.23235065,171.0,3.869670299838599e-08,171.6,BID
786,1712368753.0951562,6761897.23575065,170.9,-5.22355344160552e-08,171.6,ASK
787,1712368753.2352,6763397.83575065,170.9,-9.93463943814838e-08,171.6,ASK
788,1712368754.685327,6763476.85494397,170.9,-5.231422060063002e-09,171.6,ASK
789,1712368757.3952007,6763626.85494397,170.8,-9.930667171282332e-09,171.6,ASK
790,1712368767.455927,6763795.53608397,170.8,-1.1167441729416568e-08,171.6,ASK
791,1712368770.2319844,6763795.53608397,170.8,-0.0,171.6,ASK
792,1712368787.818969,6765474.71865328,170.8,-1.1115909803823173e-07,171.6,ASK
793,1712368800.3935056,6765474.71865328,170.8,-0.0,171.6,ASK
794,1712368801.2630105,6768133.51865328,170.8,-1.7653290039872325e-07,171.6,ASK
795,1712368802.935629,6770127.06974071,170.8,-1.323632298619778e-07,171.6,ASK
796,1712368802.9408605,6770800.16203471,170.8,-4.469043737621266e-08,171.6,ASK
797,1712368815.7512958,6775130.17958883,170.9,2.874945680781823e-07,171.6,BID
798,1712368816.0261405,6777092.48306596,170.8,-1.3028852274720365e-07,171.6,ASK
799,1712368826.38599,6797872.65372828,170.8,-1.3797140807131424e-06,171.6,ASK
800,1712368830.2363307,6797872.65372828,170.8,-0.0,171.6,ASK
801,1712368832.1461835,6798457.49866684,170.9,3.881692934530426e-08,171.6,BID
802,1712368834.536097,6815078.06491969,170.9,1.103128886615537e-06,171.6,BID
803,1712368837.2861545,6815929.31807489,170.8,-5.6498793785893803e-08,171.6,ASK
804,1712368837.4733305,6821026.78104615,170.9,3.383253354009866e-07,171.6,BID
805,1712368839.5764406,6821904.48730712,170.9,5.8254521278608384e-08,171.6,BID
806,1712368840.1241467,6825122.56043834,170.8,-2.135877548504583e-07,171.6,ASK
807,1712368840.1311002,6865768.79782163,170.8,-2.6977443432200253e-06,171.6,ASK
808,1712368840.134245,6867367.22730712,170.8,-1.0608987153853893e-07,171.6,ASK
809,1712368841.0462236,6868666.32994788,170.8,-8.62231543678161e-08,171.6,ASK
810,1712368841.2532642,6869515.64043078,170.8,-5.636985606506504e-08,171.6,ASK
811,1712368844.056336,6869948.80583078,170.8,-2.8749758471120435e-08,171.6,ASK
812,1712368852.0926168,6872957.29333078,170.8,-1.9967728029136645e-07,171.6,ASK
813,1712368860.347663,6872957.29333078,170.8,-0.0,171.6,ASK
814,1712368867.3468895,6875299.61877778,170.8,1.553309889722804e-07,171.6,BID
815,1712368867.446915,6875299.61877798,170.8,1.327851353952349e-17,171.6,BID
816,1712368872.4467406,6877055.03129992,170.9,1.1640993929195236e-07,171.6,BID
817,1712368873.6170197,6880158.07579633,170.8,-2.0577796781819898e-07,171.6,ASK
818,1712368873.717003,6885531.54529933,170.8,3.5634088900090545e-07,171.6,BID
819,1712368873.7368357,6885531.54530018,170.8,5.638736214690673e-17,171.6,BID
820,1712368876.0504856,6886031.54530018,170.9,3.3157431041713136e-08,171.6,BID
821,1712368890.3160572,6886031.54530018,170.9,0.0,171.6,BID
822,1712368891.2871635,6887436.697525,170.8,-9.316867757451821e-08,171.6,ASK
823,1712368891.4480374,6887713.5453,170.8,1.835640340640936e-08,171.6,BID
824,1712368896.8373706,6887713.54530018,170.8,1.1918016845386529e-17,171.6,BID
825,1712368897.4374838,6890051.75594909,170.9,1.550351557657774e-07,171.6,BID
826,1712368907.4977586,6890081.01867583,170.9,1.9402663315979834e-09,171.6,BID
827,1712368907.8175635,6895099.38614218,170.9,3.3274306666858174e-07,171.6,BID
828,1712368916.6976926,6897844.18109403,170.9,1.819937451330453e-07,171.6,BID
829,1712368920.23878,6897844.18109403,170.9,0.0,171.6,BID
830,1712368923.537807,6898693.93497915,170.8,-5.63354270540016e-08,171.6,ASK
831,1712368931.564432,6900899.3669603,170.8,-1.4621169102283498e-07,171.6,ASK
832,1712368950.2237985,6900899.3669603,170.8,-0.0,171.6,ASK
833,1712368952.388318,6901731.04072701,170.8,-5.513487707722971e-08,171.6,ASK
834,1712368953.5982225,6903187.42048373,170.8,-9.654905815073582e-08,171.6,ASK
1035,1712368967.5990164,6903997.28005072,170.9,5.3688729238714744e-08,171.6,BID
835,1712368967.5990164,6903997.28005072,170.9,5.368872923871474e-08,171.6,BID
836,1712368971.0785336,6905997.28005072,170.9,1.325877508325063e-07,171.6,BID
837,1712368971.4385183,6911124.32951372,170.9,3.398919783530994e-07,171.6,BID
838,1712368972.6286197,6913415.55364103,170.8,-1.518941268465625e-07,171.6,ASK
839,1712368972.848701,6915171.99392206,170.8,-1.1644123316673932e-07,171.6,ASK
840,1712368972.8530073,6916222.35392192,170.8,-6.963243497291498e-08,171.6,ASK
841,1712368974.8386798,6917839.35963863,170.8,-1.0719757553096517e-07,171.6,ASK
842,1712368974.8487234,6917913.70001447,170.8,-4.928311614316667e-09,171.6,ASK
843,1712368974.861522,6919431.33034948,170.8,-1.0060959635705672e-07,171.6,ASK
844,1712368980.306584,6919431.33034948,170.8,-0.0,171.6,ASK
845,1712369005.8491602,6920783.19232911,170.8,-8.960136323408314e-08,171.6,ASK
846,1712369010.3175974,6920783.19232911,170.8,-0.0,171.6,ASK
847,1712369020.2095652,6921035.72413925,170.9,1.6737543114733628e-08,171.6,BID
848,1712369020.217058,6936775.96559831,171.1,1.0432466702354852e-06,171.6,BID
849,1712369020.2270155,6937944.8726702,171.1,7.747393289582322e-08,171.6,BID
850,1712369027.9595072,6946912.45801373,171.0,5.943621369483781e-07,171.6,BID
851,1712369027.9629898,6956511.26783519,171.0,6.361990323024558e-07,171.6,BID
852,1712369029.0295038,6957847.72553823,170.8,-8.857901273200986e-08,171.6,ASK
853,1712369029.0492558,6959187.81877302,170.8,-8.88199719576429e-08,171.6,ASK
854,1712369029.0525331,6960523.69617199,170.8,-8.85405507877812e-08,171.6,ASK
855,1712369035.029699,6962404.126441,170.8,-1.2463294301154758e-07,171.6,ASK
856,1712369035.0368266,6967520.52372594,170.7,-3.391094377426418e-07,171.6,ASK
857,1712369035.0428903,6971332.40846897,170.7,-2.526477167349032e-07,171.6,ASK
858,1712369040.222984,6971332.40846897,170.7,-0.0,171.6,ASK
859,1712369043.1896696,6973085.91767927,171.0,1.161542195540746e-07,171.6,BID
860,1712369057.0498106,6975589.58327435,170.9,-1.658453354637212e-07,171.6,ASK
861,1712369057.0738056,6977145.89543314,170.9,-1.030916878708161e-07,171.6,ASK
862,1712369057.1543016,7007104.9358069,170.9,-1.9845170659858555e-06,171.6,ASK
863,1712369065.3898833,7007221.3183069,170.9,-7.709294241384707e-09,171.6,ASK
864,1712369069.6003697,7007629.2432062,170.9,-2.7021356966144906e-08,171.6,ASK
865,1712369069.6076565,7007746.08940568,170.9,-7.740010162892797e-09,171.6,ASK
866,1712369070.2882326,7007746.08940568,170.9,-0.0,171.6,ASK
867,1712369081.760343,7008331.56949935,170.8,-3.8766811140169416e-08,171.6,ASK
868,1712369081.7670224,7008917.04959302,170.8,-3.8766811140169416e-08,171.6,ASK
869,1712369089.8908453,7018763.59041797,170.7,-6.519760324420117e-07,171.6,ASK
870,1712369090.640283,7021655.43541507,170.7,-1.9147979591664385e-07,171.6,ASK
871,1712369100.325221,7021655.43541507,170.7,-0.0,171.6,ASK
872,1712369110.4204874,7024579.75206392,170.7,-1.9445769385187202e-07,171.6,ASK
873,1712369129.4609165,7027270.10334692,170.7,-1.7889974615070225e-07,171.6,ASK
874,1712369129.4682848,7027969.15826392,170.7,-4.6484913693982105e-08,171.6,ASK
875,1712369130.3161027,7027969.15826392,170.7,-0.0,171.6,ASK
876,1712369155.4311447,7034726.56949393,170.9,4.4931400938144644e-07,171.6,BID
877,1712369160.2578752,7034726.56949393,170.9,0.0,171.6,BID
878,1712369166.151629,7037406.56949393,170.9,1.781849655711027e-07,171.6,BID
879,1712369190.2209828,7037406.56949393,170.9,0.0,171.6,BID
880,1712369191.251511,7038238.31864893,170.7,-5.529876177923661e-08,171.6,ASK
881,1712369192.5316255,7038712.99032014,170.9,3.1558499953739856e-08,171.6,BID
882,1712369192.53894,7041031.32381614,170.9,1.5413417729313569e-07,171.6,BID
883,1712369194.1048095,7042152.54014856,170.9,-7.454395895296286e-08,171.6,ASK
884,1712369194.527423,7043670.23646497,170.9,-1.0090389217694905e-07,171.6,ASK
885,1712369195.4415832,7044353.01911394,170.9,-4.539473809554456e-08,171.6,ASK
886,1712369195.54177,7045490.79631947,170.9,-7.564500699305107e-08,171.6,ASK
887,1712369195.646253,7046596.36473015,170.9,-7.350360839607733e-08,171.6,ASK
888,1712369197.4715867,7048936.9147594,171.0,1.5561124134823605e-07,171.6,BID
889,1712369199.761642,7051011.8147594,170.9,-1.3794952495710986e-07,171.6,ASK
890,1712369202.5329142,7052953.85285258,170.9,-1.291162139876231e-07,171.6,ASK
891,1712369203.9416986,7054648.91133211,171.0,1.1269579836412385e-07,171.6,BID
892,1712369204.0616288,7055755.07386019,170.9,-7.354310823366127e-08,171.6,ASK
893,1712369204.5619593,7068612.76573082,170.9,-8.548423951027761e-07,171.6,ASK
894,1712369212.0518336,7069372.4507077,170.9,-5.050758189683248e-08,171.6,ASK
895,1712369212.7118504,7072325.03347827,170.9,-1.9630217870587185e-07,171.6,ASK
896,1712369215.581892,7077092.74946101,170.9,-3.169811340062435e-07,171.6,ASK
897,1712369215.58896,7077419.84746827,170.9,-2.174707924041221e-08,171.6,ASK
898,1712369218.3920045,7077419.84746847,170.9,-1.3312561545744642e-17,171.6,ASK
899,1712369220.3112605,7077419.84746847,170.9,-0.0,171.6,ASK
900,1712369222.6334283,7078002.59983233,170.7,-3.8726626957404424e-08,171.6,ASK
1100,1712369222.6334283,7078002.59983233,170.7,-3.872662695740442e-08,171.6,ASK
901,1712369224.602041,7078295.16858598,170.9,1.9442565461202522e-08,171.6,BID
1101,1712369224.602041,7078295.16858598,170.9,1.944256546120252e-08,171.6,BID
902,1712369226.3718212,7084760.01106221,170.9,4.296190945621497e-07,171.6,BID
903,1712369226.7606573,7088296.8010982,170.9,-2.350362810083727e-07,171.6,ASK
904,1712369226.8517933,7098764.74655299,170.9,-6.956440570282014e-07,171.6,ASK
905,1712369230.4220943,7100107.05649451,171.0,8.920278936693779e-08,171.6,BID
906,1712369230.8218558,7101860.56526643,171.0,1.165288796547145e-07,171.6,BID
907,1712369235.6621015,7105237.58106514,171.0,2.2441853380001e-07,171.6,BID
908,1712369237.7119887,7110656.93204473,171.0,3.6014128256433325e-07,171.6,BID
909,1712369237.7197368,7114004.9809909,171.0,2.224935506305095e-07,171.6,BID
910,1712369250.3025532,7114004.9809909,171.0,0.0,171.6,BID
911,1712369257.1222954,7116927.49634141,171.0,1.941341668320576e-07,171.6,BID
912,1712369263.2226205,7117820.65360483,170.9,-5.9329830775288464e-08,171.6,ASK
913,1712369264.4325647,7118127.33562283,170.9,-2.0371991557385563e-08,171.6,ASK
1114,1712369269.2927833,7118858.45011554,170.9,-4.8565802357980134e-08,171.6,ASK
914,1712369269.2927833,7118858.45011554,170.9,-4.856580235798013e-08,171.6,ASK
915,1712369269.2989323,7119913.58205388,170.9,-7.008933578801776e-08,171.6,ASK
916,1712369271.1123478,7124500.63354256,170.9,-3.047044453727499e-07,171.6,ASK
917,1712369280.2612388,7124500.63354256,170.9,-0.0,171.6,ASK
918,1712369280.6157973,7128230.06924588,171.0,2.4770601211552664e-07,171.6,BID
919,1712369280.6220803,7133015.9782094,171.0,3.178760858234729e-07,171.6,BID
920,1712369284.2425387,7133225.16985552,170.9,-1.3894334840595872e-08,171.6,ASK
921,1712369284.2524836,7133791.78625136,170.9,-3.763418891703808e-08,171.6,ASK
922,1712369288.0426538,7134564.96691249,171.0,5.135401531203814e-08,171.6,BID
923,1712369297.8236442,7146260.87334523,171.0,7.768323604430378e-07,171.6,BID
924,1712369310.2555275,7146260.87334523,171.0,0.0,171.6,BID
925,1712369312.1027124,7174104.77192387,171.0,1.8489116033709209e-06,171.6,BID
926,1712369312.1064577,7211654.7675039,171.0,2.493423194254296e-06,171.6,BID
927,1712369312.162712,7213824.39255372,171.0,-1.4406908279188702e-07,171.6,ASK
928,1712369312.18298,7225745.11952623,171.0,-7.915691244831104e-07,171.6,ASK
929,1712369312.2428334,7227486.78743542,170.9,-1.156515492047721e-07,171.6,ASK
930,1712369320.6227014,7229240.29664572,171.0,1.1643784423306298e-07,171.6,BID
931,1712369325.062887,7229908.26084572,171.0,-4.4354663788507766e-08,171.6,ASK
932,1712369340.3716495,7229908.26084572,171.0,-0.0,171.6,ASK
933,1712369341.0730171,7229908.2609092,171.0,-4.211239041686929e-15,171.6,ASK
934,1712369342.5733397,7231134.86398193,171.0,8.137253741811768e-08,171.6,BID
935,1712369343.4831398,7231688.71598193,170.9,-3.6742401512000815e-08,171.6,ASK
936,1712369355.3039176,7243852.92052738,171.0,8.069702510473554e-07,171.6,BID
937,1712369360.173232,7243853.58336695,170.9,-4.397260932888826e-11,171.6,ASK
938,1712369360.6138852,7244941.05649426,170.8,-7.214269204976143e-08,171.6,ASK
939,1712369367.063317,7245679.3860585,170.8,-4.8980596436381234e-08,171.6,ASK
940,1712369367.0680804,7246413.09206359,170.8,-4.8673870692499066e-08,171.6,ASK
941,1712369370.3379312,7246413.09206359,170.8,-0.0,171.6,ASK
942,1712369375.113248,7249040.99352902,170.9,1.743016897878089e-07,171.6,BID
943,1712369375.2534933,7250304.90852902,170.9,-8.38321082986738e-08,171.6,ASK
944,1712369375.3742623,7250304.90858949,170.9,-4.010803309296966e-15,171.6,ASK
945,1712369376.1832058,7251568.68452902,170.8,-8.382288478892344e-08,171.6,ASK
946,1712369377.503826,7251627.16406118,171.0,3.878791274161179e-09,171.6,BID
947,1712369380.0934274,7252627.16406118,171.0,6.632733079255434e-08,171.6,BID
948,1712369382.0635087,7252817.29005195,170.8,-1.2610549482052374e-08,171.6,ASK
949,1712369382.0732763,7254596.88790386,170.8,-1.1803597540133361e-07,171.6,ASK
950,1712369382.2435002,7255668.52581728,170.8,-7.10788823732421e-08,171.6,ASK
951,1712369382.5935826,7255727.00535017,170.8,-3.8787913225905375e-09,171.6,ASK
952,1712369382.9533105,7256821.06049072,170.8,-7.256575721257085e-08,171.6,ASK
953,1712369382.9935112,7258094.25082714,170.8,-8.44473166056262e-08,171.6,ASK
954,1712369383.0562637,7259181.72395445,170.8,-7.212918984311483e-08,171.6,ASK
955,1712369383.0732856,7260275.75377341,170.8,-7.256407769904736e-08,171.6,ASK
956,1712369389.3135808,7260426.73970066,170.8,-1.0014493541746966e-08,171.6,ASK
957,1712369389.32335,7261654.77322488,170.8,-8.145218578527816e-08,171.6,ASK
958,1712369390.7635405,7263307.51744301,170.7,-1.0962211247136786e-07,171.6,ASK
959,1712369397.8138196,7289516.78751958,170.7,-1.7383909262000612e-06,171.6,ASK
960,1712369397.8219118,7309160.45476322,170.7,-1.3029120152477704e-06,171.6,ASK
961,1712369397.8278725,7310917.44325801,170.7,-1.165363570926591e-07,171.6,ASK
962,1712369400.2957878,7310917.44325801,170.7,-0.0,171.6,ASK
963,1712369423.20055,7311209.95725274,170.7,-1.9457466546914063e-08,171.6,ASK
964,1712369423.2107055,7311624.19421744,170.7,-2.7554243654493605e-08,171.6,ASK
965,1712369430.2660697,7311624.19421744,170.7,-0.0,171.6,ASK
966,1712369451.8845503,7316850.56079844,170.6,-3.476450312924989e-07,171.6,ASK
967,1712369460.3145876,7316850.56079844,170.6,-0.0,171.6,ASK
968,1712369471.344035,7320224.20184676,170.8,2.243929841703452e-07,171.6,BID
969,1712369485.2843184,7320556.27793676,170.6,-2.2087573556162173e-08,171.6,ASK
970,1712369490.3022203,7320556.27793676,170.6,-0.0,171.6,ASK
971,1712369520.2828195,7320556.27793676,170.6,-0.0,171.6,ASK
972,1712369522.8443713,7320742.40793876,170.6,-1.2379653893108022e-08,171.6,ASK
973,1712369531.7883515,7321986.51065876,170.8,8.274625753842165e-08,171.6,BID
974,1712369531.793137,7324887.88789199,170.8,1.9297289837693945e-07,171.6,BID
975,1712369541.424505,7330411.38783411,170.8,3.673723571026253e-07,171.6,BID
976,1712369541.4302888,7340080.36772946,170.8,6.430915130179244e-07,171.6,BID
977,1712369541.6848752,7342443.51288946,170.8,-1.5717465677596545e-07,171.6,ASK
978,1712369550.2750278,7342443.51288946,170.8,-0.0,171.6,ASK
979,1712369550.8393676,7345453.83723213,170.8,-2.0016928735488722e-07,171.6,ASK
980,1712369550.8431406,7345453.83723246,170.8,-2.1984299685793938e-17,171.6,ASK
981,1712369550.8468273,7348825.13723246,170.6,-2.2417209630672962e-07,171.6,ASK
982,1712369550.8505166,7349355.12118997,170.6,-3.524089068426132e-08,171.6,ASK
983,1712369550.8541975,7350240.94589136,170.6,-5.890225736983996e-08,171.6,ASK
984,1712369558.4748058,7350299.9429415,170.7,-3.9229651486992124e-09,171.6,ASK
985,1712369558.4822822,7351245.7845125,170.6,-6.28930346588031e-08,171.6,ASK
986,1712369560.3248112,7351848.49076616,170.9,4.0076505899838443e-08,171.6,BID
987,1712369576.707632,7353125.12522812,170.9,8.488886291785467e-08,171.6,BID
988,1712369576.7147937,7353609.89210177,170.9,3.2234214186290965e-08,171.6,BID
989,1712369580.3021386,7353609.89210177,170.9,0.0,171.6,BID
990,1712369609.7709436,7353668.37163393,170.9,3.88806030338098e-09,171.6,BID
991,1712369610.336466,7353668.37163393,170.9,0.0,171.6,BID
992,1712369613.4252656,7368261.0516403,170.9,9.702058148734682e-07,171.6,BID
993,1712369613.4335997,7368289.49509794,170.9,1.8910856665925584e-09,171.6,BID
994,1712369618.8851163,7370639.24474038,170.9,1.562249542645429e-07,171.6,BID
995,1712369624.1451523,7374860.4805356,170.6,-2.806521840187739e-07,171.6,ASK
996,1712369624.3150823,7381272.22233973,170.6,-4.262896999809661e-07,171.6,ASK
997,1712369624.3548305,7381858.388811,170.6,-3.897173916386046e-08,171.6,ASK
998,1712369624.3588474,7386082.85446087,170.6,-2.808669234471124e-07,171.6,ASK
999,1712369624.5750773,7386963.55512867,170.6,-5.8554077022856024e-08,171.6,ASK
1199,1712369624.5750773,7386963.55512867,170.6,-5.855407702285602e-08,171.6,ASK
1000,1712369626.3004074,7387125.02192491,170.6,-1.0735247024706724e-08,171.6,ASK
1201,1712369626.308235,7389206.8933913,170.6,-1.3841486290584717e-07,171.6,ASK
1202,1712369626.309587,7389406.8933913,170.6,-1.3297157402889081e-08,171.6,ASK
1203,1712369626.3107622,7392605.88319188,170.6,-2.126873545427348e-07,171.6,ASK
1204,1712369626.3752356,7395437.12020128,170.6,-1.882370207944171e-07,171.6,ASK
1205,1712369630.0557902,7397950.84331309,170.6,-1.6712685942503748e-07,171.6,ASK
1206,1712369630.1153102,7399961.35099923,170.6,-1.3367018581161052e-07,171.6,ASK
1207,1712369630.6550922,7401428.12323794,170.6,-9.751950666157193e-08,171.6,ASK
1208,1712369630.8364391,7404067.44970838,170.6,-1.7547769757527864e-07,171.6,ASK
1209,1712369632.6851065,7407328.03505675,170.6,-2.167825830141813e-07,171.6,ASK
1210,1712369632.6865091,7473372.68998324,170.6,-4.3910308608851584e-06,171.6,ASK
1211,1712369632.6879678,7476122.03831638,170.6,-1.827925877056601e-07,171.6,ASK
1212,1712369640.4111896,7476122.03831638,170.6,-0.0,171.6,ASK
1213,1712369647.0253398,7476562.38865028,170.6,-2.9236421339978564e-08,171.6,ASK
1214,1712369660.7255886,7478319.54165028,170.7,-1.166636232832958e-07,171.6,ASK
1215,1712369670.242849,7478319.54165028,170.7,-0.0,171.6,ASK
1216,1712369673.915434,7478631.6998332,170.9,2.072477342784756e-08,171.6,BID
1217,1712369673.9175992,7478978.57909908,170.9,2.3029971935765603e-08,171.6,BID
1218,1712369674.425621,7478978.89534336,170.7,-2.0996057155495822e-11,171.6,ASK
1219,1712369674.9453452,7502605.15683425,170.6,-1.5685922815335778e-06,171.6,ASK
1220,1712369674.968848,7502777.75125279,170.7,1.1458870581851343e-08,171.6,BID
1221,1712369675.0853846,7503510.85125279,170.7,-4.867189851577008e-08,171.6,ASK
1222,1712369675.265376,7503545.95950322,170.9,2.330903290184535e-09,171.6,BID
1223,1712369675.3733282,7510743.85950322,170.7,-4.778822238805241e-07,171.6,ASK
1224,1712369675.3785956,7513391.29207212,170.7,-1.7576806618595657e-07,171.6,ASK
1225,1712369675.8453834,7518202.87048729,170.7,-3.194498108361182e-07,171.6,ASK
1226,1712369675.9055724,7523024.18865459,170.7,-3.200964514407061e-07,171.6,ASK
1227,1712369675.9455338,7525677.40097094,170.6,-1.7615179457400445e-07,171.6,ASK
1228,1712369676.0655978,7526006.75439399,170.9,2.18663980119338e-08,171.6,BID
1229,1712369680.9056067,7526335.77654178,170.9,2.1844404019457283e-08,171.6,BID
1230,1712369687.3954923,7526946.94600932,170.7,4.0576699358998106e-08,171.6,BID
1231,1712369692.179427,7527399.24913176,170.8,-3.002926159289135e-08,171.6,ASK
1232,1712369692.188319,7531208.74600932,170.7,-2.529197182115081e-07,171.6,ASK
1233,1712369700.2871451,7531208.74600932,170.7,-0.0,171.6,ASK
1234,1712369702.0556068,7532315.05945838,170.7,-7.36206080254118e-08,171.6,ASK
1235,1712369702.6832328,7533133.74249879,170.7,-5.4479987806647284e-08,171.6,ASK
1236,1712369705.1560335,7535103.84249879,170.7,-1.3110204887604236e-07,171.6,ASK
1237,1712369725.9011164,7543880.9051085,170.9,5.840774027950853e-07,171.6,BID
1238,1712369726.8157835,7543953.86504436,170.7,-4.855183532350241e-09,171.6,ASK
1239,1712369726.8186965,7544526.5051085,170.7,-3.8106840098094965e-08,171.6,ASK
1240,1712369729.825744,7544558.99332729,170.7,-2.161957285260891e-09,171.6,ASK
1241,1712369730.280291,7544558.99332729,170.7,-0.0,171.6,ASK
1242,1712369730.3825262,7545564.30478901,170.6,-6.68891897509512e-08,171.6,ASK
1243,1712369730.4929771,7547136.17505031,170.6,-1.0458562562490113e-07,171.6,ASK
1244,1712369730.635743,7548842.26032187,170.6,-1.1351572702195428e-07,171.6,ASK
1245,1712369732.6557682,7550309.84684753,170.6,-9.764702515457104e-08,171.6,ASK
1246,1712369732.755894,7551792.58101011,170.6,-9.865488510519593e-08,171.6,ASK
1247,1712369734.3860517,7558739.62840384,170.6,-4.622272688831534e-07,171.6,ASK
1248,1712369735.0456953,7560389.37750957,170.6,-1.09767355865788e-07,171.6,ASK
1249,1712369735.065659,7562037.57494112,170.6,-1.096641140023538e-07,171.6,ASK
1250,1712369736.1612213,7562143.02309577,170.7,7.0160760061158335e-09,171.6,BID
1251,1712369736.167679,7563271.20541653,170.6,-7.506449911340376e-08,171.6,ASK
1252,1712369739.6661873,7564384.39644604,170.6,-7.406704174493219e-08,171.6,ASK
1253,1712369740.2187805,7566077.426419,170.6,-1.1264708244901837e-07,171.6,ASK
1254,1712369741.5063615,7567234.53351088,170.6,-7.69890315369814e-08,171.6,ASK
1255,1712369741.5077686,7568390.55228382,170.6,-7.691661937934302e-08,171.6,ASK
1256,1712369748.2859392,7570411.70221823,170.6,-1.3447880246634674e-07,171.6,ASK
1257,1712369749.145926,7571591.80370827,170.6,-7.85189819258457e-08,171.6,ASK
1258,1712369749.5257795,7573618.54463105,170.6,-1.3485080328021726e-07,171.6,ASK
1259,1712369749.6259806,7574898.64313604,170.6,-8.517236205947445e-08,171.6,ASK
1260,1712369749.6276665,7575651.62463699,170.6,-5.010021711060373e-08,171.6,ASK
1261,1712369752.6557963,7576391.62463699,170.6,-4.9236482722465774e-08,171.6,ASK
1262,1712369758.4860866,7576657.14254987,170.6,-1.7666443418920158e-08,171.6,ASK
1263,1712369758.489179,7577987.32463699,170.6,-8.850471263546877e-08,171.6,ASK
1264,1712369760.325431,7577987.32463699,170.6,-0.0,171.6,ASK
1265,1712369762.0360675,7578075.53982477,170.7,5.867240684856143e-09,171.6,BID
1266,1712369762.0391734,7578188.61560538,170.7,7.520732395055036e-09,171.6,BID
1267,1712369762.0421822,7583845.55545128,170.7,3.762461822170899e-07,171.6,BID
1268,1712369769.5364635,7584964.37746702,170.6,-7.44134679649611e-08,171.6,ASK
1269,1712369769.5381486,7585478.85545128,170.6,-3.421821385511116e-08,171.6,ASK
1270,1712369772.4435475,7585550.54393829,170.6,-4.7680407218771296e-09,171.6,ASK
1271,1712369772.4458437,7599199.97891606,170.5,-9.078314317816864e-07,171.6,ASK
1272,1712369772.4474869,7600099.97891606,170.6,-5.985949527831765e-08,171.6,ASK
1273,1712369776.3162274,7601214.99964641,170.5,-7.416064238180228e-08,171.6,ASK
1274,1712369778.925975,7602070.21501561,170.5,-5.68808448383737e-08,171.6,ASK
1275,1712369779.9459674,7602255.61088376,170.5,-1.2330781215750542e-08,171.6,ASK
1276,1712369779.955856,7607828.45289061,170.5,-3.706527886620567e-07,171.6,ASK
1277,1712369790.3143277,7607828.45289061,170.5,-0.0,171.6,ASK
1278,1712369795.5162213,7608996.72712061,170.6,-7.767626891263998e-08,171.6,ASK
1279,1712369795.996266,7609294.74001627,170.6,1.981429464789689e-08,171.6,BID
1280,1712369797.8861177,7610001.75247577,170.5,-4.7007875820994324e-08,171.6,ASK
1281,1712369804.8361728,7610282.36467597,170.5,-1.86573564349533e-08,171.6,ASK
1282,1712369804.839131,7611126.50670207,170.5,-5.6125352538032894e-08,171.6,ASK
1283,1712369805.3360932,7611518.32193764,170.5,-2.6051028791604843e-08,171.6,ASK
1284,1712369805.339183,7611847.20043939,170.5,-2.18664884369622e-08,171.6,ASK
1285,1712369805.3762314,7612433.71070331,170.5,-3.899592048715697e-08,171.6,ASK
1286,1712369805.3786695,7612533.71070331,170.5,-6.648804443171228e-09,171.6,ASK
1287,1712369805.3811612,7612813.7767162,170.5,-1.8621041508848017e-08,171.6,ASK
1288,1712369805.4630637,7612843.7767162,170.5,-1.9946413329513684e-09,171.6,ASK
1289,1712369805.4645448,7614912.27322395,170.5,-1.3753028771411656e-07,171.6,ASK
1290,1712369805.466018,7615688.39398918,170.5,-5.1602751923027895e-08,171.6,ASK
1291,1712369813.28622,7615718.28847921,170.6,1.987626181355603e-09,171.6,BID
1292,1712369813.526073,7615724.57359372,170.5,-4.1788497279827216e-10,171.6,ASK
1293,1712369813.5360324,7618217.87786298,170.5,-1.657749250363232e-07,171.6,ASK
1294,1712369816.7295723,7619897.03198459,170.5,-1.1164367384532082e-07,171.6,ASK
1295,1712369820.2601223,7619897.03198459,170.5,-0.0,171.6,ASK
1296,1712369823.3063245,7620713.11861693,170.5,-5.4252581329154176e-08,171.6,ASK
1297,1712369826.3662145,7620911.90052615,170.5,-1.3214812336519692e-08,171.6,ASK
1298,1712369850.30101,7620911.90052615,170.5,-0.0,171.6,ASK
1299,1712369851.5263896,7621497.43069603,170.7,3.892498233775551e-08,171.6,BID
1300,1712369865.07065,7622083.25377746,170.7,3.89444545656576e-08,171.6,BID
1301,1712369870.2067227,7630284.77691748,170.7,5.452223639191444e-07,171.6,BID
1302,1712369871.1136832,7635341.91442956,170.7,3.361893177556779e-07,171.6,BID
1303,1712369872.8565476,7635447.36258421,170.7,7.010001821305731e-09,171.6,BID
1304,1712369874.4865808,7636144.78741219,170.6,-4.63635360012136e-08,171.6,ASK
1305,1712369876.0863304,7653886.35741804,170.7,1.1794273542954622e-06,171.6,BID
1306,1712369880.342916,7653886.35741804,170.7,0.0,171.6,BID
1307,1712369895.336519,7653919.4909857,170.7,2.201835514515688e-09,171.6,BID
1308,1712369896.3968546,7654212.40252641,170.7,1.946494381659784e-08,171.6,BID
1309,1712369901.5766666,7654622.47868341,170.7,2.7250921343595932e-08,171.6,BID
1310,1712369905.9766605,7655793.53931595,170.7,7.782086483495169e-08,171.6,BID
1311,1712369910.3222108,7655793.53931595,170.7,0.0,171.6,BID
1312,1712369913.7067168,7655823.35771079,170.7,1.981488412165664e-09,171.6,BID
1313,1712369916.7765706,7655981.71908823,170.7,1.0523411337832394e-08,171.6,BID
1314,1712369916.786579,7656094.79486884,170.7,7.514098266475636e-09,171.6,BID
1315,1712369934.18744,7656409.18079221,170.7,-2.0891535827224106e-08,171.6,ASK
1316,1712369934.1908596,7657287.47626661,170.7,-5.836438595486829e-08,171.6,ASK
1317,1712369940.267868,7657287.47626661,170.7,-0.0,171.6,ASK
1318,1712369947.652846,7658444.54451202,170.7,7.688805787270248e-08,171.6,BID
1319,1712369948.370478,7659136.98588569,170.7,-4.601325170175464e-08,171.6,ASK
1320,1712369948.4667356,7660080.33758666,170.7,-6.268643225343276e-08,171.6,ASK
1321,1712369948.8520129,7661135.33758666,170.7,-7.01055459584916e-08,171.6,ASK
1322,1712369952.2969143,7661227.35658666,170.7,-6.114731974954405e-09,171.6,ASK
1323,1712369960.3468692,7662854.52870992,170.7,-1.0812681523182065e-07,171.6,ASK
1324,1712369970.2694354,7662854.52870992,170.7,-0.0,171.6,ASK
1325,1712369977.536837,7667023.10446696,170.7,2.769875129183536e-07,171.6,BID
1326,1712369977.540639,7667153.20104899,170.7,8.644470149018831e-09,171.6,BID
1327,1712369980.327067,7667819.19870843,170.9,4.425325244149452e-08,171.6,BID
1328,1712369983.1176078,7668880.86800843,170.7,-7.054427125432683e-08,171.6,ASK
1329,1712369986.1067803,7669983.67322697,170.7,-7.327761147220592e-08,171.6,ASK
1330,1712369994.1044402,7678213.47322697,170.7,-5.468418871759272e-07,171.6,ASK
1331,1712369994.6968482,7679495.38660197,170.7,-8.517873206892334e-08,171.6,ASK
1332,1712369997.5525868,7681280.49003184,170.9,1.1861397948853253e-07,171.6,BID
1333,1712369997.556954,7690588.00520734,170.9,6.184523516354092e-07,171.6,BID
1334,1712369997.5586903,7692835.8020496,170.9,1.493583643842163e-07,171.6,BID
1335,1712370000.2756972,7692835.8020496,170.9,0.0,171.6,BID
1336,1712370004.9979815,7701506.64509501,170.9,5.774539347431772e-07,171.6,BID
1337,1712370008.842534,7702187.80010302,170.7,-4.5363021506123174e-08,171.6,ASK
1338,1712370008.8450298,7702607.788726,170.7,-2.7970069532701774e-08,171.6,ASK
1339,1712370008.8972611,7704197.6385096,170.7,-1.0587955616109322e-07,171.6,ASK
1340,1712370008.901459,7705775.67402066,170.7,-1.050927585995435e-07,171.6,ASK
1341,1712370008.937369,7706622.14071223,170.7,-5.637231802212283e-08,171.6,ASK
1342,1712370008.977413,7707044.24959434,170.6,-2.8111272870266207e-08,171.6,ASK
1343,1712370008.9816284,7708210.40731288,170.7,-7.766284772719598e-08,171.6,ASK
1344,1712370010.8529997,7709048.86181175,170.6,-5.5838728361193855e-08,171.6,ASK
1345,1712370012.9270718,7709769.65847175,170.7,-4.8003044835104616e-08,171.6,ASK
1346,1712370014.036987,7711069.85847175,170.7,-8.658968937865539e-08,171.6,ASK
1347,1712370015.3263404,7711135.10950124,170.7,-4.345536359896815e-09,171.6,ASK
1348,1712370015.3306007,7715164.22294165,170.6,-2.683277044119656e-07,171.6,ASK
1349,1712370015.3353662,7716931.55847175,170.6,-1.176996112745358e-07,171.6,ASK
1350,1712370015.4822986,7720838.41810842,170.6,-2.601859424590771e-07,171.6,ASK
1351,1712370016.089864,7724747.20610621,170.6,-2.603143659249164e-07,171.6,ASK
1352,1712370016.2900767,7728646.48453976,170.6,-2.5968105550065293e-07,171.6,ASK
1353,1712370021.8871405,7731234.28805882,170.5,-1.7234048830053549e-07,171.6,ASK
1354,1712370030.262983,7731234.28805882,170.5,-0.0,171.6,ASK
1355,1712370041.7964785,7732444.57084963,170.6,-8.056628911611986e-08,171.6,ASK
1356,1712370042.1272438,7734946.0827476,170.6,-1.665210249452557e-07,171.6,ASK
1357,1712370042.1291003,7736496.08596128,170.6,-1.0318084995715993e-07,171.6,ASK
1358,1712370042.2471836,7739157.6198964,170.6,-1.771733962817948e-07,171.6,ASK
1359,1712370045.739414,7740111.05652729,170.6,-6.34685148309541e-08,171.6,ASK
1360,1712370046.2397618,7742821.85652729,170.6,-1.804529471908746e-07,171.6,ASK
1361,1712370046.6481736,7745101.85652729,170.7,-1.5177538719015828e-07,171.6,ASK
1362,1712370046.6571596,7746754.72108052,170.7,-1.1002813927164628e-07,171.6,ASK
1363,1712370046.742025,7746857.98654315,170.5,-6.874191041211724e-09,171.6,ASK
1364,1712370046.7470806,7747842.7827868,170.7,-6.555606630849919e-08,171.6,ASK
1365,1712370046.7488315,7748289.34793911,170.5,-2.972701706035024e-08,171.6,ASK
1366,1712370046.750453,7749957.80825859,170.5,-1.110663206142461e-07,171.6,ASK
1367,1712370046.752107,7750093.56921567,170.6,-9.03735606408521e-09,171.6,ASK
1368,1712370046.7771142,7750107.54718411,170.5,-9.304875315924663e-10,171.6,ASK
1369,1712370046.7887588,7750166.1982105,170.5,-3.904290455928619e-09,171.6,ASK
1370,1712370046.7917037,7751745.70692755,170.5,-1.0514497679845189e-07,171.6,ASK
1371,1712370052.0571325,7753502.14720858,170.6,1.1692298409196793e-07,171.6,BID
1372,1712370053.9273584,7754990.55856024,170.5,-9.908079350722093e-08,171.6,ASK
1373,1712370057.265126,7755858.99675124,170.6,5.781032574114128e-08,171.6,BID
1374,1712370060.3219976,7755858.99675124,170.6,0.0,171.6,BID
1375,1712370072.0924015,7755858.99675192,170.6,4.524473514977884e-17,171.6,BID
1376,1712370079.4073172,7755917.51548728,170.8,3.8943949392809934e-09,171.6,BID
1377,1712370085.757674,7757251.22771914,170.6,-8.875793597235218e-08,171.6,ASK
1378,1712370085.761572,7758583.68552581,170.6,-8.867445455254444e-08,171.6,ASK
1379,1712370085.939764,7759268.34484842,170.6,-4.5563763207187214e-08,171.6,ASK
1380,1712370086.8574295,7760603.14484842,170.6,-8.883032644207913e-08,171.6,ASK
1381,1712370087.5772502,7761826.75764681,170.6,-8.143086928350846e-08,171.6,ASK
1382,1712370087.5973718,7762817.64269583,170.5,-6.594294453923265e-08,171.6,ASK
1383,1712370087.6004198,7766462.91401781,170.6,-2.4259113088192565e-07,171.6,ASK
1384,1712370088.7682111,7774870.45426075,170.6,-5.595179385337708e-07,171.6,ASK
1385,1712370088.7710743,7792460.55426074,170.6,-1.1706130694838804e-06,171.6,ASK
1386,1712370088.787505,7793360.54631721,170.5,-5.989405766519026e-08,171.6,ASK
1387,1712370088.7905266,7800885.11331766,170.6,-5.007564751160206e-07,171.6,ASK
1388,1712370088.8078363,7801791.41878275,170.5,-6.031421210679351e-08,171.6,ASK
1389,1712370088.811099,7801912.63278176,170.5,-8.06673591652286e-09,171.6,ASK
1390,1712370088.8149436,7802921.38351488,170.5,-6.71318976039248e-08,171.6,ASK
1391,1712370088.8483677,7803973.19004372,170.5,-6.999724101793092e-08,171.6,ASK
1392,1712370088.8522727,7804210.84400266,170.5,-1.5815761726757714e-08,171.6,ASK
1393,1712370088.856164,7806697.0874044,170.5,-1.654583555520555e-07,171.6,ASK
1394,1712370088.8590934,7812015.72039773,170.5,-3.539525809281351e-07,171.6,ASK
1395,1712370090.3300424,7812015.72039773,170.5,-0.0,171.6,ASK
1396,1712370092.717404,7816285.38711081,170.5,-2.83963335874723e-07,171.6,ASK
1397,1712370092.721596,7817773.97212973,170.5,-9.900153714825429e-08,171.6,ASK
1398,1712370099.667277,7824162.66957916,170.8,4.248940166869083e-07,171.6,BID
1399,1712370099.669643,7841181.4721268,170.8,1.1318719396098583e-06,171.6,BID
1400,1712370106.4873836,7842043.73660895,170.9,5.7346747465736486e-08,171.6,BID
1401,1712370120.2592292,7842043.73660895,170.9,0.0,171.6,BID
1402,1712370129.247355,7843214.01162357,170.9,7.780511718372981e-08,171.6,BID
1403,1712370143.1075146,7844016.14895257,170.6,-5.332967729862464e-08,171.6,ASK
1404,1712370143.2274735,7844301.48475088,170.6,-1.8970400074253385e-08,171.6,ASK
1405,1712370143.2299123,7844762.59279073,170.6,-3.065652485675561e-08,171.6,ASK
1406,1712370150.2631404,7844762.59279073,170.6,-0.0,171.6,ASK
1407,1712370150.290884,7846880.29279072,170.6,-1.407898227407116e-07,171.6,ASK
1408,1712370167.7277863,7846940.29279072,170.7,3.988945254041091e-09,171.6,BID
1409,1712370167.7320397,7847465.51527315,170.8,3.4918062143401674e-08,171.6,BID
1410,1712370180.2913637,7847465.51527315,170.8,0.0,171.6,BID
1411,1712370181.237925,7848052.00127315,170.7,-3.898981353387725e-08,171.6,ASK
1412,1712370198.307933,7848637.48136682,170.8,3.892294049646562e-08,171.6,BID
1413,1712370210.2661862,7848637.48136682,170.8,0.0,171.6,BID
1414,1712370240.3549702,7848637.48136682,170.8,0.0,171.6,BID
1415,1712370250.2182996,7849222.66872044,170.8,3.890296147660692e-08,171.6,BID
1416,1712370250.4379554,7850091.08264852,170.7,-5.773172195340905e-08,171.6,ASK
1417,1712370250.4411564,7850091.10691244,170.7,-1.6130531754844557e-12,171.6,ASK
1418,1712370250.5580194,7850223.27308101,170.5,-8.786340532823168e-09,171.6,ASK
1419,1712370250.561195,7850866.98405084,170.6,-4.279358210056534e-08,171.6,ASK
1420,1712370250.5643904,7851963.20691244,170.7,-7.28763454828102e-08,171.6,ASK
1421,1712370268.6978977,7853720.67615672,170.7,1.1683567302601725e-07,171.6,BID
1422,1712370270.3175874,7853720.67615672,170.7,0.0,171.6,BID
1423,1712370286.2714343,7853818.09335153,170.5,-6.4758726602501206e-09,171.6,ASK
1424,1712370286.274794,7854693.87077232,170.5,-5.821788511600037e-08,171.6,ASK
1425,1712370290.2279692,7855187.20410565,170.7,3.2794660654538385e-08,171.6,BID
1426,1712370300.2818797,7855187.20410565,170.7,0.0,171.6,BID
1427,1712370313.7384627,7858693.87077232,170.7,2.3478790219221445e-07,171.6,BID
1428,1712370313.742725,7862202.87077232,170.7,2.3494412988357922e-07,171.6,BID
1429,1712370315.0483437,7875339.17077232,170.7,-8.795373534880644e-07,171.6,ASK
1430,1712370315.051672,7880666.81291516,170.7,-3.56710814357591e-07,171.6,ASK
1431,1712370317.1080575,7883170.31331516,170.7,-1.6762118071844766e-07,171.6,ASK
1432,1712370322.928466,7883445.03184087,170.7,-1.839370333028121e-08,171.6,ASK
1433,1712370322.9398966,7885407.70603979,170.7,-1.314103111741774e-07,171.6,ASK
1434,1712370327.2683842,7893232.69046251,170.8,5.23919679837139e-07,171.6,BID
1435,1712370327.272722,7895923.04174551,170.8,1.801317301982249e-07,171.6,BID
1436,1712370327.2769015,7900009.16974002,170.8,2.735855760225613e-07,171.6,BID
1437,1712370330.2679105,7900009.16974002,170.8,0.0,171.6,BID
1438,1712370330.6234643,7902618.07227771,170.6,-1.745888967497959e-07,171.6,ASK
1439,1712370332.456856,7902952.55223154,170.6,-2.238354452897321e-08,171.6,ASK
1440,1712370333.7082472,7903788.72515033,170.6,-5.5957056760308335e-08,171.6,ASK
1441,1712370341.7080986,7906369.42231056,170.6,-1.727013805770257e-07,171.6,ASK
1442,1712370345.2649803,7919792.13833118,170.6,-8.982540158442665e-07,171.6,ASK
1443,1712370354.1883085,7919852.13833189,170.6,-4.01522624074906e-09,171.6,ASK
1444,1712370360.3201969,7919852.13833189,170.6,-0.0,171.6,ASK
1445,1712370380.338364,7922012.36833189,170.6,-1.445307926864819e-07,171.6,ASK
1446,1712370390.3356884,7922012.36833189,170.6,-0.0,171.6,ASK
1447,1712370399.6284826,7926980.6060368,170.8,3.3239313819742737e-07,171.6,BID
1448,1712370400.4385345,7927118.1060368,170.6,-9.199249153673717e-09,171.6,ASK
1449,1712370416.3219333,7930004.66392676,170.6,-1.9312120164540106e-07,171.6,ASK
1450,1712370420.2451477,7930004.66392676,170.6,-0.0,171.6,ASK
1451,1712370450.2375317,7930004.66392676,170.6,-0.0,171.6,ASK
1452,1712370461.80643,7931838.71177403,170.8,1.2269325846064697e-07,171.6,BID
1453,1712370480.3323617,7931838.71177403,170.8,0.0,171.6,BID
1454,1712370497.8686068,7932574.24317403,170.7,-4.920419779153032e-08,171.6,ASK
1455,1712370497.9687085,7932866.98322086,170.8,1.9583173696877947e-08,171.6,BID
1456,1712370501.8989418,7947255.37322086,170.8,9.625274834779442e-07,171.6,BID
1457,1712370501.9041028,7963049.6380495,170.8,1.0565750566182497e-06,171.6,BID
1458,1712370501.9588149,7979636.0480495,170.8,-1.1095664961287483e-06,171.6,ASK
1459,1712370501.963909,7998014.91194957,170.8,-1.2294747097429596e-06,171.6,ASK
1460,1712370502.0068202,8000536.79624708,170.8,-1.687042779980658e-07,171.6,ASK
1461,1712370502.0092332,8018952.86323589,170.8,-1.2319634520819155e-06,171.6,ASK
1462,1712370502.0587115,8024212.62428175,170.8,-3.518576131983624e-07,171.6,ASK
1463,1712370502.118644,8024287.37328175,170.8,-5.0004181748157205e-09,171.6,ASK
1464,1712370502.138719,8031486.2049172,170.8,-4.815739146667054e-07,171.6,ASK
1465,1712370502.1993103,8038699.6086597,170.8,-4.8254873210823e-07,171.6,ASK
1466,1712370502.238821,8039408.40271111,170.8,-4.7415572875660624e-08,171.6,ASK
1467,1712370502.338694,8067569.99521808,170.8,-1.88390130976886e-06,171.6,ASK
1468,1712370502.358709,8071154.16484624,170.8,-2.397670463860846e-07,171.6,ASK
1469,1712370502.420167,8074745.58966609,170.8,-2.402523905698191e-07,171.6,ASK
1470,1712370502.5188024,8076625.83919057,170.8,-1.257814003587698e-07,171.6,ASK
1471,1712370502.6185324,8077724.32470398,170.8,-7.348442020685017e-08,171.6,ASK
1472,1712370502.6292963,8078829.15939194,170.8,-7.390915535794684e-08,171.6,ASK
1473,1712370506.458804,8078942.31539194,170.8,-7.569697507562804e-09,171.6,ASK
1474,1712370507.3488889,8078942.31546463,170.7,-4.8626607948957046e-15,171.6,ASK
1475,1712370507.3538027,8079937.77258199,170.6,-6.65922201221147e-08,171.6,ASK
1476,1712370507.3585014,8080159.31539262,170.8,-1.4820354744233436e-08,171.6,ASK
1477,1712370509.5288837,8081448.56829283,170.6,-8.624601846391452e-08,171.6,ASK
1478,1712370509.5318248,8081480.11975247,170.6,-2.110670272879761e-09,171.6,ASK
1479,1712370509.5385773,8082566.12033862,170.6,-7.264922699772984e-08,171.6,ASK
1480,1712370510.3365598,8082566.12033862,170.6,-0.0,171.6,ASK
1481,1712370511.8388343,8083940.50628783,170.9,9.17830260702106e-08,171.6,BID
1482,1712370524.559471,8083999.43527857,170.9,3.935343704960533e-09,171.6,BID
1483,1712370529.188637,8084450.75768933,170.9,3.013981379583621e-08,171.6,BID
1484,1712370534.609055,8085271.70499518,170.7,-5.482377640601856e-08,171.6,ASK
1485,1712370540.314046,8085271.70499518,170.7,-0.0,171.6,ASK
1486,1712370546.069595,8085585.73208848,170.7,-2.0970432110945835e-08,171.6,ASK
1487,1712370549.6191306,8086659.40192041,170.6,-7.169865530838347e-08,171.6,ASK
1488,1712370549.632455,8086686.46710789,170.6,-1.807387606783256e-09,171.6,ASK
1489,1712370550.2288537,8088372.93783486,170.6,-1.1262091915477233e-07,171.6,ASK
1490,1712370550.248918,8090059.5553009,170.6,-1.1263071825102064e-07,171.6,ASK
