,time,acc_trade_volume,trade_price,dev,high,ask_bid
0,1712365207.1546304,338809.37330354,766.6,0.0,772.5,BID
1,1712365211.2673123,339825.03105458,768.0,1.799981815190977e-07,772.5,BID
2,1712365211.268207,340111.45663687,768.0,5.076127652248416e-08,772.5,BID
3,1712365230.9887483,340111.45663687,768.0,0.0,772.5,BID
4,1712365260.6684391,340111.45663687,768.0,0.0,772.5,BID
5,1712365266.0055394,340176.56080353,767.9,1.1519523086685052e-08,772.5,BID
6,1712365290.6366818,340176.56080353,767.9,0.0,772.5,BID
7,1712365320.9758568,340176.56080353,767.9,0.0,772.5,BID
8,1712365350.9571884,340176.56080353,767.9,0.0,772.5,BID
9,1712365374.0562267,340954.24592893,767.9,1.3760229138150394e-07,772.5,BID
10,1712365380.675703,340954.24592893,767.9,0.0,772.5,BID
11,1712365410.6555834,340954.24592893,767.9,0.0,772.5,BID
12,1712365420.246007,340980.29437904,767.8,4.608481772251121e-09,772.5,BID
13,1712365440.9656258,340980.29437904,767.8,0.0,772.5,BID
14,1712365470.9423697,340980.29437904,767.8,0.0,772.5,BID
15,1712365492.6756344,341045.3985457,766.6,-1.1518163363197812e-08,772.5,ASK
16,1712365492.6857295,341502.36851517,766.6,-8.084666512850744e-08,772.5,ASK
17,1712365500.6157002,341502.36851517,766.6,-0.0,772.5,ASK
18,1712365503.9457667,341696.4402057,766.6,-3.4422321827139513e-08,772.5,ASK
19,1712365503.9470928,341962.36738439,766.6,-4.7167265366995775e-08,772.5,ASK
20,1712365525.188059,342151.58826064,766.6,3.356193724547647e-08,772.5,BID
21,1712365525.6855648,343012.21099381,766.6,1.526478829139256e-07,772.5,BID
22,1712365525.7662675,343204.65584797,766.6,3.4133771318126275e-08,772.5,BID
23,1712365526.315684,343517.84241181,766.6,5.55496201583871e-08,772.5,BID
24,1712365526.3763638,343818.6409255,766.6,5.3352362805138654e-08,772.5,BID
25,1712365530.9793496,343818.6409255,766.6,0.0,772.5,BID
26,1712365532.2157028,344125.49254757,766.6,5.44088613478186e-08,772.5,BID
27,1712365560.6327147,344125.49254757,766.6,0.0,772.5,BID
28,1712365580.335992,344175.49254757,766.5,-8.865293214181009e-09,772.5,ASK
29,1712365580.3453135,344182.0170094,766.5,-1.1568253437598198e-09,772.5,ASK
30,1712365586.775708,344362.45768907,766.5,3.199319066081683e-08,772.5,BID
31,1712365590.684369,344362.45768907,766.5,0.0,772.5,BID
32,1712365592.3658285,344375.50400349,766.1,-2.3131135607362e-09,772.5,ASK
33,1712365611.740721,345170.34502037,766.5,1.4092543499975988e-07,772.5,BID
34,1712365613.0657778,345407.073362,766.5,4.1971971516938935e-08,772.5,BID
35,1712365618.2461045,345443.17030361,766.5,6.399993320067691e-09,772.5,BID
36,1712365618.2472365,345633.31534045,766.5,3.3712744386173607e-08,772.5,BID
37,1712365620.9458723,345633.31534045,766.5,0.0,772.5,BID
38,1712365625.5146222,346699.91446098,766.5,1.890755336178485e-07,772.5,BID
39,1712365641.931189,346776.68993141,766.5,1.360995219375968e-08,772.5,BID
40,1712365650.9857228,346776.68993141,766.5,0.0,772.5,BID
41,1712365664.0575254,347103.47070414,766.1,-5.7919278450199136e-08,772.5,ASK
42,1712365664.095857,347103.47070415,766.1,-1.764180044526717e-18,772.5,ASK
43,1712365664.1261108,347153.47070399,766.0,-8.862100083342972e-09,772.5,ASK
44,1712365664.1357927,347283.93384815,766.0,-2.3123548888643448e-08,772.5,ASK
45,1712365664.1957512,347283.93384831,766.0,-2.835068282081532e-17,772.5,ASK
46,1712365673.8656342,347545.03045405,766.0,-4.6277285177829643e-08,772.5,ASK
47,1712365680.6076095,347545.03045405,766.0,-0.0,772.5,ASK
48,1712365710.697801,347545.03045405,766.0,-0.0,772.5,ASK
49,1712365726.945872,348629.77485873,766.0,1.922422152268206e-07,772.5,BID
50,1712365740.9514077,348629.77485873,766.0,0.0,772.5,BID
51,1712365747.4862316,348741.9848679,766.0,1.9883324165637363e-08,772.5,BID
52,1712365747.4872174,349793.20420174,766.0,1.8627335420896602e-07,772.5,BID
53,1712365747.5058978,350235.0670708,766.0,7.829696055869687e-08,772.5,BID
54,1712365747.5069623,350500.77945868,766.0,4.7083549695082594e-08,772.5,BID
55,1712365747.56618,350831.72271748,766.0,5.864229175117165e-08,772.5,BID
56,1712365762.6061745,355589.56050876,766.0,8.430765831965162e-07,772.5,BID
57,1712365770.332305,355599.56050876,765.9,1.771974203789958e-09,772.5,BID
58,1712365770.347178,355649.56050876,765.5,-8.859871018949791e-09,772.5,ASK
59,1712365770.9373305,355649.56050876,765.5,-0.0,772.5,ASK
60,1712365771.2759688,356301.28321771,765.5,1.1537365325041132e-07,772.5,BID
61,1712365800.7576735,356301.28321771,765.5,0.0,772.5,BID
62,1712365801.5760803,356431.91679053,765.5,2.3203650855434185e-08,772.5,BID
63,1712365804.5159671,356441.91179302,765.5,1.775351795631744e-09,772.5,BID
64,1712365807.0188751,356491.91179302,765.0,-8.881197365472648e-09,772.5,ASK
65,1712365807.0196264,356505.24956486,765.3,-2.369107682541534e-09,772.5,ASK
66,1712365807.0203378,359505.24956402,765.0,-5.328718417791557e-07,772.5,ASK
67,1712365809.2960634,359505.24956486,765.0,-1.4920318403879156e-16,772.5,ASK
68,1712365811.5859523,360505.24956486,764.7,-1.7762394730945297e-07,772.5,ASK
69,1712365811.5872903,360605.24956486,764.7,-1.7762394730945295e-08,772.5,ASK
70,1712365830.6583698,360605.24956486,764.7,-0.0,772.5,ASK
71,1712365847.578793,360833.65791174,765.0,4.054708074464372e-08,772.5,BID
72,1712365848.95372,361156.78983074,765.0,5.736242212614388e-08,772.5,BID
73,1712365860.9830437,361156.78983074,765.0,0.0,772.5,BID
74,1712365866.4847872,361383.89719096,765.0,4.031310993318757e-08,772.5,BID
75,1712365877.0859754,361477.69615183,765.0,1.6649957172276853e-08,772.5,BID
76,1712365877.1860034,361723.77253655,765.0,4.368024153672908e-08,772.5,BID
77,1712365879.1333466,362034.90669712,765.0,5.522844176814935e-08,772.5,BID
78,1712365879.4360106,362133.53025318,765.0,1.7506355820428558e-08,772.5,BID
79,1712365881.0761473,362200.84093602,765.0,1.1948106632821484e-08,772.5,BID
80,1712365881.0779097,363484.91123647,765.0,2.2793126182188906e-07,772.5,BID
81,1712365882.4462607,363835.37156423,765.0,6.220910544918248e-08,772.5,BID
82,1712365882.4475822,363935.37156422,765.0,1.7750684033358384e-08,772.5,BID
83,1712365882.4660444,363935.37156423,765.0,1.7771483713547416e-18,772.5,BID
84,1712365890.9562771,363935.37156423,765.0,0.0,772.5,BID
85,1712365892.0542183,364638.59177986,765.2,1.24779317912622e-07,772.5,BID
86,1712365897.7073154,364859.40540705,765.3,3.9181145783600544e-08,772.5,BID
87,1712365897.708254,364859.40540706,765.3,1.776478086263645e-18,772.5,BID
88,1712365910.2361522,366891.93189306,765.5,3.6065127669175403e-07,772.5,BID
89,1712365910.2563074,366891.93189312,765.5,1.064854015661522e-17,772.5,BID
90,1712365912.486018,367220.13545879,766.0,5.8236404685982096e-08,772.5,BID
91,1712365912.4921603,369342.94934412,766.0,3.766718629236343e-07,772.5,BID
92,1712365912.5495408,371344.09468412,766.0,3.550830095882717e-07,772.5,BID
93,1712365912.6462762,371857.19752379,766.0,9.104491157964717e-08,772.5,BID
94,1712365912.9059489,372302.37276956,766.0,7.899184677021928e-08,772.5,BID
95,1712365920.6381383,372302.37276956,766.0,0.0,772.5,BID
96,1712365950.6591556,372302.37276956,766.0,0.0,772.5,BID
97,1712365980.9784417,372302.37276956,766.0,0.0,772.5,BID
98,1712366011.00867,372302.37276956,766.0,0.0,772.5,BID
99,1712366040.588848,372302.37276956,766.0,0.0,772.5,BID
100,1712366070.6793966,372302.37276956,766.0,0.0,772.5,BID
101,1712366100.6961188,372302.37276956,766.0,0.0,772.5,BID
102,1712366113.54619,372464.76153338,765.6,-2.8883697510873508e-08,772.5,ASK
103,1712366113.5477097,372510.65781668,765.6,-8.163461144261564e-09,772.5,ASK
104,1712366113.6866107,372739.51881879,765.6,-4.070695411111161e-08,772.5,ASK
105,1712366114.0660338,373180.5726619,765.6,-7.844918263261078e-08,772.5,ASK
106,1712366119.22971,373896.2292127,765.0,-1.272921035219795e-07,772.5,ASK
107,1712366130.6286695,373896.2292127,765.0,-0.0,772.5,ASK
108,1712366146.8760557,374071.46823538,765.0,3.116258076789244e-08,772.5,BID
109,1712366147.022378,374211.95070101,765.0,2.498185686449852e-08,772.5,BID
110,1712366148.3064198,374282.64112838,765.0,1.25708082523224e-08,772.5,BID
111,1712366153.5861447,374282.64112839,765.0,1.7700227669626787e-18,772.5,BID
112,1712366160.9561417,374282.64112839,765.0,0.0,772.5,BID
113,1712366171.4959724,374292.7370397,765.0,-1.7952514758500861e-09,772.5,ASK
114,1712366190.708114,375248.57478711,766.0,1.6996673940786376e-07,772.5,BID
115,1712366190.9686413,375248.57478711,766.0,0.0,772.5,BID
116,1712366192.955936,376503.11183058,766.0,2.2305199899100906e-07,772.5,BID
117,1712366193.0560489,376944.16567369,766.0,7.841772539154224e-08,772.5,BID
118,1712366193.7959783,377105.08802932,766.0,2.8611393575384373e-08,772.5,BID
119,1712366193.8059292,378116.08802932,766.0,1.7975202259167073e-07,772.5,BID
120,1712366195.575812,380810.16224324,766.4,4.789963293414273e-07,772.5,BID
121,1712366196.7728093,381149.96668873,766.4,6.041596079373897e-08,772.5,BID
122,1712366196.8685815,382041.38830363,766.4,1.5849143250267868e-07,772.5,BID
123,1712366196.8771596,383187.28654963,766.4,2.037364267089489e-07,772.5,BID
124,1712366220.617785,383187.28654963,766.4,0.0,772.5,BID
125,1712366244.1961713,385466.16210051,767.1,-4.047378145054692e-07,772.5,ASK
126,1712366250.6562471,385466.16210051,767.1,-0.0,772.5,ASK
127,1712366264.682439,386466.16210051,767.8,1.7754905160597393e-07,772.5,BID
128,1712366264.7365873,386768.58460636,767.8,-5.3694829097975044e-08,772.5,ASK
129,1712366264.76233,386768.58460637,767.8,-1.7775709785187802e-18,772.5,ASK
130,1712366280.9961033,386768.58460637,767.8,-0.0,772.5,ASK
131,1712366292.1061203,386833.69725124,767.9,1.15586361193458e-08,772.5,BID
132,1712366303.85593,387583.69725124,767.9,1.3313815015218837e-07,772.5,BID
133,1712366304.7035437,387648.80989611,767.9,1.1558636119335469e-08,772.5,BID
134,1712366304.7599998,387713.92254098,767.9,1.15586361193458e-08,772.5,BID
135,1712366304.815923,387779.03518585,767.9,1.15586361193458e-08,772.5,BID
136,1712366306.057674,388430.1616346,767.9,1.1558636120232361e-07,772.5,BID
137,1712366306.0588872,391482.56151877,767.9,5.418544988041935e-07,772.5,BID
138,1712366306.250588,391673.30023037,768.0,3.38594656331174e-08,772.5,BID
139,1712366307.1460898,393600.84128244,768.0,3.4217233335333364e-07,772.5,BID
140,1712366307.1481204,394321.98587186,768.0,1.2801580883685102e-07,772.5,BID
141,1712366310.9759536,394321.98587186,768.0,0.0,772.5,BID
142,1712366315.4576516,395026.1608431,768.1,1.2487482075783373e-07,772.5,BID
143,1712366318.397113,396563.33105486,768.1,2.7259397523005097e-07,772.5,BID
144,1712366318.446308,396780.1868677,768.1,3.845611085978071e-08,772.5,BID
145,1712366318.611309,397262.04478746,768.1,8.54502415142843e-08,772.5,BID
146,1712366318.6762023,397262.04478748,768.1,3.540532298673385e-18,772.5,BID
147,1712366340.6473925,397262.04478748,768.1,0.0,772.5,BID
148,1712366349.0460622,397693.81424559,768.1,7.653715686390992e-08,772.5,BID
149,1712366361.3162634,398622.58069821,768.1,1.6463680406036618e-07,772.5,BID
150,1712366364.3362217,398803.69303018,768.1,3.210468619678211e-08,772.5,BID
151,1712366364.9638095,401113.69303018,768.1,4.094797096800999e-07,772.5,BID
152,1712366365.3561854,402386.85256354,768.1,2.2568527969554e-07,772.5,BID
153,1712366370.675377,402386.85256354,768.1,0.0,772.5,BID
154,1712366400.7294805,402386.85256354,768.1,0.0,772.5,BID
155,1712366430.0160882,402468.17341637,769.2,1.4483905812600693e-08,772.5,BID
156,1712366430.6661632,402468.17341637,769.2,0.0,772.5,BID
157,1712366460.9784548,402468.17341637,769.2,0.0,772.5,BID
158,1712366490.9579625,402468.17341637,769.2,0.0,772.5,BID
159,1712366510.2057886,403660.73791385,767.5,-2.1240307767611418e-07,772.5,ASK
160,1712366520.708498,403660.73791385,767.5,-0.0,772.5,ASK
161,1712366549.266054,405004.40183824,768.0,2.3927580909179296e-07,772.5,BID
162,1712366550.6282306,405004.40183824,768.0,0.0,772.5,BID
163,1712366552.5295606,405784.10183824,768.0,1.38821224316684e-07,772.5,BID
164,1712366557.0555785,406463.58316511,768.0,1.2097785006594096e-07,772.5,BID
165,1712366567.1301005,407860.0559906,768.0,2.486341764261966e-07,772.5,BID
166,1712366580.949224,407860.0559906,768.0,0.0,772.5,BID
167,1712366589.8485334,407990.26432393,768.0,2.3173816687738443e-08,772.5,BID
168,1712366594.178869,411179.45124393,768.0,5.675952619691992e-07,772.5,BID
169,1712366601.9154987,411192.47207726,768.0,2.3173816682496522e-09,772.5,BID
170,1712366604.565761,411322.68041059,768.0,2.3173816687738443e-08,772.5,BID
171,1712366608.5457191,412913.73826441,768.0,2.831683817852596e-07,772.5,BID
172,1712366610.5560198,413978.6312064,768.0,1.8952422781728065e-07,772.5,BID
173,1712366610.8171444,414074.4022064,768.0,1.7044835313089e-08,772.5,BID
174,1712366610.955999,414074.4022064,768.0,0.0,772.5,BID
175,1712366611.7155232,416679.58652319,768.0,4.63263950662671e-07,772.5,BID
176,1712366612.1156013,417799.02073236,768.0,1.99062120443754e-07,772.5,BID
177,1712366612.2568083,418769.02073236,768.0,1.724891514380361e-07,772.5,BID
178,1712366612.340726,420014.72419166,768.0,2.215158068433819e-07,772.5,BID
179,1712366612.3556623,420984.94458492,768.0,1.7252834261989356e-07,772.5,BID
180,1712366612.4954283,421316.94458492,768.0,5.903752399734845e-08,772.5,BID
181,1712366612.5866957,421329.97729702,768.0,2.317527269142162e-09,772.5,BID
182,1712366612.5879955,422649.90230539,768.0,2.347141697480175e-07,772.5,BID
183,1712366616.255795,422649.9023054,768.0,1.7803223572814358e-18,772.5,BID
184,1712366640.6492684,422649.9023054,768.0,0.0,772.5,BID
185,1712366670.646215,422649.9023054,768.0,0.0,772.5,BID
186,1712366700.9792228,422649.9023054,768.0,0.0,772.5,BID
187,1712366730.9754193,422649.9023054,768.0,0.0,772.5,BID
188,1712366760.6392756,422649.9023054,768.0,0.0,772.5,BID
189,1712366779.1207926,422669.9023054,768.9,3.560670534149147e-09,772.5,BID
190,1712366779.1233275,422865.73685935,769.2,3.486511629090042e-08,772.5,BID
191,1712366790.646126,422865.73685935,769.2,0.0,772.5,BID
192,1712366816.2059238,422878.73737937,769.2,2.314460021906684e-09,772.5,BID
193,1712366818.5979605,425195.0554124,769.2,4.123700803669186e-07,772.5,BID
194,1712366818.6006567,426188.3230012,769.2,1.76829705411187e-07,772.5,BID
195,1712366818.6031437,427513.16152782,769.3,2.3585870416111986e-07,772.5,BID
196,1712366818.6055913,427533.16152782,769.2,3.5605652979137674e-09,772.5,BID
197,1712366818.6081407,428079.87299578,769.2,9.733009403949968e-08,772.5,BID
198,1712366820.9800503,428079.87299578,769.2,0.0,772.5,BID
199,1712366850.9790878,428079.87299578,769.2,0.0,772.5,BID
200,1712366880.626727,428079.87299578,769.2,0.0,772.5,BID
201,1712366882.4494922,428079.8729958,769.2,-3.5518386755566144e-18,772.5,ASK
202,1712366882.451662,428339.88339619,769.2,-4.625617149666942e-08,772.5,ASK
203,1712366910.686288,428339.88339619,769.2,-0.0,772.5,ASK
204,1712366911.3559563,434339.88339619,769.2,1.0673694362955582e-06,772.5,BID
205,1712366911.357977,441326.8963832,769.2,1.2429540188891024e-06,772.5,BID
206,1712366940.6660812,441326.8963832,769.2,0.0,772.5,BID
207,1712366943.7474864,443923.96169939,769.0,4.611851179844978e-07,772.5,BID
208,1712366970.9795206,443923.96169939,769.0,0.0,772.5,BID
209,1712367000.7395203,443923.96169939,769.0,0.0,772.5,BID
210,1712367009.736029,444054.1700327,768.0,-2.3245927417051364e-08,772.5,ASK
211,1712367019.5359514,444054.17003272,768.0,-3.574758335754427e-18,772.5,ASK
212,1712367028.434282,444156.17686011,767.7,-1.821114858990305e-08,772.5,ASK
213,1712367029.716116,444314.68846439,767.7,-2.829887422858616e-08,772.5,ASK
214,1712367029.7187605,444336.04123863,767.6,-3.81208350892956e-09,772.5,ASK
215,1712367030.7066891,444336.04123863,767.6,-0.0,772.5,ASK
216,1712367060.97114,444336.04123863,767.6,-0.0,772.5,ASK
217,1712367066.785961,444466.11936363,768.0,2.3221369840017938e-08,772.5,BID
218,1712367067.6458647,444735.8334059,767.7,-4.814898374801527e-08,772.5,ASK
219,1712367067.6859014,444735.83340591,767.7,-1.7872782138746625e-18,772.5,ASK
220,1712367067.7658107,445114.48063166,767.6,-6.759558740592867e-08,772.5,ASK
221,1712367067.8859994,445114.48063167,767.6,-1.7872782138746625e-18,772.5,ASK
222,1712367090.5459344,446416.76076196,767.5,-2.3248127646959297e-07,772.5,ASK
223,1712367090.54739,446462.76076196,767.5,-8.211857394476012e-09,772.5,ASK
224,1712367090.9795997,446462.76076196,767.5,-0.0,772.5,ASK
225,1712367120.659327,446462.76076196,767.5,-0.0,772.5,ASK
226,1712367127.3960824,446561.07002415,767.2,1.7544922811081664e-08,772.5,BID
227,1712367127.4760833,447580.38606306,767.2,1.8191389930490378e-07,772.5,BID
228,1712367150.6659615,447580.38606306,767.2,0.0,772.5,BID
229,1712367180.9689505,447580.38606306,767.2,0.0,772.5,BID
230,1712367211.000203,447580.38606306,767.2,0.0,772.5,BID
231,1712367225.0658295,449791.6243565,768.8,3.945718691023569e-07,772.5,BID
232,1712367229.5159042,450052.3125734,767.3,-4.65170295306218e-08,772.5,ASK
233,1712367240.6697874,450052.3125734,767.3,-0.0,772.5,ASK
234,1712367270.629748,450052.3125734,767.3,-0.0,772.5,ASK
235,1712367300.9758933,450052.3125734,767.3,-0.0,772.5,ASK
236,1712367331.0100703,450052.3125734,767.3,-0.0,772.5,ASK
237,1712367360.6505954,450052.3125734,767.3,-0.0,772.5,ASK
238,1712367390.6858711,450052.3125734,767.3,-0.0,772.5,ASK
239,1712367420.9557214,450052.3125734,767.3,-0.0,772.5,ASK
240,1712367450.96982,450052.3125734,767.3,-0.0,772.5,ASK
241,1712367458.8257997,450225.5903985,767.3,-3.124041148086965e-08,772.5,ASK
242,1712367458.8857608,450573.62105769,767.3,-6.274675362978664e-08,772.5,ASK
243,1712367478.0158734,450595.78244473,767.1,3.995495959835131e-09,772.5,BID
244,1712367480.7062469,450595.78244473,767.1,0.0,772.5,BID
245,1712367503.6958444,453625.38347417,768.2,5.461683724109518e-07,772.5,BID
246,1712367503.698747,454274.50746685,767.7,1.1702233763779145e-07,772.5,BID
247,1712367503.755663,454404.88556332,767.0,-2.3504214599582144e-08,772.5,ASK
248,1712367510.6484516,454404.88556332,767.0,-0.0,772.5,ASK
249,1712367541.0058258,454404.88556332,767.0,-0.0,772.5,ASK
250,1712367548.2197762,454665.60776382,767.1,-4.697752366843488e-08,772.5,ASK
251,1712367552.95637,454926.32996432,767.1,-4.6977523668445363e-08,772.5,ASK
252,1712367570.9456775,454926.32996432,767.1,-0.0,772.5,ASK
253,1712367600.7512708,454926.32996432,767.1,-0.0,772.5,ASK
254,1712367630.6709335,454926.32996432,767.1,-0.0,772.5,ASK
255,1712367660.9867013,454926.32996432,767.1,-0.0,772.5,ASK
256,1712367665.486021,455424.20160223,767.1,-8.989857952004957e-08,772.5,ASK
257,1712367665.4883604,455437.23941187,767.0,-2.3541822378324347e-09,772.5,ASK
258,1712367665.54596,456267.65706029,766.6,1.4994500854621286e-07,772.5,BID
259,1712367690.9758437,456267.65706029,766.6,0.0,772.5,BID
260,1712367720.65883,456267.65706029,766.6,0.0,772.5,BID
261,1712367723.3923628,457818.17889232,767.1,-2.799191954126005e-07,772.5,ASK
262,1712367723.395402,458486.40725376,766.6,-1.2063676977785884e-07,772.5,ASK
263,1712367723.4564693,458932.54713357,766.6,8.054263643253377e-08,772.5,BID
264,1712367750.6985369,458932.54713357,766.6,0.0,772.5,BID
265,1712367752.9356008,459062.65648009,768.2,2.3480270057919483e-08,772.5,BID
266,1712367780.708373,459062.65648009,768.2,0.0,772.5,BID
267,1712367802.315667,459072.65648009,768.2,-1.8046241232609127e-09,772.5,ASK
268,1712367810.7001548,459072.65648009,768.2,-0.0,772.5,ASK
269,1712367840.715629,459072.65648009,768.2,-0.0,772.5,ASK
270,1712367870.6807992,459072.65648009,768.2,-0.0,772.5,ASK
271,1712367900.6960917,459072.65648009,768.2,-0.0,772.5,ASK
272,1712367930.67736,459072.65648009,768.2,-0.0,772.5,ASK
273,1712367936.8856194,459098.69136683,768.0,4.708540567537634e-09,772.5,BID
274,1712367960.9602964,459098.69136683,768.0,0.0,772.5,BID
275,1712367990.9858491,459098.69136683,768.0,0.0,772.5,BID
276,1712368004.2259064,459105.69136683,768.0,1.2659807248053262e-09,772.5,BID
277,1712368020.67002,459105.69136683,768.0,0.0,772.5,BID
278,1712368028.665808,459118.86659739,766.5,-2.3827959595233916e-09,772.5,ASK
279,1712368028.668982,459735.69461596,766.5,-1.1155594611278897e-07,772.5,ASK
280,1712368050.6488986,459735.69461596,766.5,-0.0,772.5,ASK
281,1712368080.9806092,459735.69461596,766.5,-0.0,772.5,ASK
282,1712368101.3957696,459774.43672132,766.5,-7.006061123379058e-09,772.5,ASK
283,1712368101.3990016,461144.29973501,766.5,-2.47723863104392e-07,772.5,ASK
284,1712368108.2057116,464156.02037431,765.3,-5.446348020952106e-07,772.5,ASK
285,1712368108.2087443,467358.29633431,765.3,-5.79094525226022e-07,772.5,ASK
286,1712368110.9541266,467358.29633431,765.3,-0.0,772.5,ASK
287,1712368140.6677668,467358.29633431,765.3,-0.0,772.5,ASK
288,1712368153.7544467,467426.80365857,765.3,1.2375696945071204e-08,772.5,BID
289,1712368170.655728,467426.80365857,765.3,0.0,772.5,BID
290,1712368200.7507205,467426.80365857,765.3,0.0,772.5,BID
291,1712368230.6922996,467426.80365857,765.3,0.0,772.5,BID
292,1712368260.9657376,467426.80365857,765.3,0.0,772.5,BID
293,1712368278.6557443,467688.13908258,765.3,-4.7295553689241524e-08,772.5,ASK
294,1712368278.6657083,468354.43334626,765.3,-1.2058356129900346e-07,772.5,ASK
295,1712368291.0111375,468354.43334626,765.3,-0.0,772.5,ASK
296,1712368300.2502508,468404.43334626,765.0,-9.047659385669496e-09,772.5,ASK
297,1712368304.3857143,468586.05107437,765.8,3.28643068467674e-08,772.5,BID
298,1712368320.675748,468586.05107437,765.8,0.0,772.5,BID
299,1712368327.97616,468847.48898287,765.7,4.730650491633776e-08,772.5,BID
300,1712368327.9794495,470800.21560349,765.7,3.533407684012842e-07,772.5,BID
301,1712368346.5559678,470850.21560349,764.7,-9.047369065135621e-09,772.5,ASK
302,1712368346.5597725,471274.49898258,764.7,-7.677296637659433e-08,772.5,ASK
303,1712368347.2556033,471339.59376965,764.7,1.1778731256774853e-08,772.5,BID
304,1712368350.6497154,471339.59376965,764.7,0.0,772.5,BID
305,1712368356.1958008,471371.88721294,764.5,-5.8411861119867195e-09,772.5,ASK
306,1712368356.1991632,471421.88721294,764.5,-9.043919627155807e-09,772.5,ASK
307,1712368356.3157277,471488.56052739,764.5,-1.2059761943230385e-08,772.5,ASK
308,1712368373.3958943,471750.16942209,764.5,-4.7319396348319134e-08,772.5,ASK
309,1712368373.3994322,472051.20266435,764.5,-5.4450408962029375e-08,772.5,ASK
310,1712368380.9757242,472051.20266435,764.5,-0.0,772.5,ASK
311,1712368410.995855,472051.20266435,764.5,-0.0,772.5,ASK
312,1712368417.7557762,472239.5390345,764.5,3.4062628046900445e-08,772.5,BID
313,1712368417.8157525,472426.02442572,764.5,3.3727858895474666e-08,772.5,BID
314,1712368440.598918,472426.02442572,764.5,0.0,772.5,BID
315,1712368450.2260025,472439.10487045,764.5,2.365614422463752e-09,772.5,BID
316,1712368470.6597898,472439.10487045,764.5,0.0,772.5,BID
317,1712368471.157678,472524.53619811,764.5,1.545033211936443e-08,772.5,BID
318,1712368489.5261986,472534.53619811,764.0,-1.8085089559705478e-09,772.5,ASK
319,1712368489.528189,472584.53619811,764.3,-9.042544779852741e-09,772.5,ASK
320,1712368489.5300732,472715.4091205,764.1,-2.3668485223624983e-08,772.5,ASK
321,1712368489.532153,472940.06173535,764.0,-4.06286265938476e-08,772.5,ASK
322,1712368489.5347311,472990.06173535,763.9,-9.042544779852741e-09,772.5,ASK
323,1712368489.5374205,473040.06173535,764.1,-9.042544779852741e-09,772.5,ASK
324,1712368489.539206,473170.9517877,764.0,-2.3671583192243813e-08,772.5,ASK
325,1712368489.5407152,483656.90332666,763.5,-1.896393727008228e-06,772.5,ASK
326,1712368489.646618,486163.24297026,763.5,4.532737692154612e-07,772.5,BID
327,1712368500.6758144,486163.24297026,763.5,0.0,772.5,BID
328,1712368504.9056864,486169.84859485,764.5,1.199070102029929e-09,772.5,BID
329,1712368511.405686,486203.28949637,764.3,-6.070279146384161e-09,772.5,ASK
330,1712368511.415768,486454.50746533,764.3,-4.560173706028396e-08,772.5,ASK
331,1712368511.4557445,487013.75976454,764.3,-1.0151692733012309e-07,772.5,ASK
332,1712368511.5358047,487064.14503258,764.2,-9.146064488873804e-09,772.5,ASK
333,1712368511.5392568,487643.17859982,764.2,-1.0510767438996646e-07,772.5,ASK
334,1712368530.8259342,487643.17859982,764.2,-0.0,772.5,ASK
335,1712368560.9807682,487643.17859982,764.2,-0.0,772.5,ASK
336,1712368590.9503396,487643.17859982,764.2,-0.0,772.5,ASK
337,1712368620.6182764,487643.17859982,764.2,-0.0,772.5,ASK
338,1712368650.658373,487643.17859982,764.2,-0.0,772.5,ASK
339,1712368680.9667404,487643.17859982,764.2,-0.0,772.5,ASK
340,1712368695.5656738,487668.01179588,764.0,4.506860822731946e-09,772.5,BID
341,1712368695.5692406,488787.52170371,764.0,2.031746269015878e-07,772.5,BID
342,1712368710.9502287,488787.52170371,764.0,0.0,772.5,BID
343,1712368740.6488886,488787.52170371,764.0,0.0,772.5,BID
344,1712368770.655095,488787.52170371,764.0,0.0,772.5,BID
345,1712368800.7992747,488787.52170371,764.0,0.0,772.5,BID
346,1712368808.1956408,488887.52170371,763.6,1.8253024316252555e-08,772.5,BID
347,1712368830.6561503,488887.52170371,763.6,0.0,772.5,BID
348,1712368830.7868116,490407.53566215,763.6,2.7744465041834736e-07,772.5,BID
349,1712368856.746919,490507.53566215,763.4,1.825276990897457e-08,772.5,BID
350,1712368861.0216618,490507.53566215,763.4,0.0,772.5,BID
351,1712368871.2869928,490607.53566215,763.2,1.824864952998057e-08,772.5,BID
352,1712368883.1871026,490926.42660214,763.0,5.819329002163583e-08,772.5,BID
353,1712368884.2771125,492093.47102814,763.0,2.129698471599096e-07,772.5,BID
354,1712368884.3572829,493703.17109153,763.2,-2.937485230519193e-07,772.5,ASK
355,1712368884.6089325,497796.30122223,763.2,-7.469409723574806e-07,772.5,ASK
356,1712368890.1790054,498249.51685641,763.0,8.270573269658705e-08,772.5,BID
357,1712368891.0034049,498249.51685641,763.0,0.0,772.5,BID
358,1712368903.2874565,498349.51685641,763.0,1.8228995327269164e-08,772.5,BID
359,1712368920.3418105,501576.7913144,762.8,5.882997101451408e-07,772.5,BID
360,1712368920.6829915,501576.7913144,762.8,0.0,772.5,BID
361,1712368923.5478778,501769.33421901,762.9,-3.5082405727229986e-08,772.5,ASK
362,1712368926.7581306,502341.3937137,762.9,-1.0423247396975653e-07,772.5,ASK
363,1712368940.8581114,502394.34915027,762.0,-9.648779917252592e-09,772.5,ASK
364,1712368940.861086,502608.27364121,762.0,-3.897825163356661e-08,772.5,ASK
365,1712368950.613248,502608.27364121,762.0,-0.0,772.5,ASK
366,1712368957.728474,502614.8939873,762.8,1.206091606857319e-09,772.5,BID
367,1712368980.9685602,502614.8939873,762.8,0.0,772.5,BID
368,1712368983.154297,502654.22277597,762.8,-7.164894046060556e-09,772.5,ASK
369,1712369005.680019,503046.43179835,762.0,-7.145239363561648e-08,772.5,ASK
370,1712369005.6895254,503438.88903367,762.0,-7.14976129133037e-08,772.5,ASK
371,1712369009.0292268,503445.50937976,762.8,1.206090497246008e-09,772.5,BID
372,1712369010.9792116,503445.50937976,762.8,0.0,772.5,BID
373,1712369015.3192844,504104.29153723,762.0,-1.2000268224103694e-07,772.5,ASK
374,1712369015.3226826,509445.50937976,762.0,-9.729475218315485e-07,772.5,ASK
375,1712369015.379708,510181.81137968,762.0,-1.3412357017860089e-07,772.5,ASK
376,1712369015.3834066,510234.76681037,762.0,-9.646274796568993e-09,772.5,ASK
377,1712369016.5229828,510408.00089929,761.9,-3.1556038806240145e-08,772.5,ASK
378,1712369016.5593293,510486.90642328,761.9,-1.4373301424552286e-08,772.5,ASK
379,1712369017.9093204,510775.3793325,761.9,-5.254775416689652e-08,772.5,ASK
380,1712369017.912512,511961.82807151,761.9,-2.161215652371115e-07,772.5,ASK
381,1712369017.9494042,512874.52376433,761.9,-1.662551572872997e-07,772.5,ASK
382,1712369019.3694792,513169.56854973,761.9,-5.3744876402243284e-08,772.5,ASK
383,1712369020.6399682,513222.5397594,761.9,-9.64914906980144e-09,772.5,ASK
384,1712369020.6443572,514106.74284621,761.9,-1.6106499069510206e-07,772.5,ASK
385,1712369020.6484723,514139.56847646,761.6,-5.979463213421042e-09,772.5,ASK
386,1712369020.650993,514149.56847646,761.5,-1.8215836734543086e-09,772.5,ASK
387,1712369020.6527865,515477.72299718,761.5,-2.419344590768104e-07,772.5,ASK
388,1712369034.9095263,515484.34855477,762.2,1.206900753344788e-09,772.5,BID
389,1712369036.2596073,517518.85359593,761.5,-3.7060211665375067e-07,772.5,ASK
390,1712369040.627078,517518.85359593,761.5,-0.0,772.5,ASK
391,1712369057.0003586,517534.19064178,761.5,2.788325447967735e-09,772.5,BID
392,1712369060.9599578,517540.82228984,761.5,1.2056554585970802e-09,772.5,BID
393,1712369068.0700912,518082.06158587,761.4,-9.839908658553977e-08,772.5,ASK
394,1712369068.0724828,518135.04989258,761.4,-9.633448676447964e-09,772.5,ASK
395,1712369071.050247,518135.04989258,761.4,-0.0,772.5,ASK
396,1712369071.5400329,518135.0498926,761.4,-3.629434568671619e-18,772.5,ASK
397,1712369074.3803008,518145.0498926,761.0,-1.8178778746841358e-09,772.5,ASK
398,1712369074.3836057,518250.85691364,761.0,-1.923442425348617e-08,772.5,ASK
399,1712369074.3862128,518290.27354745,761.1,-7.165462649778583e-09,772.5,ASK
400,1712369074.5202143,518610.11640437,761.0,-5.8143525297058655e-08,772.5,ASK
401,1712369086.484322,518871.66483928,761.0,-4.754631129811806e-08,772.5,ASK
402,1712369087.0471754,518878.29648734,761.5,1.2055526280952495e-09,772.5,BID
403,1712369096.0204928,518943.95636915,761.5,1.19361646396806e-08,772.5,BID
404,1712369098.9309857,519323.89492939,761.0,-6.906819023995887e-08,772.5,ASK
405,1712369098.9351385,519703.98382459,761.0,-6.909551929972086e-08,772.5,ASK
406,1712369100.9571595,519703.98382459,761.0,-0.0,772.5,ASK
407,1712369112.810719,519710.61547265,761.5,1.2145930981962688e-09,772.5,BID
408,1712369130.9654503,519710.61547265,761.5,0.0,772.5,BID
409,1712369138.6110566,519717.24712071,761.5,1.2145919748047935e-09,772.5,BID
410,1712369141.9611557,520819.83317447,761.0,-2.019395722320809e-07,772.5,ASK
411,1712369141.9655104,521377.24712071,761.0,-1.0209083769564557e-07,772.5,ASK
412,1712369146.1212494,521669.03879063,761.1,-5.3441892180290455e-08,772.5,ASK
413,1712369147.1511917,522465.21056245,761.1,-1.458195362405525e-07,772.5,ASK
414,1712369147.1557796,523738.70205215,761.1,-2.3324104798370905e-07,772.5,ASK
415,1712369147.1812284,525040.70205215,761.0,-2.384624058589865e-07,772.5,ASK
416,1712369148.2510529,531040.70205215,761.0,-1.0989050961243125e-06,772.5,ASK
417,1712369150.5412595,544181.30651996,761.0,-2.406712869305056e-06,772.5,ASK
418,1712369150.6009855,552731.19514976,761.0,-1.5659193644304118e-06,772.5,ASK
419,1712369150.603049,552784.20246355,761.0,-9.708334542621236e-09,772.5,ASK
420,1712369153.211218,552817.50146355,761.0,-6.098740132640409e-09,772.5,ASK
421,1712369160.6345046,552817.50146355,761.0,-0.0,772.5,ASK
422,1712369164.431351,552824.13398259,761.4,1.2091718823185043e-09,772.5,BID
423,1712369174.1912844,552922.79422619,761.5,1.7986709385047378e-08,772.5,BID
424,1712369179.36152,553078.2613671,761.5,2.8343152017889008e-08,772.5,BID
425,1712369179.4420004,554104.2029636,761.5,1.870390004013132e-07,772.5,BID
426,1712369179.5213754,554381.75663927,761.5,5.060069913542774e-08,772.5,BID
427,1712369179.8015468,554449.41545565,761.5,1.2334851639913898e-08,772.5,BID
428,1712369190.6274278,554449.41545565,761.5,0.0,772.5,BID
429,1712369211.5818777,554502.42462174,761.1,-9.661890815497138e-09,772.5,ASK
430,1712369211.5861344,554602.42462174,761.1,-1.822683042982368e-08,772.5,ASK
431,1712369211.6616025,556452.0280516,761.1,3.371240807847795e-07,772.5,BID
432,1712369215.461829,556458.66318495,761.1,1.2093745045035906e-09,772.5,BID
433,1712369220.9788637,556458.66318495,761.1,0.0,772.5,BID
434,1712369223.3919623,557115.60708194,761.1,1.1970668407606797e-07,772.5,BID
435,1712369231.662039,558385.06846522,761.1,2.313180980161709e-07,772.5,BID
436,1712369232.444191,559017.86707398,761.1,1.1530698966788257e-07,772.5,BID
437,1712369232.4620483,559250.50713396,761.1,4.2391093502895483e-08,772.5,BID
438,1712369241.1479297,559338.04059725,761.0,-1.5950130116353596e-08,772.5,ASK
439,1712369243.0421906,559351.18120171,761.0,-2.3944482837462463e-09,772.5,ASK
440,1712369243.0449562,559363.64773842,761.0,-2.271621333737649e-09,772.5,ASK
441,1712369243.0519557,559416.65503128,761.0,-9.65885715536292e-09,772.5,ASK
442,1712369243.6920855,559469.67999324,761.0,9.662076774863249e-09,772.5,BID
443,1712369244.172133,559477.79797324,760.9,-1.4792381383646351e-09,772.5,ASK
444,1712369244.1768503,559673.44676767,760.8,-3.565063703612706e-08,772.5,ASK
445,1712369250.982139,559673.44676767,760.8,-0.0,772.5,ASK
446,1712369266.6830587,559680.08277292,761.0,1.2086575274681503e-09,772.5,BID
447,1712369269.7412188,559733.10397538,760.8,-9.657086312316633e-09,772.5,ASK
448,1712369269.7434912,559841.45518095,760.8,-1.9734689061874693e-08,772.5,ASK
449,1712369269.745533,559936.13589908,760.3,-1.7244796886381123e-08,772.5,ASK
450,1712369269.747513,560869.02478023,760.2,-1.6991294099515594e-07,772.5,ASK
451,1712369269.7494495,562634.38713719,760.3,-3.215365903208358e-07,772.5,ASK
452,1712369269.7513683,562897.33743958,760.6,-4.7892798507338655e-08,772.5,ASK
453,1712369280.666477,562897.33743958,760.6,-0.0,772.5,ASK
454,1712369292.6226828,562903.97344483,761.0,1.2081181611578703e-09,772.5,BID
455,1712369293.282602,563035.44859602,760.6,-2.3935713114849417e-08,772.5,ASK
456,1712369307.8446076,563166.92374721,760.6,-2.3935713114849417e-08,772.5,ASK
457,1712369310.6270957,563166.92374721,760.6,-0.0,772.5,ASK
458,1712369318.42647,563173.56324234,760.6,1.2087083898319931e-09,772.5,BID
459,1712369322.6028862,565789.42970009,760.2,-4.762138795544918e-07,772.5,ASK
460,1712369322.605479,568733.56324234,760.2,-5.359743238908878e-07,772.5,ASK
461,1712369325.6330976,570064.03459044,760.2,-2.4220996467066255e-07,772.5,ASK
462,1712369325.6376228,570117.1153191,760.2,-9.663253125885848e-09,772.5,ASK
463,1712369328.9828925,570248.65964953,760.2,2.394741357758114e-08,772.5,BID
464,1712369340.9591649,570248.65964953,760.2,0.0,772.5,BID
465,1712369343.2231777,573299.92237538,760.2,5.549331332093305e-07,772.5,BID
466,1712369343.2430098,573995.33645991,760.2,1.2647495528221917e-07,772.5,BID
467,1712369344.3231554,574001.97595504,760.6,1.207524938500236e-09,772.5,BID
468,1712369361.6931784,574605.31279437,760.6,1.0972886726322853e-07,772.5,BID
469,1712369364.763385,575712.82583097,760.6,2.014233891640359e-07,772.5,BID
470,1712369364.7679536,575791.65560133,760.6,1.4336769851201513e-08,772.5,BID
471,1712369365.6631768,575791.65560134,760.6,1.8208310324446945e-18,772.5,BID
472,1712369365.6731155,576418.15732988,760.6,1.13941865521575e-07,772.5,BID
473,1712369371.0100238,576418.15732988,760.6,0.0,772.5,BID
474,1712369373.5135262,576530.0648147,760.6,-2.0335264423840845e-08,772.5,ASK
475,1712369373.6733494,577469.95853944,760.6,1.7079275308204733e-07,772.5,BID
476,1712369373.7738698,577469.95853945,760.6,1.8192789037165893e-18,772.5,BID
477,1712369400.7401423,577469.95853945,760.6,0.0,772.5,BID
478,1712369417.243945,577740.67571995,760.1,-4.931677137754959e-08,772.5,ASK
479,1712369429.924856,577780.14940416,760.0,-7.190953511031177e-09,772.5,ASK
480,1712369429.9296126,577787.14940416,760.0,-1.2751957559738115e-09,772.5,ASK
481,1712369429.933218,577840.21940705,760.1,-9.667806064991751e-09,772.5,ASK
482,1712369429.9367073,578071.79835441,760.0,-4.2186927263752017e-08,772.5,ASK
483,1712369429.9395351,579566.90803879,760.1,-2.7236536060524665e-07,772.5,ASK
484,1712369429.9415574,580372.50880285,760.0,-1.4675695361980398e-07,772.5,ASK
485,1712369430.598158,580372.50880285,760.0,-0.0,772.5,ASK
486,1712369435.1937563,580441.76446944,760.0,-1.2611293368720353e-08,772.5,ASK
487,1712369435.4737563,581202.85446944,760.0,-1.3859269201507197e-07,772.5,ASK
488,1712369437.2044926,581207.83362862,760.0,-9.066931305603443e-10,772.5,ASK
489,1712369437.2090776,581748.07726489,760.0,-9.837709061302236e-08,772.5,ASK
490,1712369437.2839596,583347.28445589,760.0,-2.912118536448515e-07,772.5,ASK
491,1712369437.9436865,583839.41257598,760.0,-8.961536872064055e-08,772.5,ASK
492,1712369437.953862,583892.50725114,760.0,-9.668414986522368e-09,772.5,ASK
493,1712369458.0140977,583945.59119955,759.9,-9.666461670671504e-09,772.5,ASK
494,1712369458.019728,583952.39379955,759.9,-1.238737398611469e-09,772.5,ASK
495,1712369458.5342014,583978.67679538,759.8,-4.786071484702937e-09,772.5,ASK
496,1712369458.5368848,584018.91852711,759.8,-7.32792433459534e-09,772.5,ASK
497,1712369458.674031,585274.1109787,759.8,-2.285675818403341e-07,772.5,ASK
498,1712369458.8545084,585654.3995042,759.8,-6.924964260663994e-08,772.5,ASK
499,1712369458.8591926,585745.20088066,759.8,-1.653471626518077e-08,772.5,ASK
500,1712369461.0601356,585745.20088066,759.8,-0.0,772.5,ASK
501,1712369471.224292,585751.84212211,760.4,1.208455921105245e-09,772.5,BID
502,1712369472.394477,586383.80314105,759.7,-1.1499311401308093e-07,772.5,ASK
503,1712369480.284162,586410.10162888,760.5,4.7853347259868595e-09,772.5,BID
504,1712369483.8599312,586943.81173225,759.7,-9.711514623116366e-08,772.5,ASK
505,1712369484.2785664,587132.91950999,759.7,-3.441049620890766e-08,772.5,ASK
506,1712369486.6076171,588159.77066699,759.7,-1.868482527124876e-07,772.5,ASK
507,1712369486.6098073,588448.20750999,759.7,-5.248464664529748e-08,772.5,ASK
508,1712369486.6442409,588660.75694663,759.7,-3.867599562066704e-08,772.5,ASK
509,1712369486.6488934,588874.3763601,759.7,-3.88706911223208e-08,772.5,ASK
510,1712369486.6685028,589159.30115044,759.7,-5.184558527941152e-08,772.5,ASK
511,1712369490.9647136,589159.30115044,759.7,-0.0,772.5,ASK
512,1712369501.3878107,589188.11296744,759.7,-5.2401928596257705e-09,772.5,ASK
513,1712369501.3921626,589240.87715044,759.7,-9.596565707745146e-09,772.5,ASK
514,1712369503.7355566,589241.20645391,759.7,-5.989256741455556e-11,772.5,ASK
515,1712369504.234446,589260.95368929,759.6,-3.591558346891891e-09,772.5,ASK
516,1712369504.2457893,589690.94580808,759.6,-7.820546793615932e-08,772.5,ASK
517,1712369504.3402526,590143.82495021,759.6,-8.236807997427166e-08,772.5,ASK
518,1712369504.854478,590952.18964674,759.6,-1.4702255365304064e-07,772.5,ASK
519,1712369504.9345455,591027.94289412,759.6,-1.3777736614589145e-08,772.5,ASK
520,1712369504.9943137,591027.94289413,759.6,-1.8208963177902057e-18,772.5,ASK
521,1712369520.6955583,591027.94289413,759.6,-0.0,772.5,ASK
522,1712369521.9445214,591595.19860408,759.3,-1.0314386380641865e-07,772.5,ASK
523,1712369521.950175,591723.35697866,759.3,-2.3302982590503832e-08,772.5,ASK
524,1712369521.964393,591834.30795826,759.3,-2.017416930021908e-08,772.5,ASK
525,1712369522.024279,592447.03698384,759.3,-1.1141225739313389e-07,772.5,ASK
526,1712369522.0848396,592532.52788028,759.3,-1.5544773237933092e-08,772.5,ASK
527,1712369522.0905128,592923.78861231,759.3,-7.114277203282878e-08,772.5,ASK
528,1712369524.074391,593231.29103058,759.2,-5.591303356466796e-08,772.5,ASK
529,1712369524.0781054,593636.17413973,759.2,-7.361972305466783e-08,772.5,ASK
530,1712369524.8545337,593964.10225203,759.2,-5.962702879861414e-08,772.5,ASK
531,1712369524.8986402,594293.08637526,759.2,-5.98190428156259e-08,772.5,ASK
532,1712369524.9746015,594683.15457295,759.2,-7.09259340224075e-08,772.5,ASK
533,1712369525.0744567,594777.89595742,759.2,-1.7226785531112095e-08,772.5,ASK
534,1712369532.91405,595123.71937619,759.2,-6.288092474172835e-08,772.5,ASK
535,1712369532.91655,595149.4675378,759.2,-4.681777243987288e-09,772.5,ASK
536,1712369534.674649,595202.613671,759.2,-9.663538733008353e-09,772.5,ASK
537,1712369534.679544,596303.7928255,759.2,-2.0022693601132508e-07,772.5,ASK
538,1712369535.1545148,604530.82061791,759.2,1.4959169546777367e-06,772.5,BID
539,1712369539.6950834,604852.29071261,759.1,-5.8452770212741536e-08,772.5,ASK
540,1712369539.6974795,606096.61115405,759.1,-2.262542551660545e-07,772.5,ASK
541,1712369539.8170514,606425.94852725,759.1,-5.988327410701194e-08,772.5,ASK
542,1712369539.8193195,606479.11051461,759.1,-9.666421488150671e-09,772.5,ASK
543,1712369539.8215125,606886.99288842,759.1,-7.416507806860282e-08,772.5,ASK
544,1712369541.9654105,607216.37365258,759.0,-5.989116386675653e-08,772.5,ASK
545,1712369541.9693122,607239.54788842,759.0,-4.213761419024421e-09,772.5,ASK
546,1712369545.614636,607292.6278937,759.0,-9.651514721507745e-09,772.5,ASK
547,1712369545.6185818,607292.62888842,759.0,-1.808694977451429e-13,772.5,ASK
548,1712369547.8446925,607299.28150335,759.1,1.2096421354020481e-09,772.5,BID
549,1712369550.7751782,607299.28150335,759.1,0.0,772.5,BID
550,1712369559.5047293,607562.75140191,759.1,4.7799254803276176e-08,772.5,BID
551,1712369562.124669,607562.8403823,759.0,-1.614300668485543e-11,772.5,ASK
552,1712369562.4447668,607569.56854148,758.9,-1.220636576553483e-09,772.5,ASK
553,1712369562.9648924,608242.9183823,758.8,-1.2216052303892553e-07,772.5,ASK
554,1712369563.3646326,608488.42485481,758.8,-4.454029283611137e-08,772.5,ASK
555,1712369563.5528722,608501.60355802,758.8,-2.390907637468138e-09,772.5,ASK
556,1712369563.5552006,609506.24956489,758.8,-1.822649597997511e-07,772.5,ASK
557,1712369563.664927,610268.1493252,758.8,-1.382254328735832e-07,772.5,ASK
558,1712369563.7447915,610967.0101392,758.8,-1.267887766420057e-07,772.5,ASK
559,1712369563.8249145,611490.16254965,758.8,-9.491139407089604e-08,772.5,ASK
560,1712369564.854627,612536.18754965,758.8,-1.897720224544658e-07,772.5,ASK
561,1712369573.8359432,612542.84016458,759.1,1.206931182226732e-09,772.5,BID
562,1712369580.465665,612543.0108243,758.8,-3.0961439936451494e-11,772.5,ASK
563,1712369580.479703,612595.93116458,758.8,-9.60091776384228e-09,772.5,ASK
564,1712369580.93886,612595.93116458,758.8,-0.0,772.5,ASK
565,1712369590.585057,612596.19379145,758.8,-4.7611593962494197e-11,772.5,ASK
566,1712369600.5051093,612602.84903657,758.8,1.2065285948591322e-09,772.5,BID
567,1712369604.310058,612734.67081352,758.6,-2.3897954237018684e-08,772.5,ASK
568,1712369604.3145888,612903.53120259,758.6,-3.061267981521204e-08,772.5,ASK
569,1712369607.7950492,612979.38879085,758.6,-1.3752213137409721e-08,772.5,ASK
570,1712369607.79775,613124.97421419,758.6,-2.6393164051189374e-08,772.5,ASK
571,1712369610.9851596,613124.97421419,758.6,-0.0,772.5,ASK
572,1712369612.2612183,613178.16230108,758.6,-9.641760422814532e-09,772.5,ASK
573,1712369612.2652657,613788.23207902,758.6,-1.1059143097723865e-07,772.5,ASK
574,1712369626.2979136,613794.88907875,758.6,1.206758886903084e-09,772.5,BID
575,1712369634.9324565,614322.24570366,758.5,-9.559746424587645e-08,772.5,ASK
576,1712369634.934841,614486.13107875,758.5,-2.9708598594490983e-08,772.5,ASK
577,1712369637.2753909,614507.10607875,758.5,-3.802278605862934e-09,772.5,ASK
578,1712369640.7101655,614507.10607875,758.5,-0.0,772.5,ASK
579,1712369647.61527,614560.27807875,758.5,-9.637012701237088e-09,772.5,ASK
580,1712369652.0452795,614566.93507848,758.6,1.2065295823082963e-09,772.5,BID
581,1712369653.6753745,614566.94037473,758.5,-9.599042433221344e-13,772.5,ASK
582,1712369654.8550584,614909.86863302,758.3,-6.215308772948011e-08,772.5,ASK
583,1712369654.8575275,614922.96449473,758.3,-2.3735233888722582e-09,772.5,ASK
584,1712369668.7232969,614922.96449702,758.3,-4.150457936254169e-16,772.5,ASK
585,1712369669.495247,615022.95049473,758.1,-1.8121686787727162e-08,772.5,ASK
586,1712369670.6603444,615022.95049473,758.1,-0.0,772.5,ASK
587,1712369671.706324,615022.96449702,758.1,-2.5376265797584377e-12,772.5,ASK
588,1712369673.255471,615084.58949473,758.0,-1.1168261225567522e-08,772.5,ASK
589,1712369674.9030004,615259.46410537,758.0,-3.169242038008387e-08,772.5,ASK
590,1712369674.9054992,615461.6913504,758.0,-3.664952183934175e-08,772.5,ASK
591,1712369674.9109416,615488.36945066,758.0,-4.8348560450649184e-09,772.5,ASK
592,1712369677.855576,615495.02820593,758.4,1.206762207816812e-09,772.5,BID
593,1712369700.6993003,615495.02820593,758.4,0.0,772.5,BID
594,1712369703.7957911,615501.68608331,758.5,1.2160179924582727e-09,772.5,BID
595,1712369710.8055084,616396.70009284,758.0,-1.6346848657131793e-07,772.5,ASK
596,1712369710.8260353,616449.93904771,758.0,-9.723748775522656e-09,772.5,ASK
597,1712369710.8321638,617375.4474141,758.0,-1.690380824790929e-07,772.5,ASK
598,1712369710.9656584,617698.50310002,758.0,-5.9004019482696574e-08,772.5,ASK
599,1712369713.0555654,618483.01803684,758.0,-1.4328654976240298e-07,772.5,ASK
600,1712369717.3127282,618788.96101242,758.0,-5.5878494261170894e-08,772.5,ASK
601,1712369726.306027,618864.73171891,758.5,1.3839026634756152e-08,772.5,BID
602,1712369726.446164,618922.70701383,758.5,1.0588810474667204e-08,772.5,BID
603,1712369726.451952,619013.54202516,758.5,1.6590423917068676e-08,772.5,BID
604,1712369726.507373,620032.85806407,758.5,1.8617144362465202e-07,772.5,BID
605,1712369726.5859444,620454.90667247,758.5,7.708443280225187e-08,772.5,BID
606,1712369726.6657598,621474.22271138,758.5,1.8617144362465202e-07,772.5,BID
607,1712369726.6872046,622003.60578192,758.5,9.668837407707617e-08,772.5,BID
608,1712369727.50561,622690.54576674,758.6,1.2546511952680857e-07,772.5,BID
609,1712369730.641204,622690.54576674,758.6,0.0,772.5,BID
610,1712369746.3858576,622758.03851654,758.6,1.2314839415661948e-08,772.5,BID
611,1712369755.019601,623279.85176081,758.0,-9.521091268611536e-08,772.5,ASK
612,1712369755.0959322,624734.28904832,758.0,-2.6537904721499014e-07,772.5,ASK
613,1712369755.10138,627526.20264652,758.0,-5.094172000123266e-07,772.5,ASK
614,1712369760.9922893,627526.20264652,758.0,-0.0,772.5,ASK
615,1712369761.0885856,627741.54626535,757.7,-3.926569376811928e-08,772.5,ASK
616,1712369769.5253124,630588.53617035,758.0,5.191193237024933e-07,772.5,BID
617,1712369769.5761266,630810.18458735,758.0,4.0415308860304624e-08,772.5,BID
618,1712369769.6295922,632639.31253468,758.0,3.335226659271406e-07,772.5,BID
619,1712369789.5660942,633159.31185639,758.0,9.481652735675109e-08,772.5,BID
620,1712369790.956109,633159.31185639,758.0,0.0,772.5,BID
621,1712369820.6868007,633159.31185639,758.0,0.0,772.5,BID
622,1712369829.3264534,633291.23797776,758.0,-2.4036657198575392e-08,772.5,ASK
623,1712369829.3307147,639363.78143479,758.0,-1.1064044321492187e-06,772.5,ASK
624,1712369829.4864256,640714.73471458,758.0,2.461407986559274e-07,772.5,BID
625,1712369829.4923327,643920.46346419,758.0,5.84076922945797e-07,772.5,BID
626,1712369850.643649,643920.46346419,758.0,0.0,772.5,BID
627,1712369854.5179214,647708.0504335,758.6,6.890661703778758e-07,772.5,BID
628,1712369854.5364442,648126.6792163,758.8,7.616008147438942e-08,772.5,BID
629,1712369854.5462797,649024.30551096,758.6,1.633028939806914e-07,772.5,BID
630,1712369880.952789,649024.30551096,758.6,0.0,772.5,BID
631,1712369910.9964683,649024.30551096,758.6,0.0,772.5,BID
632,1712369936.3568847,649037.48768865,758.6,2.3965123327399327e-09,772.5,BID
633,1712369940.6566248,649037.48768865,758.6,0.0,772.5,BID
634,1712369970.6662917,649037.48768865,758.6,0.0,772.5,BID
635,1712370000.6790233,649037.48768865,758.6,0.0,772.5,BID
636,1712370021.7073,649071.79560719,758.6,6.244089620126487e-09,772.5,BID
637,1712370030.638621,649071.79560719,758.6,0.0,772.5,BID
638,1712370060.9971142,649071.79560719,758.6,0.0,772.5,BID
639,1712370080.2572403,649124.30551096,758.6,9.556831366357315e-09,772.5,BID
640,1712370080.2671382,654886.61657426,758.6,1.048743782765343e-06,772.5,BID
641,1712370083.4174006,655180.10185711,758.7,5.341448289426137e-08,772.5,BID
642,1712370083.4227898,656551.76263819,758.8,2.496430165637015e-07,772.5,BID
643,1712370090.9972444,656551.76263819,758.8,0.0,772.5,BID
644,1712370120.6505554,656551.76263819,758.8,0.0,772.5,BID
645,1712370150.6713393,656551.76263819,758.8,0.0,772.5,BID
646,1712370180.7276814,656551.76263819,758.8,0.0,772.5,BID
647,1712370210.6303332,656551.76263819,758.8,0.0,772.5,BID
648,1712370241.008025,656551.76263819,758.8,0.0,772.5,BID
649,1712370270.997955,656551.76263819,758.8,0.0,772.5,BID
650,1712370300.632622,656551.76263819,758.8,0.0,772.5,BID
651,1712370330.6596,656551.76263819,758.8,0.0,772.5,BID
652,1712370349.0483804,658001.4199919,758.8,-2.649767601328974e-07,772.5,ASK
653,1712370360.9707584,658001.4199919,758.8,-0.0,772.5,ASK
654,1712370387.1984203,658008.4199919,758.9,-1.2792432980560907e-09,772.5,ASK
655,1712370390.9901588,658008.4199919,758.9,-0.0,772.5,ASK
656,1712370391.6944065,658040.9199919,758.9,5.939338117817047e-09,772.5,BID
657,1712370417.2086043,658426.62935253,758.9,7.048794793811421e-08,772.5,BID
658,1712370420.6593034,658426.62935253,758.9,0.0,772.5,BID
659,1712370449.7784164,658640.64370575,758.9,3.9108611854089335e-08,772.5,BID
660,1712370449.9465363,658838.41601604,758.9,3.6140569089157865e-08,772.5,BID
661,1712370450.6085055,658838.41601604,758.9,0.0,772.5,BID
662,1712370472.7287,659426.62935253,758.9,1.0748294729291085e-07,772.5,BID
663,1712370480.9816985,659426.62935253,758.9,0.0,772.5,BID
664,1712370511.021826,659426.62935253,758.9,0.0,772.5,BID
665,1712370540.6675367,659426.62935253,758.9,0.0,772.5,BID
666,1712370545.276866,659434.5178616,760.6,1.4413325864320141e-09,772.5,BID
667,1712370570.6788304,659434.5178616,760.6,0.0,772.5,BID
668,1712370589.3890352,659500.22258483,760.6,1.2005089176311208e-08,772.5,BID
669,1712370589.4289725,659614.5253721,760.6,2.0884573997418708e-08,772.5,BID
670,1712370596.1590478,661032.72021827,760.6,2.591222481534985e-07,772.5,BID
671,1712370600.7743983,661032.72021827,760.6,0.0,772.5,BID
672,1712370613.159341,661072.16276362,760.6,7.220128887690192e-09,772.5,BID
673,1712370630.6690702,661072.16276362,760.6,0.0,772.5,BID
674,1712370660.9918008,661072.16276362,760.6,0.0,772.5,BID
675,1712370691.029152,661072.16276362,760.6,0.0,772.5,BID
676,1712370720.6512513,661072.16276362,760.6,0.0,772.5,BID
677,1712370750.7021084,661072.16276362,760.6,0.0,772.5,BID
678,1712370765.1197116,664296.08395362,759.5,-5.901495068409899e-07,772.5,ASK
679,1712370765.125651,678261.08395362,759.5,-2.5563397419880373e-06,772.5,ASK
680,1712370765.1622765,680541.40361946,759.5,4.174201064248769e-07,772.5,BID
681,1712370780.952011,680541.40361946,759.5,0.0,772.5,BID
682,1712370785.8405883,681213.93354985,760.6,1.227765125977551e-07,772.5,BID
683,1712370789.839527,681323.79192217,760.3,-2.005565436364564e-08,772.5,ASK
684,1712370789.8995786,681698.01359733,760.3,-6.831760214446548e-08,772.5,ASK
685,1712370789.9050748,682166.77402093,760.3,-8.557651853514534e-08,772.5,ASK
686,1712370811.001479,682166.77402093,760.3,-0.0,772.5,ASK
687,1712370815.4595118,682269.6814259,760.3,-1.878245343219456e-08,772.5,ASK
688,1712370833.6297543,682569.6814259,760.1,5.4755399101802734e-08,772.5,BID
689,1712370840.6916173,682569.6814259,760.1,0.0,772.5,BID
690,1712370870.681209,682569.6814259,760.1,0.0,772.5,BID
691,1712370883.2596474,682738.79122801,758.9,-3.086385706934952e-08,772.5,ASK
692,1712370883.26589,682778.3169197,759.0,-7.21374682997395e-09,772.5,ASK
693,1712370883.2716818,682821.13415517,758.9,-7.814479226870102e-09,772.5,ASK
694,1712370900.9741254,682821.13415517,758.9,-0.0,772.5,ASK
695,1712370907.5895672,683664.11625394,758.9,1.557826428586311e-07,772.5,BID
696,1712370908.719376,683905.7698478,758.9,4.4657455434366976e-08,772.5,BID
697,1712370911.168964,685349.37323696,758.9,2.6677713741624364e-07,772.5,BID
698,1712370930.9998066,685349.37323696,758.9,0.0,772.5,BID
699,1712370934.9643824,685359.27260396,758.8,-1.8287493271659523e-09,772.5,ASK
700,1712370934.9672334,685646.29303596,758.8,-5.3022422737153225e-08,772.5,ASK
701,1712370935.079011,685646.2930368,758.8,-1.551648095436689e-16,772.5,ASK
702,1712370935.0836282,685785.20364141,758.7,-2.566150691426479e-08,772.5,ASK
703,1712370935.08843,686048.81244594,758.7,-4.8697499943219414e-08,772.5,ASK
704,1712370960.668847,686048.81244594,758.7,-0.0,772.5,ASK
705,1712370990.6439846,686048.81244594,758.7,-0.0,772.5,ASK
706,1712370997.09868,686102.00021235,758.6,-9.824623854519277e-09,772.5,ASK
707,1712370997.1084344,686110.02081365,758.6,-1.4815322427993306e-09,772.5,ASK
708,1712370998.2091413,686116.17337397,758.6,1.136475452269651e-09,772.5,BID
709,1712371008.60858,686202.82758839,758.7,-1.6006407479528643e-08,772.5,ASK
710,1712371020.415223,686252.82758839,758.5,-9.235792850158888e-09,772.5,ASK
711,1712371020.4215,686324.86917125,758.5,-1.3307222717860051e-08,772.5,ASK
712,1712371021.00851,686324.86917125,758.5,-0.0,772.5,ASK
713,1712371021.6389215,686335.02426075,758.3,-1.8757335029671477e-09,772.5,ASK
714,1712371021.6422305,686500.68058603,758.5,-3.059816649628981e-08,772.5,ASK
715,1712371021.6465452,686513.86624003,758.4,-2.435505168749345e-09,772.5,ASK
716,1712371021.6514964,686527.40457402,758.4,-2.500648235469581e-09,772.5,ASK
717,1712371021.6542156,686557.40457402,758.3,-5.541261363472354e-09,772.5,ASK
718,1712371021.657034,686662.88980608,758.4,-1.9484041361047272e-08,772.5,ASK
719,1712371021.6597655,686680.19224545,758.3,-3.195911292486031e-09,772.5,ASK
720,1712371025.8883555,687369.24217545,758.3,1.2727352515374048e-07,772.5,BID
721,1712371034.0640185,687376.85949711,758.2,-1.4069856735980362e-09,772.5,ASK
722,1712371034.0721488,687576.85949711,758.2,-3.694174242314903e-08,772.5,ASK
723,1712371034.075135,688681.76059263,758.2,-2.0408485836877629e-07,772.5,ASK
724,1712371035.3282504,688957.09145173,758.3,5.085600839007907e-08,772.5,BID
725,1712371036.1283464,689534.09526236,758.2,-1.0657763074733481e-07,772.5,ASK
726,1712371036.1331935,699885.69145727,758.1,-1.9120300015040743e-06,772.5,ASK
727,1712371036.1379564,705885.69145727,758.2,-1.1082522726944708e-06,772.5,ASK
728,1712371050.991068,705885.69145727,758.2,-0.0,772.5,ASK
729,1712371077.808244,706341.60824963,758.3,8.398175572662585e-08,772.5,BID
730,1712371080.6397176,706341.60824963,758.3,0.0,772.5,BID
731,1712371090.6551456,706473.49957116,758.2,-2.429337894800318e-08,772.5,ASK
732,1712371110.673769,706473.49957116,758.2,-0.0,772.5,ASK
733,1712371132.9481995,706490.62737089,759.0,3.1547524173788203e-09,772.5,BID
734,1712371141.0281172,706490.62737089,759.0,0.0,772.5,BID
735,1712371142.537927,706536.7467542,758.9,8.494663056377114e-09,772.5,BID
736,1712371147.137777,706549.92372086,758.9,2.427046587551634e-09,772.5,BID
737,1712371147.3578885,706681.69338748,758.9,2.4270465879054334e-08,772.5,BID
738,1712371170.9679537,706681.69338748,758.9,0.0,772.5,BID
739,1712371200.782292,706681.69338748,758.9,0.0,772.5,BID
740,1712371220.647708,706798.085259,759.0,2.1680234959279925e-08,772.5,BID
741,1712371220.8183873,706913.59334266,759.0,2.1515612394085173e-08,772.5,BID
742,1712371223.4375763,710447.14005709,759.0,6.58191349687939e-07,772.5,BID
743,1712371223.4405856,711739.53051683,759.0,2.40732694305799e-07,772.5,BID
744,1712371230.6377444,711739.53051683,759.0,0.0,772.5,BID
745,1712371259.4276829,713439.53051683,760.1,3.164315764778017e-07,772.5,BID
746,1712371259.436508,716662.43206296,760.1,5.998987159262627e-07,772.5,BID
747,1712371259.5475676,716816.29415439,760.1,2.8639308324332752e-08,772.5,BID
748,1712371261.0074875,716816.29415439,760.1,0.0,772.5,BID
749,1712371263.991676,716877.85590064,760.1,1.1450646161731377e-08,772.5,BID
750,1712371263.9979424,720389.34225784,760.1,6.531456663809093e-07,772.5,BID
751,1712371275.767603,720527.78051159,760.1,2.5749878057404376e-08,772.5,BID
752,1712371290.9973893,720527.78051159,760.1,0.0,772.5,BID
753,1712371320.587246,720623.63519333,760.4,1.78198713887023e-08,772.5,BID
754,1712371320.6623354,720623.63519333,760.4,0.0,772.5,BID
755,1712371328.1574552,720634.40966429,760.4,2.0030016447698875e-09,772.5,BID
756,1712371339.5820389,721796.87174033,761.4,2.161046661993846e-07,772.5,BID
757,1712371350.687276,721796.87174033,761.4,0.0,772.5,BID
758,1712371380.9524477,721796.87174033,761.4,0.0,772.5,BID
759,1712371383.7171092,722367.24693047,761.4,1.0601659761297965e-07,772.5,BID
760,1712371383.7200832,722662.0684175,761.4,5.4798966537184975e-08,772.5,BID
761,1712371402.9372644,723213.68386273,761.2,1.0252969221838968e-07,772.5,BID
762,1712371406.8517804,723213.68386274,761.2,-1.8608948333273652e-18,772.5,ASK
763,1712371406.855743,723476.42690003,761.2,-4.8836491035214e-08,772.5,ASK
764,1712371411.009773,723476.42690003,761.2,-0.0,772.5,ASK
765,1712371440.7210317,723476.42690003,761.2,-0.0,772.5,ASK
766,1712371470.6308832,723476.42690003,761.2,-0.0,772.5,ASK
767,1712371500.67697,723476.42690003,761.2,-0.0,772.5,ASK
768,1712371530.6368957,723476.42690003,761.2,-0.0,772.5,ASK
769,1712371540.2507136,724133.2844933,761.2,1.239069327002432e-07,772.5,BID
770,1712371560.669515,724133.2844933,761.2,0.0,772.5,BID
771,1712371564.2267823,724288.14644285,761.2,2.920977044456773e-08,772.5,BID
772,1712371590.6669428,724288.14644285,761.2,0.0,772.5,BID
773,1712371616.1504042,725889.13174285,761.2,3.019681301627275e-07,772.5,BID
774,1712371619.6435893,726109.18504178,761.2,4.1505117638526094e-08,772.5,BID
775,1712371619.7666516,726654.32753322,761.2,1.0282146801248605e-07,772.5,BID
776,1712371620.3306775,727006.46966348,761.2,6.64189112955019e-08,772.5,BID
777,1712371620.4530013,727269.79325835,761.2,4.9666498231206864e-08,772.5,BID
778,1712371620.946837,727269.79325835,761.2,0.0,772.5,BID
779,1712371621.1469576,728313.80195835,761.2,1.9683032455665002e-07,772.5,BID
780,1712371623.5230298,728832.38959633,761.2,9.777099855074957e-08,772.5,BID
781,1712371627.4868524,729545.9108236,760.7,1.3452245631824296e-07,772.5,BID
782,1712371627.5568511,730015.51040611,760.7,8.853512258767655e-08,772.5,BID
783,1712371627.6369543,730015.51040612,760.7,1.88754139669177e-18,772.5,BID
784,1712371628.5770853,730716.34829584,761.2,1.321312258175454e-07,772.5,BID
785,1712371628.5970557,730956.35909449,761.2,4.5250009310627255e-08,772.5,BID
786,1712371628.9968734,731175.24052593,761.2,4.1266421620586735e-08,772.5,BID
787,1712371629.2170537,731580.95625767,761.2,7.649089433461817e-08,772.5,BID
788,1712371629.3169212,731755.94433929,761.2,3.299106693155401e-08,772.5,BID
789,1712371629.3435004,732108.80378699,761.2,6.652572877377868e-08,772.5,BID
790,1712371629.8234954,732457.41851323,761.2,6.572545775821216e-08,772.5,BID
791,1712371631.3736749,733901.81191323,761.2,2.723161422979237e-07,772.5,BID
792,1712371631.5866923,734051.83091162,761.2,2.8283565206668893e-08,772.5,BID
793,1712371635.1970904,738293.79689323,761.2,7.997515163605062e-07,772.5,BID
794,1712371637.726863,738356.98489323,761.2,1.1913037264994774e-08,772.5,BID
795,1712371638.2068737,738695.20678332,761.2,6.37660628676605e-08,772.5,BID
796,1712371638.6769056,738947.82299957,761.2,4.762654931205025e-08,772.5,BID
797,1712371638.7367065,739200.35849651,761.2,4.761133104039853e-08,772.5,BID
798,1712371639.2017117,740228.58242873,761.2,1.9385437142025733e-07,772.5,BID
799,1712371639.5169225,740491.05067742,761.2,4.948398473640159e-08,772.5,BID
800,1712371639.6570053,740693.06371744,761.2,3.8086169427337815e-08,772.5,BID
801,1712371639.7569313,740894.53148619,761.2,3.798336767765794e-08,772.5,BID
1002,1712371639.771363,741147.16690696,761.2,4.763017000207821e-08,772.5,BID
802,1712371639.771363,741147.16690696,761.2,4.7630170002078213e-08,772.5,BID
1003,1712371640.2571251,741409.90994426,761.2,4.953579151856885e-08,772.5,BID
803,1712371640.2571251,741409.90994426,761.2,4.9535791518568854e-08,772.5,BID
804,1712371640.276771,741809.47593087,761.2,7.533146306754668e-08,772.5,BID
805,1712371640.4369495,742108.1672318,761.2,5.6313233504948336e-08,772.5,BID
806,1712371641.6267965,742376.49625791,761.2,5.0588935989902894e-08,772.5,BID
807,1712371641.6469874,742645.22246106,761.2,5.066381705716665e-08,772.5,BID
808,1712371641.7067428,744629.4046687,761.2,3.740842656859966e-07,772.5,BID
809,1712371641.7468276,744796.03702009,761.2,3.141573418473258e-08,772.5,BID
810,1712371641.8267846,749847.70420347,761.2,9.524070932137408e-07,772.5,BID
811,1712371641.846924,750150.51327112,761.2,5.708956933428398e-08,772.5,BID
812,1712371641.8687394,750453.22631256,761.2,5.7071465203466083e-08,772.5,BID
813,1712371641.9268262,750695.89095304,761.2,4.575034666290796e-08,772.5,BID
814,1712371642.8871624,750956.95147198,761.2,4.921858091018144e-08,772.5,BID
815,1712371643.2777908,751730.92717198,761.2,1.4592013287817713e-07,772.5,BID
816,1712371650.4775937,752480.92717198,761.2,1.413999168948369e-07,772.5,BID
817,1712371650.971229,752480.92717198,761.2,0.0,772.5,BID
818,1712371652.9668157,753106.08966848,761.2,1.174390085723376e-07,772.5,BID
819,1712371653.3574994,753272.10399348,761.2,3.1186384093670563e-08,772.5,BID
820,1712371653.9894233,753438.11831848,761.2,3.1186384093670563e-08,772.5,BID
821,1712371654.1835418,754402.4599068,761.2,1.8115501280294816e-07,772.5,BID
822,1712371654.5568368,754590.77230911,761.2,3.5375157583805976e-08,772.5,BID
823,1712371655.136905,757808.09021911,761.2,6.043846643517482e-07,772.5,BID
824,1712371655.3366988,758066.85012524,761.2,4.86089728739575e-08,772.5,BID
825,1712371655.8473778,758220.47097921,761.2,2.8858226280801026e-08,772.5,BID
826,1712371655.906755,761540.30852546,761.2,6.236433443074417e-07,772.5,BID
827,1712371656.1276326,762391.87336367,761.2,1.5996949736164148e-07,772.5,BID
828,1712371656.166739,764442.4642451,761.2,3.852108235072984e-07,772.5,BID
829,1712371656.1867669,764659.54770982,761.2,4.077990445186515e-08,772.5,BID
830,1712371678.1067936,765315.71568882,762.0,1.2326349923756648e-07,772.5,BID
831,1712371680.6409063,765315.71568882,762.0,0.0,772.5,BID
832,1712371710.675842,765315.71568882,762.0,0.0,772.5,BID
833,1712371715.9568238,765688.4033366,762.0,6.988244407962917e-08,772.5,BID
834,1712371740.738448,765688.4033366,762.0,0.0,772.5,BID
835,1712371749.4667609,765717.27472767,762.0,-5.4133694836787675e-09,772.5,ASK
836,1712371770.6427586,765717.27472767,762.0,-0.0,772.5,ASK
837,1712371800.7267363,765717.27472767,762.0,-0.0,772.5,ASK
838,1712371830.6405654,765717.27472767,762.0,-0.0,772.5,ASK
839,1712371860.9704478,765717.27472767,762.0,-0.0,772.5,ASK
840,1712371890.9715917,765717.27472767,762.0,-0.0,772.5,ASK
841,1712371920.6567616,765717.27472767,762.0,-0.0,772.5,ASK
842,1712371950.664165,765717.27472767,762.0,-0.0,772.5,ASK
843,1712371980.997818,765717.27472767,762.0,-0.0,772.5,ASK
844,1712372006.826942,765743.44931214,764.1,4.935001642520651e-09,772.5,BID
845,1712372010.9621131,765743.44931214,764.1,0.0,772.5,BID
846,1712372022.126747,766005.19515692,764.1,4.9349830350252095e-08,772.5,BID
847,1712372040.656591,766005.19515692,764.1,0.0,772.5,BID
848,1712372070.6404438,766005.19515692,764.1,0.0,772.5,BID
849,1712372100.9676995,766005.19515692,764.1,0.0,772.5,BID
850,1712372130.9605756,766005.19515692,764.1,0.0,772.5,BID
851,1712372160.669478,766005.19515692,764.1,0.0,772.5,BID
852,1712372190.669315,766005.19515692,764.1,0.0,772.5,BID
853,1712372212.8267655,766331.30614932,764.0,6.166628552993328e-08,772.5,BID
854,1712372221.0008793,766331.30614932,764.0,0.0,772.5,BID
855,1712372250.9869266,766331.30614932,764.0,0.0,772.5,BID
856,1712372280.6699855,766331.30614932,764.0,0.0,772.5,BID
857,1712372310.646805,766331.30614932,764.0,0.0,772.5,BID
858,1712372314.8668628,766421.54818085,764.1,1.7063603638722663e-08,772.5,BID
859,1712372314.874467,766462.17907171,764.1,7.682777142406064e-09,772.5,BID
860,1712372340.6463263,766462.17907171,764.1,0.0,772.5,BID
861,1712372370.6409028,766462.17907171,764.1,0.0,772.5,BID
862,1712372378.2366223,766472.17907171,764.1,1.890835202266432e-09,772.5,BID
863,1712372400.816836,766472.17907171,764.1,0.0,772.5,BID
864,1712372404.7468536,766586.31466446,763.0,-2.1621091658126807e-08,772.5,ASK
865,1712372404.7534947,776011.35046617,763.0,-1.7854164335588055e-06,772.5,ASK
866,1712372426.0167184,776142.41206513,763.0,-2.482744230522218e-08,772.5,ASK
867,1712372430.6436243,776142.41206513,763.0,-0.0,772.5,ASK
868,1712372449.90685,776799.40067591,764.1,1.24281865923781e-07,772.5,BID
869,1712372459.2674398,777024.99152175,764.1,4.2674790394067946e-08,772.5,BID
870,1712372460.996797,777024.99152175,764.1,0.0,772.5,BID
871,1712372490.9769886,777024.99152175,764.1,0.0,772.5,BID
872,1712372492.1751814,777034.99152175,764.1,1.8914485133080536e-09,772.5,BID
873,1712372520.6412797,777034.99152175,764.1,0.0,772.5,BID
874,1712372543.6269648,777249.2654346,763.0,-4.052874881566456e-08,772.5,ASK
875,1712372550.6103146,777249.2654346,763.0,-0.0,772.5,ASK
876,1712372580.9770455,777249.2654346,763.0,-0.0,772.5,ASK
877,1712372592.6470027,778008.17375276,764.1,1.43538954837591e-07,772.5,BID
878,1712372595.8669105,778334.28474515,764.3,6.168021866223622e-08,772.5,BID
879,1712372611.0067954,778334.28474515,764.3,0.0,772.5,BID
880,1712372623.707026,781539.86125515,764.3,6.062036022573571e-07,772.5,BID
881,1712372626.338159,782491.30748929,764.3,1.7992711535368558e-07,772.5,BID
882,1712372628.646916,783427.88737603,764.3,1.771157541778786e-07,772.5,BID
883,1712372628.6959553,789151.43112826,764.3,1.082374053296071e-06,772.5,BID
884,1712372635.307577,789357.20867928,764.4,-3.891440191893519e-08,772.5,ASK
885,1712372640.690004,789357.20867928,764.4,-0.0,772.5,ASK
886,1712372645.0969183,789926.20867928,764.4,-1.0743190053954309e-07,772.5,ASK
887,1712372670.637058,789926.20867928,764.4,-0.0,772.5,ASK
888,1712372690.0130486,795915.14753824,765.0,1.1306682799696529e-06,772.5,BID
889,1712372698.0569575,798227.63628615,765.0,-4.365811267444901e-07,772.5,ASK
890,1712372701.002179,798227.63628615,765.0,-0.0,772.5,ASK
891,1712372708.2471275,798373.68575444,765.0,-2.758477433298425e-08,772.5,ASK
892,1712372730.0869205,798406.66226444,765.0,-6.22836630141919e-09,772.5,ASK
893,1712372730.972222,798406.66226444,765.0,-0.0,772.5,ASK
894,1712372738.2371154,798439.36287065,765.7,6.176095818313271e-09,772.5,BID
895,1712372760.6618414,798439.36287065,765.7,0.0,772.5,BID
896,1712372790.6073148,798439.36287065,765.7,0.0,772.5,BID
897,1712372800.3676674,798486.25008086,766.8,8.85544847770384e-09,772.5,BID
898,1712372800.3751924,798858.09170628,766.9,7.02286261227054e-08,772.5,BID
899,1712372800.3818464,798939.36287065,766.8,1.5349444029163318e-08,772.5,BID
900,1712372820.987193,798939.36287065,766.8,0.0,772.5,BID
901,1712372851.0022285,798939.36287065,766.8,0.0,772.5,BID
902,1712372880.625743,798939.36287065,766.8,0.0,772.5,BID
903,1712372895.8766556,798952.40408087,766.8,-2.462876378348011e-09,772.5,ASK
1103,1712372895.8766556,798952.40408087,766.8,-2.4628763783480112e-09,772.5,ASK
904,1712372910.691541,798952.40408087,766.8,-0.0,772.5,ASK
905,1712372940.970595,798952.40408087,766.8,-0.0,772.5,ASK
906,1712372970.9564664,798952.40408087,766.8,-0.0,772.5,ASK
907,1712373000.7166204,798952.40408087,766.8,-0.0,772.5,ASK
908,1712373030.6536815,798952.40408087,766.8,-0.0,772.5,ASK
909,1712373053.120838,798965.44529109,766.8,-2.4707918386607237e-09,772.5,ASK
910,1712373053.1326685,799095.85739333,766.8,-2.4707918394018084e-08,772.5,ASK
911,1712373060.9429443,799095.85739333,766.8,-0.0,772.5,ASK
912,1712373085.9225662,799604.46459209,766.8,9.635887356117997e-08,772.5,BID
913,1712373090.9623787,799604.46459209,766.8,0.0,772.5,BID
914,1712373096.012517,799634.39122658,767.4,5.669372634058321e-09,772.5,BID
915,1712373096.0924375,799923.14377831,767.4,-5.470196842008402e-08,772.5,ASK
1115,1712373096.0924375,799923.14377831,767.4,-5.4701968420084024e-08,772.5,ASK
916,1712373100.0422606,800575.20428953,766.8,-1.235278901572812e-07,772.5,ASK
917,1712373120.659402,800575.20428953,766.8,-0.0,772.5,ASK
918,1712373138.111621,800583.6321272,766.8,-1.596364394484862e-09,772.5,ASK
919,1712373145.5415916,801554.3179693,766.8,-1.838630948103205e-07,772.5,ASK
920,1712373150.6761656,801554.3179693,766.8,-0.0,772.5,ASK
921,1712373151.8313353,801560.83987853,766.8,-1.2351760554281623e-09,772.5,ASK
922,1712373180.9361572,801560.83987853,766.8,-0.0,772.5,ASK
923,1712373210.9535198,801560.83987853,766.8,-0.0,772.5,ASK
924,1712373240.6249793,801560.83987853,766.8,-0.0,772.5,ASK
925,1712373258.0002043,808153.38265727,766.8,-1.248552070416636e-06,772.5,ASK
926,1712373270.6847014,808153.38265727,766.8,-0.0,772.5,ASK
927,1712373300.6949885,808153.38265727,766.8,-0.0,772.5,ASK
928,1712373330.7118447,808153.38265727,766.8,-0.0,772.5,ASK
929,1712373360.928684,808153.38265727,766.8,-0.0,772.5,ASK
930,1712373390.973483,808153.38265727,766.8,-0.0,772.5,ASK
931,1712373397.1282704,808179.41754401,768.2,4.9410542173085e-09,772.5,BID
932,1712373420.656192,808179.41754401,768.2,0.0,772.5,BID
933,1712373450.6406064,808179.41754401,768.2,0.0,772.5,BID
934,1712373480.7239995,808179.41754401,768.2,0.0,772.5,BID
935,1712373510.664208,808179.41754401,768.2,0.0,772.5,BID
936,1712373541.0068543,808179.41754401,768.2,0.0,772.5,BID
937,1712373570.9465444,808179.41754401,768.2,0.0,772.5,BID
938,1712373600.7030597,808179.41754401,768.2,0.0,772.5,BID
939,1712373630.6196272,808179.41754401,768.2,0.0,772.5,BID
940,1712373660.9658344,808179.41754401,768.2,0.0,772.5,BID
941,1712373690.942812,808179.41754401,768.2,0.0,772.5,BID
942,1712373720.6998534,808179.41754401,768.2,0.0,772.5,BID
943,1712373750.6199625,808179.41754401,768.2,0.0,772.5,BID
944,1712373768.8452015,808452.94051994,768.0,-5.2141133056131176e-08,772.5,ASK
945,1712373780.9451745,808452.94051994,768.0,-0.0,772.5,ASK
946,1712373790.2152753,808635.18472717,768.2,3.473945441777765e-08,772.5,BID
947,1712373810.9509988,808635.18472717,768.2,0.0,772.5,BID
948,1712373833.6552508,808700.18732727,769.2,1.2390487665440303e-08,772.5,BID
949,1712373840.658182,808700.18732727,769.2,0.0,772.5,BID
950,1712373856.2647977,809025.18732727,769.2,6.19493698087085e-08,772.5,BID
951,1712373856.2711673,809025.18732728,769.2,1.8861776768517256e-18,772.5,BID
952,1712373870.6499577,809025.18732728,769.2,0.0,772.5,BID
953,1712373896.244394,809378.3392186,769.3,-6.731229128375827e-08,772.5,ASK
954,1712373900.444247,809473.98411547,769.2,-1.82303346411514e-08,772.5,ASK
955,1712373900.9544814,809473.98411547,769.2,-0.0,772.5,ASK
956,1712373908.4545946,809538.85677534,769.2,-1.2391547786191013e-08,772.5,ASK
957,1712373908.4619195,811571.42624891,769.2,-3.882480202128135e-07,772.5,ASK
958,1712373930.965693,811571.42624891,769.2,-0.0,772.5,ASK
959,1712373937.885571,814057.77051874,767.2,-4.74778776575848e-07,772.5,ASK
960,1712373946.7848735,814149.27914195,767.2,-1.7473988900461384e-08,772.5,ASK
961,1712373951.3246572,814157.42754195,767.9,1.555974138426673e-09,772.5,BID
962,1712373960.6868925,814157.42754195,767.9,0.0,772.5,BID
963,1712373990.6243308,814157.42754195,767.9,0.0,772.5,BID
964,1712374020.9495678,814157.42754195,767.9,0.0,772.5,BID
965,1712374030.674398,814170.45007092,767.9,2.485769555628137e-09,772.5,BID
966,1712374050.9790618,814170.45007092,767.9,0.0,772.5,BID
967,1712374080.6594036,814170.45007092,767.9,0.0,772.5,BID
968,1712374100.7238772,814903.80657662,767.9,1.399844684388458e-07,772.5,BID
969,1712374100.727778,815897.08772878,767.9,1.8959937358534853e-07,772.5,BID
970,1712374110.647307,815897.08772878,767.9,0.0,772.5,BID
971,1712374140.9797883,815897.08772878,767.9,0.0,772.5,BID
972,1712374142.42352,820290.39309458,767.9,8.383902011391603e-07,772.5,BID
973,1712374158.973666,820564.34077743,767.2,-5.227841768389085e-08,772.5,ASK
974,1712374168.273555,820630.40341597,767.2,-1.2606969969476088e-08,772.5,ASK
975,1712374168.4338744,820806.86561895,767.2,-3.3674914337050286e-08,772.5,ASK
976,1712374170.9788432,820806.86561895,767.2,-0.0,772.5,ASK
977,1712374174.2734995,821593.83417904,767.2,-1.5007206534786398e-07,772.5,ASK
978,1712374192.463672,822403.10842304,767.2,-1.543256787996829e-07,772.5,ASK
979,1712374200.773437,822403.10842304,767.2,-0.0,772.5,ASK
980,1712374203.4437532,822416.14283388,767.2,2.4865430369283234e-09,772.5,BID
981,1712374230.6165037,822416.14283388,767.2,0.0,772.5,BID
982,1712374231.4941623,822481.3148881,767.2,1.243269147089436e-08,772.5,BID
983,1712374236.7931578,822555.74312378,767.0,-1.4198467456752004e-08,772.5,ASK
984,1712374236.801212,822568.78093341,767.0,-2.487186671136629e-09,772.5,ASK
985,1712374260.9729042,822568.78093341,767.0,-0.0,772.5,ASK
986,1712374262.8127558,822568.78093342,767.0,-1.9098648688169573e-18,772.5,ASK
987,1712374287.2131307,822581.82214364,766.8,-2.487779824524262e-09,772.5,ASK
988,1712374287.2212636,823481.88698381,766.5,-1.7169903040984397e-07,772.5,ASK
989,1712374287.252794,823870.78698381,766.8,7.418771398045328e-08,772.5,BID
990,1712374290.9777403,823870.78698381,766.8,0.0,772.5,BID
991,1712374302.0327272,824131.61118829,766.8,4.974612474047851e-08,772.5,BID
992,1712374313.7127552,824131.6111883,766.5,-1.9095012958071412e-18,772.5,ASK
1192,1712374313.7127552,824131.6111883,766.5,-1.909501295807141e-18,772.5,ASK
993,1712374313.720335,824157.89366255,766.0,-5.012768063988761e-09,772.5,ASK
994,1712374313.7255175,824170.93997696,766.5,-2.488279741269286e-09,772.5,ASK
995,1712374320.6712537,824170.93997696,766.5,-0.0,772.5,ASK
996,1712374350.6645951,824170.93997696,766.5,-0.0,772.5,ASK
997,1712374364.0525708,824347.26861149,766.4,3.3629092337395926e-08,772.5,BID
998,1712374364.13251,825366.5846504,766.4,1.944021927286298e-07,772.5,BID
999,1712374364.2125254,825588.84944551,766.4,4.238995746791808e-08,772.5,BID
1000,1712374372.922325,825691.39000019,766.4,1.95563573145856e-08,772.5,BID
1201,1712374373.079031,825793.38498103,766.4,1.945230641501234e-08,772.5,BID
1202,1712374373.0832949,827330.17790354,766.4,2.93094489345288e-07,772.5,BID
1203,1712374373.1732624,827758.50349502,766.4,8.168951630992377e-08,772.5,BID
1204,1712374373.1923845,828807.51930284,766.4,2.000664813096524e-07,772.5,BID
1205,1712374380.992664,828807.51930284,766.4,0.0,772.5,BID
1206,1712374411.0223088,828807.51930284,766.4,0.0,772.5,BID
1207,1712374416.902182,829068.07167386,767.6,4.965844360557351e-08,772.5,BID
1208,1712374440.6107306,829068.07167386,767.6,0.0,772.5,BID
1209,1712374466.3423789,829719.45260142,767.1,1.2414137701703758e-07,772.5,BID
1210,1712374470.657038,829719.45260142,767.1,0.0,772.5,BID
1211,1712374478.9560888,829943.65374929,767.0,4.2724599124780826e-08,772.5,BID
1212,1712374496.9020212,829963.21046376,767.0,3.7267997682567115e-09,772.5,BID
1213,1712374500.9681196,829963.21046376,767.0,0.0,772.5,BID
1214,1712374504.2324362,829975.46835628,766.0,-2.3410208718462462e-09,772.5,ASK
1215,1712374504.2351413,830092.78901518,766.0,-2.2405981349102964e-08,772.5,ASK
1216,1712374504.391997,830093.57743707,766.0,-1.5057336302232324e-10,772.5,ASK
1217,1712374515.1564882,830314.34708333,765.9,4.216274118243061e-08,772.5,BID
1218,1712374530.9978557,830314.34708333,765.9,0.0,772.5,BID
1219,1712374560.633696,830314.34708333,765.9,0.0,772.5,BID
1220,1712374590.6617718,830314.34708333,765.9,0.0,772.5,BID
1221,1712374616.8820112,830433.06986172,765.9,2.267259455340873e-08,772.5,BID
1222,1712374620.9816785,830433.06986172,765.9,0.0,772.5,BID
1223,1712374651.0117729,830433.06986172,765.9,0.0,772.5,BID
1224,1712374680.6748245,830433.06986172,765.9,0.0,772.5,BID
1225,1712374710.6450458,830433.06986172,765.9,0.0,772.5,BID
1226,1712374740.655402,830433.06986172,765.9,0.0,772.5,BID
1227,1712374770.7127502,830433.06986172,765.9,0.0,772.5,BID
1228,1712374800.7061045,830433.06986172,765.9,0.0,772.5,BID
1229,1712374830.671149,830433.06986172,765.9,0.0,772.5,BID
1230,1712374860.957391,830433.06986172,765.9,0.0,772.5,BID
1231,1712374890.9675007,830433.06986172,765.9,0.0,772.5,BID
1232,1712374920.6450582,830433.06986172,765.9,0.0,772.5,BID
1233,1712374950.686522,830433.06986172,765.9,0.0,772.5,BID
1234,1712374962.7122548,830563.60112395,766.1,-2.496600353745408e-08,772.5,ASK
1235,1712374962.8134432,831214.98205151,766.1,1.2458608201487954e-07,772.5,BID
1236,1712374962.8147292,831341.83480379,766.1,2.4262434975741845e-08,772.5,BID
1237,1712374962.892228,831480.40181128,766.1,2.6502956763536746e-08,772.5,BID
1238,1712374965.0222583,832508.94081128,766.1,1.967230521923601e-07,772.5,BID
1239,1712374980.9829514,832508.94081128,766.1,0.0,772.5,BID
1240,1712374981.2227416,832710.36821492,766.1,3.851420736918332e-08,772.5,BID
1241,1712374981.2627022,832748.83421492,766.1,7.354945126070638e-09,772.5,BID
1242,1712374983.5528088,832814.09984603,766.1,1.2479205933398673e-08,772.5,BID
1243,1712374994.4131105,832988.41811699,766.1,3.3330767882955175e-08,772.5,BID
1244,1712375010.9788792,832988.41811699,766.1,0.0,772.5,BID
1245,1712375040.6747577,832988.41811699,766.1,0.0,772.5,BID
1246,1712375070.6502273,832988.41811699,766.1,0.0,772.5,BID
1247,1712375098.2686832,833001.47124321,766.1,2.4956659022572e-09,772.5,BID
1248,1712375100.6291792,833001.47124321,766.1,0.0,772.5,BID
1249,1712375130.606167,833001.47124321,766.1,0.0,772.5,BID
1250,1712375160.930292,833001.47124321,766.1,0.0,772.5,BID
1251,1712375177.7070024,833311.02276173,765.0,-5.934186717172662e-08,772.5,ASK
1252,1712375191.005551,833311.02276173,765.0,-0.0,772.5,ASK
1253,1712375192.177338,833434.95385604,765.0,-2.3756849029536053e-08,772.5,ASK
1254,1712375220.672522,833434.95385604,765.0,-0.0,772.5,ASK
1255,1712375246.4651773,833452.29637007,766.1,3.324395723967641e-09,772.5,BID
1256,1712375250.629795,833452.29637007,766.1,0.0,772.5,BID
1257,1712375280.9527826,833452.29637007,766.1,0.0,772.5,BID
1258,1712375310.969065,833452.29637007,766.1,0.0,772.5,BID
1259,1712375336.7294197,834505.03037007,766.1,2.0179862555921018e-07,772.5,BID
1260,1712375340.6795557,834505.03037007,766.1,0.0,772.5,BID
1261,1712375345.7352946,834790.88883528,766.1,5.478775136950389e-08,772.5,BID
1262,1712375345.7497158,834989.91359035,766.1,3.814516666190776e-08,772.5,BID
1263,1712375370.623713,834989.91359035,766.1,0.0,772.5,BID
1264,1712375395.0402548,834999.91359035,766.9,1.916467680718325e-09,772.5,BID
1265,1712375400.7252283,834999.91359035,766.9,0.0,772.5,BID
1266,1712375430.679468,834999.91359035,766.9,0.0,772.5,BID
1267,1712375460.9505332,834999.91359035,766.9,0.0,772.5,BID
1268,1712375487.681077,835003.0749486,766.9,6.13360475187463e-10,772.5,BID
1269,1712375487.69094,840218.87883438,766.9,1.011959954172706e-06,772.5,BID
1270,1712375490.990821,840218.87883438,766.9,0.0,772.5,BID
1271,1712375520.651257,840218.87883438,766.9,0.0,772.5,BID
1272,1712375520.7812932,840231.90475596,767.7,2.5253025377837128e-09,772.5,BID
1273,1712375550.6516187,840231.90475596,767.7,0.0,772.5,BID
1274,1712375580.99832,840231.90475596,767.7,0.0,772.5,BID
1275,1712375610.969949,840231.90475596,767.7,0.0,772.5,BID
1276,1712375640.6726418,840231.90475596,767.7,0.0,772.5,BID
1277,1712375655.223238,840270.98252071,767.7,-7.575892928077124e-09,772.5,ASK
1278,1712375655.2270184,840279.41804931,767.7,-1.635371466977076e-09,772.5,ASK
1279,1712375658.1524518,840431.51264875,767.7,-2.9486138924985493e-08,772.5,ASK
1280,1712375670.6747727,840431.51264875,767.7,-0.0,772.5,ASK
1281,1712375699.8129225,844304.85580905,767.7,-7.508914984602248e-07,772.5,ASK
1282,1712375700.6862092,844304.85580905,767.7,-0.0,772.5,ASK
1283,1712375701.003754,844441.11360687,767.7,-2.64670886184238e-08,772.5,ASK
1284,1712375701.0068364,846426.43711906,767.7,-3.856346878787376e-07,772.5,ASK
1285,1712375701.4629903,846832.36523135,767.7,-7.884859063170137e-08,772.5,ASK
1286,1712375701.4665446,847494.78446157,767.7,-1.2867012933776086e-07,772.5,ASK
1287,1712375723.5091877,847507.78446157,766.9,-2.525155679486079e-09,772.5,ASK
1288,1712375723.5118165,847520.82397128,766.9,-2.532830154001815e-09,772.5,ASK
1289,1712375730.653156,847520.82397128,766.9,-0.0,772.5,ASK
1290,1712375760.9832518,847520.82397128,766.9,-0.0,772.5,ASK
1291,1712375790.9434087,847520.82397128,766.9,-0.0,772.5,ASK
1292,1712375820.6837747,847520.82397128,766.9,-0.0,772.5,ASK
1293,1712375850.6778922,847520.82397128,766.9,-0.0,772.5,ASK
1294,1712375880.9871323,847520.82397128,766.9,-0.0,772.5,ASK
1295,1712375900.7641966,848439.82469818,766.1,-1.7842365832082017e-07,772.5,ASK
1296,1712375910.996443,848439.82469818,766.1,-0.0,772.5,ASK
1297,1712375940.6970842,848439.82469818,766.1,-0.0,772.5,ASK
1298,1712375952.0461829,848758.5038844,766.3,-6.18629925231773e-08,772.5,ASK
1299,1712375970.6644633,848758.5038844,766.3,-0.0,772.5,ASK
1300,1712376000.7904394,848758.5038844,766.3,-0.0,772.5,ASK
1301,1712376030.6520803,848758.5038844,766.3,-0.0,772.5,ASK
1302,1712376044.714964,851949.1156244,766.6,-6.221248392780506e-07,772.5,ASK
1303,1712376044.7174952,852269.63173791,766.6,-6.249617686276057e-08,772.5,ASK
1304,1712376044.720008,856785.25417091,766.5,-8.804834650205742e-07,772.5,ASK
1305,1712376060.9652662,856785.25417091,766.5,-0.0,772.5,ASK
1306,1712376091.005574,856785.25417091,766.5,-0.0,772.5,ASK
1307,1712376120.6691985,856785.25417091,766.5,-0.0,772.5,ASK
1308,1712376150.677865,856785.25417091,766.5,-0.0,772.5,ASK
1309,1712376180.9771788,856785.25417091,766.5,-0.0,772.5,ASK
1310,1712376208.0269215,859976.64376091,766.5,-6.215308455547268e-07,772.5,ASK
1311,1712376208.0302622,867345.69007532,766.5,-1.4351396022217078e-06,772.5,ASK
1312,1712376208.1059933,873302.02139841,766.5,1.1600099390072263e-06,772.5,BID
1313,1712376208.1093338,885498.31886945,766.5,2.3752584465290595e-06,772.5,BID
1314,1712376209.1360588,889501.65765399,767.8,7.796599160421288e-07,772.5,BID
1315,1712376209.139459,890711.39089556,767.8,2.355984762514361e-07,772.5,BID
1316,1712376210.977058,890711.39089556,767.8,0.0,772.5,BID
1317,1712376240.6682358,890711.39089556,767.8,0.0,772.5,BID
1318,1712376250.7568562,890866.84245806,767.3,-3.012197797340523e-08,772.5,ASK
1319,1712376270.6660078,890866.84245806,767.3,-0.0,772.5,ASK
1320,1712376279.427016,891127.87091016,766.2,-5.057853028369689e-08,772.5,ASK
1321,1712376279.429716,891486.0381003,766.2,-6.940074895047232e-08,772.5,ASK
1322,1712376281.935994,891785.9877932,767.8,5.8120157032204994e-08,772.5,BID
1323,1712376281.9958725,905244.86487519,767.8,-2.6078774807858853e-06,772.5,ASK
1324,1712376282.0179355,906305.7363581,767.8,-2.0556119455099929e-07,772.5,ASK
1325,1712376282.0561547,911113.27702014,767.8,-9.315396042418432e-07,772.5,ASK
1326,1712376282.0760975,912663.25093211,767.8,-3.003327867702469e-07,772.5,ASK
1327,1712376282.1163125,915616.73522606,767.8,-5.722858699968312e-07,772.5,ASK
1328,1712376282.1820204,915702.33576575,767.8,-1.658650409248422e-08,772.5,ASK
1329,1712376282.2160954,916659.09095992,767.8,-1.853869613564952e-07,772.5,ASK
1330,1712376283.4062347,917803.60424131,767.8,-2.2176816050958426e-07,772.5,ASK
1331,1712376300.9853835,917803.60424131,767.8,-0.0,772.5,ASK
1332,1712376330.9761577,917803.60424131,767.8,-0.0,772.5,ASK
1333,1712376360.624035,917803.60424131,767.8,-0.0,772.5,ASK
1334,1712376372.6765783,917983.33261709,767.9,3.4773050904071933e-08,772.5,BID
1335,1712376373.016375,918053.60424131,767.9,1.3595842924148613e-08,772.5,BID
1336,1712376373.0198472,918229.70575954,767.9,3.4071342553007844e-08,772.5,BID
1337,1712376373.276385,918393.40520523,767.9,3.1671844433278155e-08,772.5,BID
1338,1712376374.243396,918583.2981316,767.9,3.6739643177287654e-08,772.5,BID
1339,1712376374.2474563,919505.15241559,767.9,1.783562879496082e-07,772.5,BID
1340,1712376383.076625,919613.06969256,767.0,-2.087935724796932e-08,772.5,ASK
1341,1712376388.7966287,919667.02833105,767.1,-1.0439678624941909e-08,772.5,ASK
1342,1712376390.688179,919667.02833105,767.1,-0.0,772.5,ASK
1343,1712376420.9765432,919667.02833105,767.1,-0.0,772.5,ASK
1344,1712376450.98696,919667.02833105,767.1,-0.0,772.5,ASK
1345,1712376480.7096531,919667.02833105,767.1,-0.0,772.5,ASK
1346,1712376510.669864,919667.02833105,767.1,-0.0,772.5,ASK
1347,1712376540.9870098,919667.02833105,767.1,-0.0,772.5,ASK
1348,1712376570.9868915,919667.02833105,767.1,-0.0,772.5,ASK
1349,1712376600.6916106,919667.02833105,767.1,-0.0,772.5,ASK
1350,1712376609.6271882,919734.39416135,767.6,-1.3046988010020868e-08,772.5,ASK
1351,1712376611.517342,919878.56404311,767.6,-2.7921911009659863e-08,772.5,ASK
1352,1712376611.7775302,919878.56404313,767.6,-3.8780123368567776e-18,772.5,ASK
1353,1712376624.527071,920536.33773218,766.4,-1.2739344852013336e-07,772.5,ASK
1354,1712376630.6771894,920536.33773218,766.4,-0.0,772.5,ASK
1355,1712376637.8415644,925214.13507742,767.0,9.058492798601956e-07,772.5,BID
1356,1712376638.31702,925304.3951071,767.1,1.7478735578181363e-08,772.5,BID
1357,1712376638.477139,925408.97094215,767.1,2.0250972387075665e-08,772.5,BID
1358,1712376638.4889598,925530.24662454,767.1,2.3484875775838132e-08,772.5,BID
1359,1712376638.8470476,926130.24662454,767.0,-1.1618920782645189e-07,772.5,ASK
1360,1712376660.960003,926130.24662454,767.0,-0.0,772.5,ASK
1361,1712376687.3971574,926169.36005348,767.6,7.567975935430529e-09,772.5,BID
1362,1712376690.959974,926169.36005348,767.6,0.0,772.5,BID
1363,1712376720.6793752,926169.36005348,767.6,0.0,772.5,BID
1364,1712376750.6624377,926169.36005348,767.6,0.0,772.5,BID
1365,1712376780.9890952,926169.36005348,767.6,0.0,772.5,BID
1366,1712376810.99739,926169.36005348,767.6,0.0,772.5,BID
1367,1712376831.0477695,926208.44290913,767.6,7.562016444082502e-09,772.5,BID
1368,1712376840.6695118,926208.44290913,767.6,0.0,772.5,BID
1369,1712376843.5074766,926234.47269835,767.6,5.036391233074653e-09,772.5,BID
1370,1712376870.652259,926234.47269835,767.6,0.0,772.5,BID
1371,1712376873.3474765,926403.73803637,767.7,3.275029089249493e-08,772.5,BID
1372,1712376900.6607857,926403.73803637,767.7,0.0,772.5,BID
1373,1712376930.679179,926403.73803637,767.7,0.0,772.5,BID
1374,1712376960.9872112,926403.73803637,767.7,0.0,772.5,BID
1375,1712376990.9768257,926403.73803637,767.7,0.0,772.5,BID
1376,1712377020.6359978,926403.73803637,767.7,0.0,772.5,BID
1377,1712377021.8763468,927015.18081081,767.7,1.1895026220313621e-07,772.5,BID
1378,1712377021.880846,928352.36531475,767.7,2.6013627768082533e-07,772.5,BID
1379,1712377021.996139,929568.68837012,767.7,-2.366238549347629e-07,772.5,ASK
1380,1712377021.9995437,931583.24363249,767.7,-3.919121898220519e-07,772.5,ASK
1381,1712377022.0161138,932144.46933803,767.7,-1.0918101843670197e-07,772.5,ASK
1382,1712377024.2485988,932154.46933803,767.0,-1.945403023399738e-09,772.5,ASK
1383,1712377037.5558343,933173.78537694,766.8,1.982980503895489e-07,772.5,BID
1384,1712377041.5959928,933636.89793599,766.8,9.00940572550206e-08,772.5,BID
1385,1712377050.303548,933654.24045002,766.5,-3.3738179227191553e-09,772.5,ASK
1386,1712377050.6498415,933654.24045002,766.5,-0.0,772.5,ASK
1387,1712377080.9790351,933654.24045002,766.5,-0.0,772.5,ASK
1388,1712377110.9999366,933654.24045002,766.5,-0.0,772.5,ASK
1389,1712377131.0438402,933719.40401055,767.3,1.2663229714769384e-08,772.5,BID
1390,1712377140.69675,933719.40401055,767.3,0.0,772.5,BID
1391,1712377148.7940824,933752.01979659,766.5,-6.338161612295307e-09,772.5,ASK
1392,1712377148.7979202,934078.17765659,766.6,-6.338161604528913e-08,772.5,ASK
1393,1712377148.8008957,934091.87986199,766.3,-2.6627226510355798e-09,772.5,ASK
1394,1712377148.803855,938315.87986199,766.2,-8.208416199912275e-07,772.5,ASK
1395,1712377148.914107,938524.32389231,766.2,4.050651882703631e-08,772.5,BID
1396,1712377148.933205,938733.50084398,766.2,4.064894599280447e-08,772.5,BID
1397,1712377148.9533489,938902.36647591,766.2,3.2815326438025775e-08,772.5,BID
1398,1712377148.993409,939655.57697223,766.2,1.4636991571821452e-07,772.5,BID
1399,1712377149.173319,939868.05197223,766.2,4.12898492442275e-08,772.5,BID
1400,1712377149.333743,943060.67305223,766.2,6.204157810902935e-07,772.5,BID
1401,1712377149.8531644,943359.13592412,766.2,5.7999703425512994e-08,772.5,BID
1402,1712377149.8731775,943654.04614981,766.2,5.7309324670301294e-08,772.5,BID
1403,1712377150.583604,943808.29830246,766.2,2.997551772452387e-08,772.5,BID
1404,1712377150.5876124,943981.30070001,766.2,3.361921597238136e-08,772.5,BID
1405,1712377150.6033275,944153.95166563,766.2,3.355092289595843e-08,772.5,BID
1406,1712377151.2834723,944382.32877231,766.2,4.438007438829957e-08,772.5,BID
1407,1712377151.36317,949098.65815232,766.2,9.165150209989472e-07,772.5,BID
1408,1712377151.4467442,949355.87238802,766.2,4.998393700683312e-08,772.5,BID
1409,1712377151.4631572,955295.25228987,766.2,1.1541880256576476e-06,772.5,BID
1410,1712377151.563446,955574.23630122,766.2,5.4214414732044914e-08,772.5,BID
1411,1712377151.5830965,955796.45287888,766.2,4.318291088903745e-08,772.5,BID
1412,1712377151.603027,956199.77167195,766.2,7.83761485503115e-08,772.5,BID
1413,1712377152.2036011,956445.21475065,766.2,4.7696471196906256e-08,772.5,BID
1414,1712377152.283234,956734.82830705,766.2,5.628003333495365e-08,772.5,BID
1415,1712377152.383282,957362.22985513,766.2,1.219217100167898e-07,772.5,BID
1416,1712377152.4078903,958173.69753571,766.2,1.5769091986216784e-07,772.5,BID
1417,1712377152.4231334,958533.23062151,766.2,6.986735809387412e-08,772.5,BID
1418,1712377152.4831202,958792.4476206,766.2,5.037313008104549e-08,772.5,BID
1419,1712377152.8399775,959173.24616961,766.2,7.399983377358864e-08,772.5,BID
1420,1712377153.0534782,959574.18816961,766.2,7.791427102333211e-08,772.5,BID
1421,1712377169.3547697,959942.5584183,766.2,7.158466659358026e-08,772.5,BID
1422,1712377169.3730328,960646.50830273,766.2,1.367971978049695e-07,772.5,BID
1423,1712377169.3770702,961020.15376953,766.2,7.260978936327202e-08,772.5,BID
1424,1712377170.6448016,961020.15376953,766.2,0.0,772.5,BID
1425,1712377190.6026504,961491.71476953,766.2,9.126652872756137e-08,772.5,BID
1426,1712377195.3323505,961540.18135788,766.2,9.380286490980944e-09,772.5,BID
1427,1712377200.7020874,961540.18135788,766.2,0.0,772.5,BID
1428,1712377213.1221297,961553.23278048,766.2,2.542321951939411e-09,772.5,BID
1429,1712377220.5917351,962208.57778048,766.2,1.276564272466467e-07,772.5,BID
1430,1712377222.3419435,962377.30972048,766.2,3.286775152444691e-08,772.5,BID
1431,1712377230.6299722,962377.30972048,766.2,0.0,772.5,BID
1432,1712377245.2818165,962377.30972168,766.2,2.3372382772032696e-16,772.5,BID
1433,1712377260.970437,962377.30972168,766.2,0.0,772.5,BID
1434,1712377290.9610631,962377.30972168,766.2,0.0,772.5,BID
1435,1712377292.8610396,965572.10881168,766.1,-6.22245822006714e-07,772.5,ASK
1436,1712377292.8711555,972177.53504071,766.0,-1.286528122050863e-06,772.5,ASK
1437,1712377293.030854,972252.78803562,766.0,1.46569034099229e-08,772.5,BID
1438,1712377293.0910208,972412.05036159,766.0,3.101926416847024e-08,772.5,BID
1439,1712377293.0943303,972833.79227821,766.0,8.214198708249136e-08,772.5,BID
1440,1712377293.1034155,973022.8651686,766.0,3.6825419309818406e-08,772.5,BID
1441,1712377293.551824,973235.4601686,766.0,4.140678233682e-08,772.5,BID
1442,1712377293.6712463,976428.7495086,766.0,6.219517704550232e-07,772.5,BID
1443,1712377295.1309314,977731.5895086,766.0,2.537520275627757e-07,772.5,BID
1444,1712377295.261369,978027.21243856,766.0,5.757799719950746e-08,772.5,BID
1445,1712377295.3646724,978248.1408653,766.0,4.302987030758088e-08,772.5,BID
1446,1712377295.4310238,978413.16084863,766.0,3.214067372691576e-08,772.5,BID
1447,1712377295.4611535,979835.14688063,766.0,2.769579064090497e-07,772.5,BID
1448,1712377297.488675,980006.77836511,766.0,3.342838505143248e-08,772.5,BID
1449,1712377298.2508726,980072.38736511,766.0,1.2778558208491424e-08,772.5,BID
1450,1712377298.670925,980245.69351458,766.0,3.375455682748507e-08,772.5,BID
1451,1712377298.690758,980418.56740282,766.0,3.3670366010832023e-08,772.5,BID
1452,1712377298.8509698,980577.42994411,766.0,3.094139875664986e-08,772.5,BID
1453,1712377299.81134,981761.82094411,766.0,2.3068190850536258e-07,772.5,BID
1454,1712377302.612921,982074.1066476,766.0,6.082337849577342e-08,772.5,BID
1455,1712377302.615097,982389.38167342,766.0,6.140560394348967e-08,772.5,BID
1456,1712377302.6610622,982702.48637631,766.0,6.098289367672855e-08,772.5,BID
1457,1712377303.4549174,982867.56463536,766.0,3.215202399410487e-08,772.5,BID
1458,1712377303.456929,983032.17186275,766.0,3.2060281923861374e-08,772.5,BID
1459,1712377305.0514126,983273.87186275,766.0,4.7075515843804413e-08,772.5,BID
1460,1712377305.2107506,983563.71411769,766.0,5.6452104528861784e-08,772.5,BID
1461,1712377305.2758858,983854.69891908,766.0,5.6674636442433233e-08,772.5,BID
1462,1712377305.3107069,984122.08981252,766.0,5.207928936954849e-08,772.5,BID
1463,1712377306.6610465,984317.07057922,766.0,3.79760867688054e-08,772.5,BID
1464,1712377309.352174,984452.94003091,766.0,2.6463072096482184e-08,772.5,BID
1465,1712377310.8008406,984647.92079761,766.0,3.79760867688054e-08,772.5,BID
1466,1712377315.4305778,984750.29379761,766.0,1.993902268712207e-08,772.5,BID
1467,1712377315.6004066,985065.25235528,766.0,6.13439659566893e-08,772.5,BID
1468,1712377320.7040074,985065.25235528,766.0,0.0,772.5,BID
1469,1712377320.9205558,985295.84548378,766.0,4.4760736374948585e-08,772.5,BID
1470,1712377320.9605503,985560.39693227,766.0,5.1352430666509726e-08,772.5,BID
1471,1712377321.0654173,985761.44087299,766.0,3.902490455323063e-08,772.5,BID
1472,1712377324.3506792,986080.57012636,766.0,6.194660037161921e-08,772.5,BID
1473,1712377324.3706512,986258.91404882,766.0,3.4618574062601793e-08,772.5,BID
1474,1712377325.7213612,986568.31730231,766.0,6.005867370420945e-08,772.5,BID
1475,1712377331.4011056,986895.53901632,766.0,6.351743858212016e-08,772.5,BID
1476,1712377331.5403595,987140.68265196,766.0,4.7585154511133775e-08,772.5,BID
1477,1712377331.588387,987324.43994197,766.0,3.5669369979126434e-08,772.5,BID
1478,1712377331.6804156,987510.40850542,766.0,3.609860318369471e-08,772.5,BID
1479,1712377335.0704153,987831.67415503,766.0,6.236129906412619e-08,772.5,BID
1480,1712377335.1101398,988155.92533894,766.0,6.294082506563291e-08,772.5,BID
1481,1712377350.7077568,988155.92533894,766.0,0.0,772.5,BID
1482,1712377361.12094,988394.2588795,766.0,4.6241987469924804e-08,772.5,BID
1483,1712377361.1431353,988633.12185219,766.0,4.6344709033437233e-08,772.5,BID
1484,1712377373.1696205,988849.3324846,766.0,4.1949653125941e-08,772.5,BID
1485,1712377376.599981,989052.81258179,766.0,3.947964723106871e-08,772.5,BID
1486,1712377379.009687,989291.08251667,766.0,4.62296465587324e-08,772.5,BID
1487,1712377379.169664,989469.12760171,766.0,3.4544691326947955e-08,772.5,BID
1488,1712377379.4369,989637.12105209,766.0,3.25944514953538e-08,772.5,BID
1489,1712377379.456143,990341.32105209,766.0,1.3663040250152834e-07,772.5,BID
1490,1712377380.9529145,990341.32105209,766.0,0.0,772.5,BID
1491,1712377394.9678247,990509.01541455,766.8,3.2525857555633576e-08,772.5,BID
1492,1712377410.9528537,990509.01541455,766.8,0.0,772.5,BID
1493,1712377440.6332731,990509.01541455,766.8,0.0,772.5,BID
1494,1712377470.6418617,990509.01541455,766.8,0.0,772.5,BID
1495,1712377471.108435,990515.53431937,767.0,1.2643697637815e-09,772.5,BID
1496,1712377474.5431125,990528.57212901,767.0,2.528739527517842e-09,772.5,BID
1497,1712377480.098307,990535.09103383,767.0,1.264369763758921e-09,772.5,BID
1498,1712377500.9403453,990535.09103383,767.0,0.0,772.5,BID
1499,1712377530.931208,990535.09103383,767.0,0.0,772.5,BID
1500,1712377560.7374887,990535.09103383,767.0,0.0,772.5,BID
1501,1712377564.337418,990567.73237081,765.9,-6.369485692458224e-09,772.5,ASK
1502,1712377564.3417337,990579.86411124,765.9,-2.367334007822012e-09,772.5,ASK
1503,1712377590.621139,990579.86411124,765.9,-0.0,772.5,ASK
1504,1712377596.8495402,990591.99585167,765.7,-2.3673181668409844e-09,772.5,ASK
1505,1712377612.5468516,990689.63705771,765.4,-1.905314428905868e-08,772.5,ASK
1506,1712377615.3171494,990722.64649185,765.4,-6.441271437321593e-09,772.5,ASK
1507,1712377615.3770242,990730.75224289,765.0,-1.5817097145618832e-09,772.5,ASK
1508,1712377615.3816762,991449.80048449,764.9,-1.403109450778073e-07,772.5,ASK
1509,1712377619.4968183,991585.5698661,764.9,2.6493257537123104e-08,772.5,BID
1510,1712377620.996815,991585.5698661,764.9,0.0,772.5,BID
1511,1712377621.1770236,996786.51015178,764.5,-1.0147292876016946e-06,772.5,ASK
1512,1712377649.3918686,996999.97752271,764.9,4.164854455768784e-08,772.5,BID
1513,1712377650.986431,996999.97752271,764.9,0.0,772.5,BID
1514,1712377673.5863566,997308.55145733,764.5,-6.0155724798794e-08,772.5,ASK
1515,1712377680.6400616,997308.55145733,764.5,-0.0,772.5,ASK
1516,1712377710.6416914,997308.55145733,764.5,-0.0,772.5,ASK
1517,1712377740.6794376,997308.55145733,764.5,-0.0,772.5,ASK
1518,1712377770.7383106,997308.55145733,764.5,-0.0,772.5,ASK
1519,1712377800.835405,997308.55145733,764.5,-0.0,772.5,ASK
1520,1712377821.0150137,997385.52265581,764.6,-1.5018538084293452e-08,772.5,ASK
1521,1712377830.6376696,997385.52265581,764.6,-0.0,772.5,ASK
1522,1712377844.4449575,997411.55754255,764.6,-5.0798409770027135e-09,772.5,ASK
1523,1712377860.9585087,997411.55754255,764.6,-0.0,772.5,ASK
1524,1712377864.865122,997581.58108428,764.6,-3.3174302171950514e-08,772.5,ASK
1525,1712377865.8288312,997588.11446988,765.3,1.274767634491609e-09,772.5,BID
1526,1712377879.774824,998462.3378029,764.6,-1.7057490227693273e-07,772.5,ASK
1527,1712377880.326376,998753.74558057,764.6,-5.6858300758318854e-08,772.5,ASK
1528,1712377880.329512,999428.68450786,764.5,-1.316913392916285e-07,772.5,ASK
1529,1712377890.939806,999428.68450786,764.5,-0.0,772.5,ASK
1530,1712377908.5045638,1004639.73192839,764.5,-1.0164525204482154e-06,772.5,ASK
1531,1712377913.0444872,1004803.0665684,765.3,3.185960386017914e-08,772.5,BID
1532,1712377920.6644244,1004803.0665684,765.3,0.0,772.5,BID
1533,1712377950.6564777,1004803.0665684,765.3,0.0,772.5,BID
1534,1712377980.9638543,1004803.0665684,765.3,0.0,772.5,BID
1535,1712378010.9680624,1004803.0665684,765.3,0.0,772.5,BID
1536,1712378011.3137765,1007222.81170985,764.5,-4.716108283214317e-07,772.5,ASK
1537,1712378011.3196318,1008309.1771909,764.5,-2.1173375476674695e-07,772.5,ASK
1538,1712378011.5138268,1008703.32122044,764.5,-7.681907861500063e-08,772.5,ASK
1539,1712378011.5468538,1015315.45379763,764.5,-1.288711471420142e-06,772.5,ASK
1540,1712378011.6137078,1016531.77684304,764.5,-2.370626183419116e-07,772.5,ASK
1541,1712378011.6739695,1021491.76240813,764.5,-9.667063116459995e-07,772.5,ASK
1542,1712378012.1737292,1022561.31777723,764.5,-2.0845744657830415e-07,772.5,ASK
1543,1712378015.3408382,1024018.79034783,764.5,-2.840629099742896e-07,772.5,ASK
1544,1712378015.3455267,1028544.80771782,764.5,-8.821254620142023e-07,772.5,ASK
1545,1712378015.433856,1030395.80527436,764.5,-3.607613363520012e-07,772.5,ASK
1546,1712378015.4939518,1031441.78326639,764.5,-2.0386219142552008e-07,772.5,ASK
1547,1712378015.4994693,1040157.12541807,764.5,-1.6986291906740025e-06,772.5,ASK
1548,1712378040.629362,1040157.12541807,764.5,-0.0,772.5,ASK
1549,1712378065.233801,1043592.28897972,764.3,-6.660085147680479e-07,772.5,ASK
1550,1712378065.2381945,1043656.85698356,764.3,-1.2518425852884754e-08,772.5,ASK
1551,1712378065.2419715,1043722.28488201,764.2,-1.268514197038958e-08,772.5,ASK
1552,1712378065.2444413,1045223.27260804,764.0,-2.910110648758128e-07,772.5,ASK
1553,1712378065.2466135,1052712.47969826,764.0,-1.4520052979812217e-06,772.5,ASK
1554,1712378065.2488031,1054636.46628913,764.1,-3.730219620760841e-07,772.5,ASK
1555,1712378065.2510214,1054646.46628913,764.0,-1.9387970989310104e-09,772.5,ASK
1556,1712378065.2532284,1054659.55186882,764.2,-2.537028394091458e-09,772.5,ASK
1557,1712378070.6532128,1054659.55186882,764.2,-0.0,772.5,ASK
1558,1712378089.5737803,1055117.08939082,764.2,-8.851707171053249e-08,772.5,ASK
1559,1712378089.593326,1055117.0893916,764.2,-1.5094366446785179e-16,772.5,ASK
1560,1712378100.9218378,1055117.0893916,764.2,-0.0,772.5,ASK
1561,1712378130.9644592,1055117.0893916,764.2,-0.0,772.5,ASK
1562,1712378160.6228428,1055117.0893916,764.2,-0.0,772.5,ASK
1563,1712378187.3927033,1055699.86738715,765.3,1.13819954482243e-07,772.5,BID
1564,1712378190.6009855,1055699.86738715,765.3,0.0,772.5,BID
1565,1712378194.4233613,1058901.42688715,764.1,-6.25228852864775e-07,772.5,ASK
1566,1712378194.4284782,1075931.70272716,764.0,-3.3258228770760782e-06,772.5,ASK
1567,1712378194.4826665,1077453.50706328,764.0,2.9719140917326213e-07,772.5,BID
