,time,acc_trade_volume,trade_price,dev,high,ask_bid
0,1712365207.153881,20057.8755703,25130.0,0.0,25310.0,ASK
1,1712365211.4561856,20058.4996889,25130.0,-4.644394236927038e-11,25310.0,ASK
2,1712365211.4567022,20062.16334083,25110.0,-2.726315785138436e-10,25310.0,ASK
3,1712365211.4572277,20066.14581793,25110.0,-2.963570336136033e-10,25310.0,ASK
4,1712365211.4577396,20071.02849538,25110.0,-3.6334566874846176e-10,25310.0,ASK
5,1712365211.4582548,20072.02849538,25120.0,-7.441525115454264e-11,25310.0,ASK
6,1712365211.4587843,20094.00242871,25100.0,-1.6351957676050171e-09,25310.0,ASK
7,1712365211.4593372,20097.98490581,25110.0,-2.9635703361387403e-10,25310.0,ASK
8,1712365211.459869,20846.53717672,25100.0,-5.5703705242070934e-08,25310.0,ASK
9,1712365211.46042,20873.38752646,25090.0,-1.998075519489253e-09,25310.0,ASK
10,1712365211.4609551,21089.17372903,25080.0,-1.6057784459931672e-08,25310.0,ASK
11,1712365211.46152,21101.43238057,25100.0,-9.122306331651091e-10,25310.0,ASK
12,1712365211.462069,21101.66728274,25080.0,-1.7480303977241933e-11,25310.0,ASK
13,1712365211.4626195,21111.66728274,25100.0,-7.441525115454263e-10,25310.0,ASK
14,1712365211.463195,21113.95024127,25080.0,-1.6988693238526039e-10,25310.0,ASK
15,1712365211.4637513,21123.95024127,25100.0,-7.441525115454263e-10,25310.0,ASK
16,1712365211.4643092,21157.25024127,25080.0,-2.478027863446486e-09,25310.0,ASK
17,1712365211.4648669,21161.23589292,25090.0,-2.9659326854929405e-10,25310.0,ASK
18,1712365211.465435,21967.12352342,25080.0,-5.997033042599658e-08,25310.0,ASK
19,1712365211.466004,22012.02352342,25090.0,-3.341244776839072e-09,25310.0,ASK
20,1712365211.466578,22177.62352342,25080.0,-1.2323165591192151e-08,25310.0,ASK
21,1712365211.467163,22247.42939374,25080.0,5.194621371924263e-09,25310.0,BID
22,1712365211.469395,22253.28682146,25080.0,4.358819549032808e-10,25310.0,BID
23,1712365211.4699748,22546.85316452,25080.0,2.1845813149330508e-08,25310.0,BID
24,1712365211.4705672,23477.4924561,25080.0,6.925375661721154e-08,25310.0,BID
25,1712365223.715628,23485.42129488,25110.0,-5.900265291776265e-10,25310.0,ASK
26,1712365227.6355295,23490.8283561,25110.0,-4.02367818694106e-10,25310.0,ASK
27,1712365227.7168653,23525.24606589,25110.0,2.561202518187222e-09,25310.0,BID
28,1712365230.5855942,23525.24606589,25110.0,0.0,25310.0,BID
29,1712365247.2272103,23545.11890813,25110.0,-1.46930317942809e-09,25310.0,ASK
30,1712365260.415645,23545.11890813,25110.0,-0.0,25310.0,ASK
31,1712365265.0957682,23565.11847418,25110.0,-1.4786179811478795e-09,25310.0,ASK
32,1712365265.23554,23565.13492094,25110.0,1.2159501365103553e-12,25310.0,BID
33,1712365284.4368873,23565.53269341,25140.0,2.9408314414406146e-11,25310.0,BID
34,1712365290.3566165,23565.53269341,25140.0,0.0,25310.0,BID
35,1712365301.8056636,23673.43526985,25140.0,7.977205259023191e-09,25310.0,BID
36,1712365301.8074083,23813.70769103,25140.0,1.0370298215772616e-08,25310.0,BID
37,1712365311.8680592,23821.66314051,25140.0,5.881440047454609e-10,25310.0,BID
38,1712365318.115621,23825.02152496,25140.0,-2.4828435965336643e-10,25310.0,ASK
39,1712365320.577281,23825.02152496,25140.0,-0.0,25310.0,ASK
40,1712365321.1857493,23864.79877238,25120.0,-2.939302446527057e-09,25310.0,ASK
41,1712365334.2159247,23864.99877238,25150.0,1.4778812699140814e-11,25310.0,BID
42,1712365334.217428,23865.594001,25150.0,4.3983861440643325e-11,25310.0,BID
43,1712365350.5557146,23865.594001,25150.0,0.0,25310.0,BID
44,1712365355.6754956,23877.52243042,25150.0,8.81373741921564e-10,25310.0,BID
45,1712365372.3257723,23878.73535288,25150.0,8.962101963242785e-11,25310.0,BID
46,1712365380.407182,23878.73535288,25150.0,0.0,25310.0,BID
47,1712365380.8355732,23893.79877238,25150.0,1.112986272730881e-09,25310.0,BID
48,1712365380.8367558,23945.40179389,25150.0,3.812776678766224e-09,25310.0,BID
49,1712365380.845478,23945.98194411,25150.0,4.286538199265303e-11,25310.0,BID
50,1712365382.0055628,23964.60559554,25150.0,1.376040041221509e-09,25310.0,BID
51,1712365385.815517,23965.18574576,25160.0,4.286538199265303e-11,25310.0,BID
52,1712365406.5159352,23985.05855975,25160.0,-1.468336533507809e-09,25310.0,ASK
53,1712365406.5174985,24040.4193274,25160.0,-4.0904241193242925e-09,25310.0,ASK
54,1712365410.389599,24040.4193274,25160.0,-0.0,25310.0,ASK
55,1712365419.065823,24208.9934604,25160.0,1.2451643658123813e-08,25310.0,BID
56,1712365419.7255893,24210.01593655,25160.0,7.552468722305685e-11,25310.0,BID
57,1712365428.765581,24229.88875054,25160.0,1.4678954231232563e-09,25310.0,BID
58,1712365440.565645,24229.88875054,25160.0,0.0,25310.0,BID
59,1712365450.06574,24254.38318041,25150.0,-1.8086319107504086e-09,25310.0,ASK
60,1712365462.615696,24264.38318041,25160.0,7.383849799115416e-10,25310.0,BID
61,1712365470.545773,24264.38318041,25160.0,0.0,25310.0,BID
62,1712365500.3657904,24264.38318041,25160.0,0.0,25310.0,BID
63,1712365512.055814,24277.88875436,25150.0,-9.998306506162155e-10,25310.0,ASK
64,1712365512.1157005,24291.60337319,25150.0,-1.015306444473853e-09,25310.0,ASK
65,1712365513.235715,24324.18868614,25150.0,-2.412322109963934e-09,25310.0,ASK
66,1712365516.3157878,24438.69590759,25150.0,-8.477079918741321e-09,25310.0,ASK
67,1712365516.317731,24461.36511028,25150.0,-1.678222914361538e-09,25310.0,ASK
68,1712365516.319653,24465.36511028,25150.0,-2.961238535490234e-10,25310.0,ASK
69,1712365522.941557,24481.01605423,25160.0,1.1586544585384812e-09,25310.0,BID
70,1712365530.5695012,24481.01605423,25160.0,0.0,25310.0,BID
71,1712365558.296159,24481.4155748,25160.0,2.9564967491276367e-11,25310.0,BID
72,1712365560.4269073,24481.4155748,25160.0,0.0,25310.0,BID
73,1712365590.3958075,24481.4155748,25160.0,0.0,25310.0,BID
74,1712365597.161169,24482.21080342,25150.0,5.884776047856075e-11,25310.0,BID
75,1712365620.5561905,24482.21080342,25150.0,0.0,25310.0,BID
76,1712365628.1757712,24486.18694656,25140.0,2.9423836987460416e-10,25310.0,BID
77,1712365634.835689,24486.82030507,25120.0,-4.686913145904256e-11,25310.0,ASK
78,1712365634.8459237,24487.32030507,25130.0,-3.700047502245972e-11,25310.0,ASK
79,1712365634.9157834,24502.25497094,25140.0,-1.105179462983543e-09,25310.0,ASK
80,1712365638.1957364,24517.35641317,25130.0,1.1175210720684314e-09,25310.0,BID
81,1712365639.5236783,24518.15164179,25150.0,5.884767338275798e-11,25310.0,BID
82,1712365650.5676262,24518.15164179,25150.0,0.0,25310.0,BID
83,1712365658.955775,24528.44715107,25130.0,-7.618265383934137e-10,25310.0,ASK
84,1712365663.8425446,24566.94009607,25130.0,-2.848324084257314e-09,25310.0,ASK
85,1712365663.9182923,24610.56666833,25130.0,-3.228191983797149e-09,25310.0,ASK
86,1712365667.535828,24615.5097726,25130.0,-3.6576995974794416e-10,25310.0,ASK
87,1712365668.4759042,24645.5097726,25150.0,2.2198800982287913e-09,25310.0,BID
88,1712365679.1807673,24678.3899714,25150.0,2.433003298064308e-09,25310.0,BID
89,1712365679.4756176,24692.16872419,25130.0,-1.0195726365645144e-09,25310.0,ASK
90,1712365679.5372453,24705.16992286,25130.0,-9.620367393551307e-10,25310.0,ASK
91,1712365679.545766,24728.91034706,25130.0,-1.7566965068361211e-09,25310.0,ASK
92,1712365679.5586183,24753.25105604,25130.0,-1.801115181382848e-09,25310.0,ASK
93,1712365679.5600698,24760.38262329,25130.0,-5.27707473581739e-10,25310.0,ASK
94,1712365679.6202834,24764.89577838,25130.0,-3.3395543881707e-10,25310.0,ASK
95,1712365679.6256728,24772.69813489,25130.0,-5.773431978612444e-10,25310.0,ASK
96,1712365679.6405466,24777.41071377,25130.0,-3.4871200223487125e-10,25310.0,ASK
97,1712365680.357278,24777.41071377,25130.0,-0.0,25310.0,ASK
98,1712365688.9359348,24788.31401678,25130.0,-8.064120011243756e-10,25310.0,ASK
99,1712365688.937852,24901.14549076,25130.0,-8.345054213257423e-09,25310.0,ASK
100,1712365710.406148,24901.14549076,25130.0,-0.0,25310.0,ASK
101,1712365720.22594,25303.7594075,25130.0,-2.977061575826733e-08,25310.0,ASK
102,1712365720.2278695,25312.18833357,25130.0,-6.232629048608482e-10,25310.0,ASK
103,1712365720.2297432,25316.16764117,25130.0,-2.942432753014276e-10,25310.0,ASK
104,1712365728.13686,25320.14694877,25130.0,2.9424327530169657e-10,25310.0,BID
105,1712365731.745891,25349.3622691,25130.0,2.1602782209853283e-09,25310.0,BID
106,1712365740.5476286,25349.3622691,25130.0,0.0,25310.0,BID
107,1712365745.03174,25350.35524654,25130.0,7.336296143558605e-11,25310.0,BID
108,1712365753.3760116,25353.23458571,25120.0,-2.1273076303594235e-10,25310.0,ASK
109,1712365753.377685,25390.76585247,25120.0,-2.7728775750841603e-09,25310.0,ASK
110,1712365759.156781,25391.56585247,25120.0,-5.910544065194652e-11,25310.0,ASK
111,1712365762.206261,25400.46316091,25120.0,-6.573491699506085e-10,25310.0,ASK
112,1712365762.2166462,25645.83744147,25120.0,-1.812869372137559e-08,25310.0,ASK
113,1712365762.366235,25763.17863947,25120.0,-8.669379017989964e-09,25310.0,ASK
114,1712365765.2922394,26306.90950677,25120.0,-4.017181563464336e-08,25310.0,ASK
115,1712365765.357591,26497.99230837,25120.0,-1.4117541486919334e-08,25310.0,ASK
116,1712365765.4560573,26517.89676696,25120.0,-1.470577244869921e-09,25310.0,ASK
117,1712365765.4576426,26619.2849357,25120.0,-7.49074048781245e-09,25310.0,ASK
118,1712365765.4732633,26739.51670321,25120.0,-8.882939498768741e-09,25310.0,ASK
119,1712365765.48074,26741.12378026,25120.0,-1.187337465019888e-10,25310.0,ASK
120,1712365769.1760707,26780.93269745,25120.0,2.9411544904789887e-09,25310.0,BID
121,1712365770.5497313,26780.93269745,25120.0,0.0,25310.0,BID
122,1712365777.8860064,26790.94106202,25110.0,-7.37476619753469e-10,25310.0,ASK
123,1712365800.4359703,26790.94106202,25110.0,-0.0,25310.0,ASK
124,1712365817.3261788,26792.54877887,25110.0,-1.2029688239431104e-10,25310.0,ASK
125,1712365817.328239,26793.92548137,25110.0,-1.0301130994183086e-10,25310.0,ASK
126,1712365817.3302903,26845.61955908,25110.0,-3.867992294014298e-09,25310.0,ASK
127,1712365817.331868,26884.08184489,25110.0,-2.877927834554609e-09,25310.0,ASK
128,1712365817.366876,26925.26910109,25110.0,-3.081822844135517e-09,25310.0,ASK
129,1712365830.3947155,26925.26910109,25110.0,-0.0,25310.0,ASK
130,1712365850.5962188,26925.50955747,25100.0,-1.7987529502002067e-11,25310.0,ASK
131,1712365850.598292,26945.42194297,25100.0,-1.489561731073413e-09,25310.0,ASK
132,1712365855.336664,26945.97829933,25100.0,-4.1618677114125256e-11,25310.0,ASK
133,1712365855.340977,26955.97829933,25100.0,-7.480579014872065e-10,25310.0,ASK
134,1712365855.3431027,26966.77511207,25100.0,-8.07664108103606e-10,25310.0,ASK
135,1712365855.3451362,27032.14038331,25100.0,-4.889700763393635e-09,25310.0,ASK
136,1712365855.7960155,27062.64466447,25100.0,2.281896855092508e-09,25310.0,BID
137,1712365860.565998,27062.64466447,25100.0,0.0,25310.0,BID
138,1712365862.0318532,27083.93223072,25100.0,1.5920225676312595e-09,25310.0,BID
139,1712365868.9545364,27084.1314339,25100.0,1.4897708567507858e-11,25310.0,BID
140,1712365890.557708,27084.1314339,25100.0,0.0,25310.0,BID
141,1712365891.896143,27088.11549764,25100.0,2.979421647107217e-10,25310.0,BID
142,1712365892.0454037,27088.31549764,25090.0,-1.4956696687373772e-11,25310.0,ASK
143,1712365892.0506642,27090.72993613,25090.0,-1.8056012082553368e-10,25310.0,ASK
144,1712365892.0550418,27109.07425141,25090.0,-1.371851797897525e-09,25310.0,ASK
145,1712365892.056008,27115.70146142,25090.0,-4.956058500139215e-10,25310.0,ASK
146,1712365892.136078,27120.11549764,25090.0,3.3009700454674356e-10,25310.0,BID
147,1712365895.140761,27120.91231038,25100.0,5.958843234399161e-11,25310.0,BID
148,1712365895.3963134,27133.95523782,25090.0,9.75395548173793e-10,25310.0,BID
149,1712365899.1114883,27143.33823782,25100.0,7.016934250857092e-10,25310.0,BID
150,1712365899.146061,27342.93982919,25100.0,1.4926902302136712e-08,25310.0,BID
151,1712365899.3862543,27378.10042306,25100.0,2.629431689298151e-09,25310.0,BID
152,1712365899.3960528,27382.78046664,25100.0,3.4998996154745245e-10,25310.0,BID
153,1712365899.4660697,27422.6211041,25100.0,2.979421651593226e-09,25310.0,BID
154,1712365899.475882,27541.60840256,25100.0,8.898284663548855e-09,25310.0,BID
155,1712365910.015973,27566.60840256,25110.0,1.86958708591492e-09,25310.0,BID
156,1712365910.5782402,27567.00680893,25100.0,-2.9794216171995806e-11,25310.0,ASK
157,1712365910.5804985,27606.15754391,25100.0,-2.927828340907517e-09,25310.0,ASK
158,1712365912.6664684,27614.11932734,25120.0,5.954098992629525e-10,25310.0,BID
159,1712365913.9465754,27861.25992734,25120.0,1.8482034966610783e-08,25310.0,BID
160,1712365913.9715395,27946.95192331,25120.0,6.408345961271338e-09,25310.0,BID
161,1712365914.006071,28000.00853656,25120.0,3.967758358183216e-09,25310.0,BID
162,1712365920.3879766,28000.00853656,25120.0,0.0,25310.0,BID
163,1712365935.9759188,28000.44678357,25100.0,-3.2717372791659783e-11,25310.0,ASK
164,1712365935.9771574,28010.31239521,25100.0,-7.365181883193794e-10,25310.0,ASK
165,1712365950.377931,28010.31239521,25100.0,-0.0,25310.0,ASK
166,1712365980.576007,28010.31239521,25100.0,-0.0,25310.0,ASK
167,1712365983.3460927,28198.92248052,25120.0,-1.4080432244034664e-08,25310.0,ASK
168,1712366010.586178,28198.92248052,25120.0,-0.0,25310.0,ASK
169,1712366013.726035,28350.37202303,25120.0,-1.1302264285037928e-08,25310.0,ASK
170,1712366013.7273996,28366.20409146,25120.0,-1.1815038765327956e-09,25310.0,ASK
171,1712366033.9464972,28370.18498317,25120.0,-2.97083038025978e-10,25310.0,ASK
172,1712366033.9552782,28374.4014096,25120.0,-3.14660348657985e-10,25310.0,ASK
173,1712366037.756379,28377.54599421,25110.0,-2.3467173119081307e-10,25310.0,ASK
174,1712366037.766595,28387.54599421,25100.0,-7.46272593348487e-10,25310.0,ASK
175,1712366037.7689586,28389.15319268,25110.0,-1.1994081702347952e-10,25310.0,ASK
176,1712366037.77116,28393.13725642,25100.0,-2.9731975793136147e-10,25310.0,ASK
177,1712366037.7730243,28433.28407544,25100.0,-2.996047074474732e-09,25310.0,ASK
178,1712366037.7748804,28445.0509053,25100.0,-8.781262635112727e-10,25310.0,ASK
179,1712366037.7767968,28449.0333824,25110.0,-2.9720135133695624e-10,25310.0,ASK
180,1712366037.778648,28498.31611147,25100.0,-3.677835003036027e-09,25310.0,ASK
181,1712366037.7805214,28576.76889669,25090.0,-5.854716348153917e-09,25310.0,ASK
182,1712366040.345998,28576.76889669,25090.0,-0.0,25310.0,ASK
183,1712366044.6661727,28596.67335528,25120.0,1.484364306667144e-09,25310.0,BID
184,1712366070.4060588,28596.67335528,25120.0,0.0,25310.0,BID
185,1712366074.8461092,28596.87638075,25120.0,1.5139950833067194e-11,25310.0,BID
186,1712366077.616005,28598.86920658,25100.0,-1.486083745305718e-10,25310.0,ASK
187,1712366098.7264268,28605.87638075,25100.0,-5.225367655221219e-10,25310.0,ASK
188,1712366098.7289133,28660.50524123,25090.0,-4.0737660241964636e-09,25310.0,ASK
189,1712366098.731104,28731.74199364,25090.0,-5.312244463678792e-09,25310.0,ASK
190,1712366098.7331028,28829.79102497,25080.0,-7.311681207111511e-09,25310.0,ASK
191,1712366099.8260686,28847.42000486,25100.0,1.3146226863622228e-09,25310.0,BID
192,1712366099.9061787,28849.1483614,25100.0,1.2888645467765163e-10,25310.0,BID
193,1712366100.4176176,28849.1483614,25100.0,0.0,25310.0,BID
194,1712366118.1977506,28853.13560222,25080.0,-2.9896645307814845e-10,25310.0,ASK
195,1712366118.2069187,28858.9656819,25080.0,-4.3714396039195903e-10,25310.0,ASK
196,1712366118.208127,28928.42532872,25080.0,-5.208138956056976e-09,25310.0,ASK
197,1712366118.2962978,29077.39662872,25080.0,1.116998525597225e-08,25310.0,BID
198,1712366118.316255,29077.39668282,25080.0,4.056460619396934e-15,25310.0,BID
199,1712366125.3261633,29077.73864343,25080.0,-2.5640475526625223e-11,25310.0,ASK
200,1712366130.3685994,29077.73864343,25080.0,-0.0,25310.0,ASK
201,1712366133.5068443,29078.08316208,25080.0,-2.5821179675015133e-11,25310.0,ASK
202,1712366133.5097826,29083.47165973,25080.0,-4.038601857918832e-10,25310.0,ASK
203,1712366133.6160276,29237.10935973,25080.0,1.1514925698569266e-08,25310.0,BID
204,1712366133.6260564,29450.25732542,25080.0,1.5975134929262567e-08,25310.0,BID
205,1712366133.6362374,29527.35872151,25080.0,5.778639274294873e-09,25310.0,BID
206,1712366133.6765378,29538.1784527,25100.0,8.10923365367657e-10,25310.0,BID
207,1712366156.9161928,29548.1784527,25100.0,7.49485686037301e-10,25310.0,BID
208,1712366157.279929,29552.16251644,25100.0,2.985998745388372e-10,25310.0,BID
209,1712366159.4260688,29553.41251644,25100.0,9.368571075466272e-11,25310.0,BID
210,1712366160.5544157,29553.41251644,25100.0,0.0,25310.0,BID
211,1712366162.0763774,29580.89962448,25100.0,2.058278955399812e-09,25310.0,BID
212,1712366169.8560095,29590.89962448,25100.0,7.488161185980325e-10,25310.0,BID
213,1712366171.7463222,29594.76147829,25100.0,2.8918183805958287e-10,25310.0,BID
214,1712366188.4261932,29606.26559329,25120.0,8.614466742207921e-10,25310.0,BID
215,1712366188.4426594,29618.2130246,25120.0,8.94642914077077e-10,25310.0,BID
216,1712366190.558057,29618.2130246,25120.0,0.0,25310.0,BID
217,1712366203.1279244,29643.7130246,25150.0,1.909248499594901e-09,25310.0,BID
218,1712366206.448745,29751.7697486,25150.0,8.090476006593607e-09,25310.0,BID
219,1712366206.746174,29926.64119604,25150.0,1.3093060731247424e-08,25310.0,BID
220,1712366206.7483006,29964.8468326,25150.0,2.860551148166602e-09,25310.0,BID
221,1712366206.8262365,29964.84683302,25150.0,3.144652189371486e-17,25310.0,BID
222,1712366220.370221,29964.84683302,25150.0,0.0,25310.0,BID
223,1712366232.5062602,30084.13112726,25160.0,8.925286378991127e-09,25310.0,BID
224,1712366234.71015,30086.11761911,25170.0,1.4863657251556632e-10,25310.0,BID
225,1712366236.016334,30086.87437411,25170.0,5.662317186672725e-11,25310.0,BID
226,1712366239.0331478,30096.0500784,25170.0,6.86559693704563e-10,25310.0,BID
227,1712366239.5063648,30103.99289016,25180.0,5.94310173557177e-10,25310.0,BID
228,1712366239.516514,30115.9071078,25180.0,8.91465260335902e-10,25310.0,BID
229,1712366239.519264,30144.7071078,25200.0,2.154921143245901e-09,25310.0,BID
230,1712366239.5219808,30185.06001844,25210.0,3.0193520947794115e-09,25310.0,BID
231,1712366239.5247245,30254.34331639,25220.0,5.184029292578748e-09,25310.0,BID
232,1712366239.526876,30265.89622703,25200.0,8.64430951533509e-10,25310.0,BID
233,1712366239.5281675,30294.39622703,25210.0,2.132474048003811e-09,25310.0,BID
234,1712366243.5174863,30361.84946233,25160.0,-5.0470973238997725e-09,25310.0,ASK
235,1712366250.3846452,30361.84946233,25160.0,-0.0,25310.0,ASK
236,1712366279.716336,30365.8208682,25180.0,2.969329473678017e-10,25310.0,BID
237,1712366280.577955,30365.8208682,25180.0,0.0,25310.0,BID
238,1712366281.016186,30412.29897544,25180.0,3.4750359538497118e-09,25310.0,BID
239,1712366281.0188134,30519.04910489,25180.0,7.981403717697078e-09,25310.0,BID
240,1712366284.336212,30521.02854492,25180.0,-1.479971040389585e-10,25310.0,ASK
241,1712366310.5761378,30521.02854492,25180.0,-0.0,25310.0,ASK
242,1712366317.0178692,30523.01363587,25150.0,-1.4837625176471808e-10,25310.0,ASK
243,1712366317.0301373,30525.16761585,25150.0,-1.6099991580159542e-10,25310.0,ASK
244,1712366324.9559634,30527.14705588,25180.0,1.479538719592936e-10,25310.0,BID
245,1712366325.05767,30592.85592624,25180.0,4.911430326001704e-09,25310.0,BID
246,1712366327.2060938,30593.85592624,25180.0,7.474531671436805e-11,25310.0,BID
247,1712366327.3260746,30594.83536627,25180.0,7.320855524492554e-11,25310.0,BID
248,1712366330.796193,30641.31347352,25170.0,-3.4740208466856836e-09,25310.0,ASK
249,1712366330.7985425,30656.45742606,25160.0,-1.1319395289095302e-09,25310.0,ASK
250,1712366330.800877,30671.44948461,25170.0,-1.1205861645201264e-09,25310.0,ASK
251,1712366337.5269594,30673.43597646,25170.0,-1.4848096247894728e-10,25310.0,ASK
252,1712366340.3777742,30673.43597646,25170.0,-0.0,25310.0,ASK
253,1712366370.438627,30673.43597646,25170.0,-0.0,25310.0,ASK
254,1712366371.1572,30673.69244692,25170.0,-1.91644700667462e-11,25310.0,ASK
255,1712366392.6160955,30691.57184719,25180.0,-1.336018312945417e-09,25310.0,ASK
256,1712366392.7584295,30731.69244619,25180.0,2.997967167851617e-09,25310.0,BID
257,1712366392.760796,30731.69244692,25180.0,5.4548201567827015e-17,25310.0,BID
258,1712366400.4360323,30731.69244692,25180.0,0.0,25310.0,BID
259,1712366411.0164082,30760.06570297,25190.0,-2.164382339429573e-09,25310.0,ASK
260,1712366418.4666004,30764.66824481,25200.0,3.5109330622551545e-10,25310.0,BID
261,1712366423.226259,30772.34788737,25230.0,5.858221806021827e-10,25310.0,BID
262,1712366423.229134,30800.84788737,25230.0,2.17405068227044e-09,25310.0,BID
263,1712366423.2321136,30800.84788738,25200.0,7.6288611213021055e-19,25310.0,BID
264,1712366423.235065,30804.30359954,25220.0,2.636102940060523e-10,25310.0,BID
265,1712366430.378012,30804.30359954,25220.0,0.0,25310.0,BID
266,1712366431.5562685,30815.30359954,25220.0,-8.38990117427994e-10,25310.0,ASK
267,1712366453.5462525,30816.1435756,25230.0,6.40665102924098e-11,25310.0,BID
268,1712366453.548786,30913.4435756,25230.0,7.421248947794841e-09,25310.0,BID
269,1712366453.551347,31024.16511092,25230.0,8.444933992721396e-09,25310.0,BID
270,1712366453.5537255,31059.06633468,25250.0,2.661980165525737e-09,25310.0,BID
271,1712366453.5554042,31114.42710233,25230.0,4.222466995597918e-09,25310.0,BID
272,1712366453.5567386,31143.22710233,25240.0,2.196628671084426e-09,25310.0,BID
273,1712366460.5572486,31143.22710233,25240.0,0.0,25310.0,BID
274,1712366471.3156295,31158.92537469,25240.0,-1.1965554652331175e-09,25310.0,ASK
275,1712366471.4569411,31182.84675367,25240.0,-1.823338014402857e-09,25310.0,ASK
276,1712366471.465551,31186.84675367,25240.0,-3.04888445758447e-10,25310.0,ASK
277,1712366475.1055737,31194.50305367,25230.0,-5.835793518150032e-10,25310.0,ASK
278,1712366475.185538,31226.4821084,25230.0,-2.437511073363497e-09,25310.0,ASK
279,1712366479.4290583,31241.25177759,25230.0,-1.125775370926523e-09,25310.0,ASK
280,1712366479.4318898,31242.58071125,25230.0,-1.0129412952830752e-10,25310.0,ASK
281,1712366490.546841,31242.58071125,25230.0,-0.0,25310.0,ASK
282,1712366520.4189155,31242.58071125,25230.0,-0.0,25310.0,ASK
283,1712366524.6457288,31272.58071125,25230.0,-2.2862264485816847e-09,25310.0,ASK
284,1712366529.5656288,31284.65743607,25220.0,-9.20337589857492e-10,25310.0,ASK
285,1712366529.5687962,31328.79987713,25220.0,-3.363987208544425e-09,25310.0,ASK
286,1712366550.3705728,31328.79987713,25220.0,-0.0,25310.0,ASK
287,1712366562.7954588,31329.01280113,25220.0,1.62237272177887e-11,25310.0,BID
288,1712366562.8055866,31348.79987713,25230.0,1.5076746795215819e-09,25310.0,BID
289,1712366567.2559564,31349.20987713,25240.0,3.123991733814601e-11,25310.0,BID
290,1712366577.4158654,31404.57064478,25240.0,4.2182092808851455e-09,25310.0,BID
291,1712366577.42216,31514.8821801,25240.0,8.405178645956165e-09,25310.0,BID
292,1712366579.1333714,31677.0001801,25240.0,-1.2352568095188556e-08,25310.0,ASK
293,1712366580.5476685,31677.0001801,25240.0,-0.0,25310.0,ASK
294,1712366594.4261055,31820.57871872,25250.0,1.0932634498550146e-08,25310.0,BID
295,1712366599.085711,31847.16681872,25250.0,-2.024522481596139e-09,25310.0,ASK
296,1712366599.1458943,32045.72746797,25260.0,1.5119188598167314e-08,25310.0,BID
297,1712366599.1487496,32108.1785289,25260.0,4.755269344267326e-09,25310.0,BID
298,1712366599.1520104,32140.84678704,25260.0,2.4874896302863954e-09,25310.0,BID
299,1712366610.5727828,32140.84678704,25260.0,0.0,25310.0,BID
300,1712366614.6056166,32166.5769801,25250.0,-1.957451965938228e-09,25310.0,ASK
301,1712366614.615472,32202.54258225,25240.0,-2.736121663390295e-09,25310.0,ASK
302,1712366625.27553,32298.54258225,25270.0,7.303302711017126e-09,25310.0,BID
303,1712366640.379882,32298.54258225,25270.0,0.0,25310.0,BID
304,1712366648.5265536,32371.95492878,25250.0,5.583230865265385e-09,25310.0,BID
305,1712366655.2322297,32372.95492878,25260.0,7.605302281113982e-11,25310.0,BID
306,1712366657.4156497,32469.21492878,25260.0,7.320863975800197e-09,25310.0,BID
307,1712366657.515722,32475.07674989,25260.0,-4.4580921459366335e-10,25310.0,ASK
308,1712366658.9255545,32486.5451166,25240.0,-8.72203955002133e-10,25310.0,ASK
309,1712366662.095636,32492.4186166,25240.0,-4.466974294813448e-10,25310.0,ASK
310,1712366670.375809,32492.4186166,25240.0,-0.0,25310.0,ASK
311,1712366671.2355814,32493.80365815,25270.0,1.0529738670162666e-10,25310.0,BID
312,1712366673.465667,32579.07164391,25270.0,6.4824741682665305e-09,25310.0,BID
313,1712366673.4683344,32607.05256676,25270.0,2.127241636619978e-09,25310.0,BID
314,1712366673.4710937,35387.28868863,25270.0,2.1136665397997615e-07,25310.0,BID
315,1712366673.6056716,35773.35260548,25270.0,-2.935039858129184e-08,25310.0,ASK
316,1712366677.076005,35852.49290854,25240.0,-6.016618848007028e-09,25310.0,ASK
317,1712366677.0792704,35860.13839842,25240.0,-5.812461759134662e-10,25310.0,ASK
318,1712366677.0818958,35915.49910548,25240.0,-4.208781880499734e-09,25310.0,ASK
319,1712366683.2855804,35976.64573648,25270.0,4.648655089023881e-09,25310.0,BID
320,1712366683.2888627,36126.62595112,25270.0,1.1402202813742506e-08,25310.0,BID
321,1712366689.845585,36145.29451409,25230.0,-1.419272146902925e-09,25310.0,ASK
322,1712366690.415784,36197.29352247,25270.0,3.9532097022625984e-09,25310.0,BID
323,1712366690.4197626,36265.06422954,25270.0,5.152248572905185e-09,25310.0,BID
324,1712366700.5674088,36265.06422954,25270.0,0.0,25310.0,BID
325,1712366708.8255303,36365.06422954,25270.0,7.617874273314611e-09,25310.0,BID
326,1712366714.989758,36404.63684528,25270.0,3.0145921137350006e-09,25310.0,BID
327,1712366722.6358814,36418.48726079,25270.0,1.055107239883601e-09,25310.0,BID
328,1712366730.57735,36418.48726079,25270.0,0.0,25310.0,BID
329,1712366760.3760817,36418.48726079,25270.0,0.0,25310.0,BID
330,1712366775.0662303,36425.02751955,25270.0,4.980815835878702e-10,25310.0,BID
331,1712366775.0690129,36497.709383,25270.0,5.5351781900007555e-09,25310.0,BID
332,1712366790.3600352,36497.709383,25270.0,0.0,25310.0,BID
333,1712366813.4561884,36509.09439093,25270.0,8.669073452359339e-10,25310.0,BID
334,1712366815.366302,36588.23962242,25270.0,6.026485263862961e-09,25310.0,BID
335,1712366820.577814,36588.23962242,25270.0,0.0,25310.0,BID
336,1712366840.666235,36588.6776828,25230.0,-3.335014104880326e-11,25310.0,ASK
337,1712366840.6704464,36588.9154007,25240.0,-1.809779166720884e-11,25310.0,ASK
338,1712366850.567988,36588.9154007,25240.0,-0.0,25310.0,ASK
339,1712366880.388822,36588.9154007,25240.0,-0.0,25310.0,ASK
340,1712366888.4662948,36628.53505204,25240.0,-3.0162947973859083e-09,25310.0,ASK
341,1712366888.47053,36629.32744506,25240.0,-6.03258954298509e-11,25310.0,ASK
342,1712366888.4746673,36639.62082171,25230.0,-7.836479470878308e-10,25310.0,ASK
343,1712366888.479649,36697.49182171,25230.0,-4.4057933453667134e-09,25310.0,ASK
344,1712366888.4831712,36866.3343503,25230.0,-1.2854197938116268e-08,25310.0,ASK
345,1712366904.0160182,36886.10344041,25220.0,-1.5050461483401363e-09,25310.0,ASK
346,1712366904.0188515,36945.55647251,25230.0,-4.526235475247535e-09,25310.0,ASK
347,1712366910.3973165,36945.55647251,25230.0,-0.0,25310.0,ASK
348,1712366937.8459992,36946.3491796,25230.0,6.030849170316446e-11,25310.0,BID
349,1712366940.40219,36946.3491796,25230.0,0.0,25310.0,BID
350,1712366970.5395627,36947.53824024,25230.0,9.046260028810416e-11,25310.0,BID
351,1712366970.5660436,36947.53824024,25230.0,0.0,25310.0,BID
352,1712366989.5859745,36947.73645664,25230.0,1.5080080388746924e-11,25310.0,BID
353,1712367000.461957,36947.73645664,25230.0,0.0,25310.0,BID
354,1712367005.92616,36952.01600843,25230.0,3.2901370380501383e-10,25310.0,BID
355,1712367005.930024,36987.37181137,25230.0,2.7181686884753077e-09,25310.0,BID
356,1712367030.4286337,36987.37181137,25230.0,0.0,25310.0,BID
357,1712367031.7060964,36988.11772158,25230.0,5.7341475651489006e-11,25310.0,BID
358,1712367031.708207,36995.37181137,25230.0,5.57654537359324e-10,25310.0,BID
359,1712367040.5860312,36995.76816491,25230.0,3.0469480855048013e-11,25310.0,BID
360,1712367049.815834,37000.01189757,25230.0,3.2623483327333724e-10,25310.0,BID
361,1712367049.8258123,37005.76816491,25230.0,4.425101829901799e-10,25310.0,BID
362,1712367060.5686617,37005.76816491,25230.0,0.0,25310.0,BID
363,1712367090.568091,37005.76816491,25230.0,0.0,25310.0,BID
364,1712367092.7557411,37006.76816491,25210.0,7.687175880116569e-11,25310.0,BID
365,1712367093.87594,37007.56150088,25210.0,6.098513133441183e-11,25310.0,BID
366,1712367108.2160356,37017.44398103,25200.0,-7.596836304482115e-10,25310.0,ASK
367,1712367120.380783,37017.44398103,25200.0,-0.0,25310.0,ASK
368,1712367127.996076,37027.45343747,25200.0,7.694271172068642e-10,25310.0,BID
369,1712367127.999902,37027.91755764,25200.0,3.5676926772303586e-11,25310.0,BID
370,1712367147.02379,37043.62759139,25200.0,-1.207630609308857e-09,25310.0,ASK
371,1712367147.9013717,37044.09171156,25210.0,3.5676926772303586e-11,25310.0,BID
372,1712367150.4004626,37044.09171156,25210.0,0.0,25310.0,BID
373,1712367152.5360386,37044.55583173,25220.0,3.5675085212682546e-11,25310.0,BID
374,1712367153.2787435,37075.40372934,25210.0,-2.371156107845328e-09,25310.0,ASK
375,1712367155.825953,37103.66770742,25230.0,2.1725404143800433e-09,25310.0,BID
376,1712367155.82984,37104.43762334,25230.0,5.918039729413254e-11,25310.0,BID
377,1712367155.8459165,37104.43762354,25230.0,1.537276822438855e-17,25310.0,BID
378,1712367177.383108,37112.36469448,25230.0,6.09322648640139e-10,25310.0,BID
379,1712367180.5557668,37112.36469448,25230.0,0.0,25310.0,BID
380,1712367185.045829,37114.43762354,25230.0,1.593167867774804e-10,25310.0,BID
381,1712367210.5901313,37114.43762354,25230.0,0.0,25310.0,BID
382,1712367215.0270588,37136.54079953,25250.0,1.698752209999152e-09,25310.0,BID
383,1712367215.0291145,37233.24950472,25250.0,7.432602750934971e-09,25310.0,BID
384,1712367240.4101646,37233.24950472,25250.0,0.0,25310.0,BID
385,1712367241.8957767,37257.05736316,25250.0,1.8293447669327247e-09,25310.0,BID
386,1712367245.7957804,37290.65401662,25250.0,2.58149477612181e-09,25310.0,BID
387,1712367254.765955,37310.45599681,25250.0,1.521541676114107e-09,25310.0,BID
388,1712367260.2858243,37318.62751501,25250.0,6.278819279244982e-10,25310.0,BID
389,1712367267.355881,37326.98694867,25250.0,6.42320948731359e-10,25310.0,BID
390,1712367270.3858342,37326.98694867,25250.0,0.0,25310.0,BID
391,1712367272.995756,37361.40689245,25240.0,-2.644273736585531e-09,25310.0,ASK
392,1712367276.815646,37434.62079517,25240.0,-5.6245763024131965e-09,25310.0,ASK
393,1712367279.1256862,37444.34129517,25240.0,-7.46766555482266e-10,25310.0,ASK
394,1712367300.565727,37444.34129517,25240.0,-0.0,25310.0,ASK
395,1712367305.7478712,37699.36582117,25240.0,-1.9861227477095213e-08,25310.0,ASK
396,1712367305.8339636,37731.70202377,25240.0,-2.518332984114451e-09,25310.0,ASK
397,1712367305.84107,37732.09822028,25240.0,-3.0855655862646346e-11,25310.0,ASK
398,1712367305.8453813,37732.49441679,25240.0,-3.0855655862646346e-11,25310.0,ASK
399,1712367330.5882535,37732.49441679,25240.0,-0.0,25310.0,ASK
400,1712367331.9304392,37748.60168178,25240.0,1.253718451619047e-09,25310.0,BID
401,1712367360.3692777,37748.60168178,25240.0,0.0,25310.0,BID
402,1712367364.4057434,37750.35513957,25240.0,-1.3647710055063463e-10,25310.0,ASK
403,1712367383.5859146,37753.07887497,25240.0,-2.1199683971826143e-10,25310.0,ASK
404,1712367390.4084885,37753.07887497,25240.0,-0.0,25310.0,ASK
405,1712367392.6560595,37755.90290676,25240.0,-2.1980128798810067e-10,25310.0,ASK
406,1712367420.5558927,37755.90290676,25240.0,-0.0,25310.0,ASK
407,1712367423.856009,37772.42887278,25240.0,-1.2862491412064403e-09,25310.0,ASK
408,1712367423.8658817,37789.01271606,25240.0,-1.290753844645752e-09,25310.0,ASK
409,1712367434.5659215,37826.57514173,25230.0,-2.923559064637054e-09,25310.0,ASK
410,1712367450.5656314,37826.57514173,25230.0,-0.0,25310.0,ASK
411,1712367461.0755873,37855.60903673,25210.0,-2.2594527628585914e-09,25310.0,ASK
412,1712367465.0257795,37881.62197767,25230.0,2.0243584705726487e-09,25310.0,BID
413,1712367468.1157806,37882.21650799,25230.0,4.6267067306137586e-11,25310.0,BID
414,1712367475.513873,37902.21650799,25230.0,1.5564241469210751e-09,25310.0,BID
415,1712367480.4012575,37902.21650799,25230.0,0.0,25310.0,BID
416,1712367510.381358,37902.21650799,25230.0,0.0,25310.0,BID
417,1712367516.1059046,37912.84941187,25210.0,-8.27342580934005e-10,25310.0,ASK
418,1712367516.1099906,37950.05980799,25210.0,-2.8953280788533994e-09,25310.0,ASK
419,1712367522.6257896,37954.02648788,25210.0,-3.08645993133225e-10,25310.0,ASK
420,1712367540.568539,37954.02648788,25210.0,-0.0,25310.0,ASK
421,1712367541.7857926,37958.38983575,25210.0,-3.3947609096328357e-10,25310.0,ASK
422,1712367570.5491097,37958.38983575,25210.0,-0.0,25310.0,ASK
423,1712367578.925835,37968.38983575,25220.0,7.780108205916232e-10,25310.0,BID
424,1712367578.9300568,37974.18067939,25220.0,4.505339012276519e-10,25310.0,BID
425,1712367600.4464712,37974.18067939,25220.0,0.0,25310.0,BID
426,1712367630.419998,37974.18067939,25220.0,0.0,25310.0,BID
427,1712367656.5661345,37984.12086185,25220.0,-7.78495213452472e-10,25310.0,ASK
428,1712367656.5747564,37985.70687939,25220.0,-1.2421372226428058e-10,25310.0,ASK
429,1712367656.5766046,37989.70687939,25220.0,-3.1327200142865265e-10,25310.0,ASK
430,1712367658.405889,37997.13685411,25220.0,-5.819007627745501e-10,25310.0,ASK
431,1712367658.4101102,37997.13687939,25220.0,-1.9798786251991097e-15,25310.0,ASK
432,1712367659.8959732,38029.25887939,25220.0,-2.5157308074730328e-09,25310.0,ASK
433,1712367660.5676303,38029.25887939,25220.0,-0.0,25310.0,ASK
434,1712367665.8959982,38029.25889711,25220.0,-1.3876438598378537e-15,25310.0,ASK
435,1712367665.9061346,38053.04953945,25220.0,-1.863032857134402e-09,25310.0,ASK
436,1712367668.6450546,38095.34202646,25210.0,-3.311902712986369e-09,25310.0,ASK
437,1712367690.5756848,38095.34202646,25210.0,-0.0,25310.0,ASK
438,1712367720.378612,38095.34202646,25210.0,-0.0,25310.0,ASK
439,1712367750.3807669,38095.34202646,25210.0,-0.0,25310.0,ASK
440,1712367761.3658705,38125.88159672,25210.0,-2.391225896394862e-09,25310.0,ASK
441,1712367761.3702612,38130.88159672,25210.0,-3.9149632362817514e-10,25310.0,ASK
442,1712367761.3757524,38373.00961869,25210.0,-1.8958446089723275e-08,25310.0,ASK
443,1712367780.4312496,38373.00961869,25210.0,-0.0,25310.0,ASK
444,1712367810.4089868,38373.00961869,25210.0,-0.0,25310.0,ASK
445,1712367813.4159684,38412.69215837,25200.0,-3.105411619264986e-09,25310.0,ASK
446,1712367813.420692,38420.22716828,25200.0,-5.8966254464728e-10,25310.0,ASK
447,1712367813.4249618,38421.38626668,25200.0,-9.07068365143868e-11,25310.0,ASK
448,1712367819.7158296,38423.22716828,25200.0,-1.4406228191704178e-10,25310.0,ASK
449,1712367819.720267,38424.69217174,25200.0,-1.146458569342501e-10,25310.0,ASK
450,1712367840.036009,38442.32173451,25200.0,-1.3796256366149635e-09,25310.0,ASK
451,1712367840.0404296,38446.28998847,25200.0,-3.10541161300682e-10,25310.0,ASK
452,1712367840.4280102,38446.28998847,25200.0,-0.0,25310.0,ASK
453,1712367845.84579,38448.28998847,25200.0,-1.5649013071111112e-10,25310.0,ASK
454,1712367862.6857858,38449.08269556,25230.0,6.202541806461489e-11,25310.0,BID
455,1712367870.3917768,38449.08269556,25230.0,0.0,25310.0,BID
456,1712367871.565942,38449.4790491,25230.0,3.1012537810383375e-11,25310.0,BID
457,1712367900.411239,38449.4790491,25230.0,0.0,25310.0,BID
458,1712367905.1560657,38451.35628651,25230.0,1.4743915692612978e-10,25310.0,BID
459,1712367921.9858096,38513.94291801,25230.0,4.915585068806819e-09,25310.0,BID
460,1712367921.9881666,38522.76251537,25230.0,6.926955494595402e-10,25310.0,BID
461,1712367930.391299,38522.76251537,25230.0,0.0,25310.0,BID
462,1712367960.567543,38522.76251537,25230.0,0.0,25310.0,BID
463,1712367968.225796,38554.47079915,25220.0,2.4900227360652183e-09,25310.0,BID
464,1712367971.9063623,38555.66127534,25210.0,-9.348701432074054e-11,25310.0,ASK
465,1712367971.9105282,38563.10440026,25210.0,-5.84501842066779e-10,25310.0,ASK
466,1712367971.914611,38565.0877402,25210.0,-1.5574988473660918e-10,25310.0,ASK
467,1712367980.3356676,38569.05442008,25210.0,-3.1149976947436107e-10,25310.0,ASK
468,1712367983.1459262,38571.04706661,25200.0,-1.5648072280007114e-10,25310.0,ASK
469,1712367983.1504626,38576.98149102,25200.0,-4.660249608235564e-10,25310.0,ASK
470,1712367990.558621,38576.98149102,25200.0,-0.0,25310.0,ASK
471,1712367993.165858,38586.50530054,25200.0,-7.47815831321063e-10,25310.0,ASK
472,1712368001.0956385,38593.13548327,25200.0,-5.206063392635922e-10,25310.0,ASK
473,1712368001.0979896,38600.27560054,25200.0,-5.606467370838406e-10,25310.0,ASK
474,1712368020.395975,38600.27560054,25200.0,-0.0,25310.0,ASK
475,1712368044.3057563,38629.13548327,25200.0,-2.2659926610921148e-09,25310.0,ASK
476,1712368050.375919,38629.13548327,25200.0,-0.0,25310.0,ASK
477,1712368073.1958342,38635.75309489,25200.0,5.19565629150773e-10,25310.0,BID
478,1712368073.205763,38644.49980866,25200.0,6.867268893776168e-10,25310.0,BID
479,1712368080.575779,38644.49980866,25200.0,0.0,25310.0,BID
480,1712368103.8679006,38645.08621199,25190.0,-4.603862710232957e-11,25310.0,ASK
481,1712368103.872443,38649.05604128,25190.0,-3.1167198580499653e-10,25310.0,ASK
482,1712368103.874482,38649.25604128,25190.0,-1.57020346742342e-11,25310.0,ASK
483,1712368103.8765051,38684.62040766,25190.0,-2.776462535594474e-09,25310.0,ASK
484,1712368103.9398112,38684.98450495,25190.0,-2.858534136148304e-11,25310.0,ASK
485,1712368103.945858,39003.32632751,25190.0,-2.4993071679934884e-08,25310.0,ASK
486,1712368103.9493473,39011.24654366,25190.0,-6.218175430600567e-10,25310.0,ASK
487,1712368104.0060928,39061.35124749,25190.0,-3.933728984318204e-09,25310.0,ASK
488,1712368104.010854,39245.98154366,25190.0,-1.4495356561560826e-08,25310.0,ASK
489,1712368104.0354557,39248.36344124,25190.0,-1.870031919542682e-10,25310.0,ASK
490,1712368104.085759,39269.64460934,25190.0,-1.670788197035729e-09,25310.0,ASK
491,1712368104.0993972,39428.43051055,25190.0,-1.2466308632622744e-08,25310.0,ASK
492,1712368104.1077492,39449.2244764,25190.0,-1.6325378639217847e-09,25310.0,ASK
493,1712368109.7856796,39453.19273036,25200.0,3.115483063739097e-10,25310.0,BID
494,1712368110.549314,39453.19273036,25200.0,0.0,25310.0,BID
495,1712368117.4562263,39453.98638115,25200.0,6.221016641597559e-11,25310.0,BID
496,1712368135.1142137,39457.95936486,25170.0,-3.114215734181369e-10,25310.0,ASK
497,1712368135.1222506,39462.32791131,25180.0,-3.4242768365425195e-10,25310.0,ASK
498,1712368135.124431,39482.95621854,25170.0,-1.616945943764618e-09,25310.0,ASK
499,1712368135.126588,39593.67775386,25180.0,-8.678886513901898e-09,25310.0,ASK
500,1712368135.1287184,39785.88128981,25170.0,-1.5065837655336314e-08,25310.0,ASK
501,1712368140.3827136,39785.88128981,25170.0,-0.0,25310.0,ASK
502,1712368153.3960345,39804.98281968,25170.0,-1.4962875247461015e-09,25310.0,ASK
503,1712368153.4009123,39820.88983186,25170.0,-1.2460501354026754e-09,25310.0,ASK
504,1712368166.9659796,39824.86439465,25160.0,-3.1134096375935925e-10,25310.0,ASK
505,1712368166.9756985,39939.95794903,25160.0,-9.015667895164174e-09,25310.0,ASK
506,1712368170.3807452,39939.95794903,25160.0,-0.0,25310.0,ASK
507,1712368179.845879,39976.52017751,25160.0,2.863173656534701e-09,25310.0,BID
508,1712368190.9259226,39981.1312868,25170.0,3.6109414538999503e-10,25310.0,BID
509,1712368190.930926,39997.49554803,25170.0,1.2814788269267562e-09,25310.0,BID
510,1712368200.460136,39997.49554803,25170.0,0.0,25310.0,BID
511,1712368203.5158982,40007.16390849,25170.0,-7.59850608142767e-10,25310.0,ASK
512,1712368208.7561111,40139.41250921,25170.0,-1.0393611212451686e-08,25310.0,ASK
513,1712368208.761004,40139.88599645,25170.0,-3.721205562726773e-11,25310.0,ASK
514,1712368215.1155856,40179.63162443,25170.0,-3.1236671115599902e-09,25310.0,ASK
515,1712368230.395948,40179.63162443,25170.0,-0.0,25310.0,ASK
516,1712368235.0211363,40187.72082265,25170.0,-6.355129647589111e-10,25310.0,ASK
517,1712368260.55873,40187.72082265,25170.0,-0.0,25310.0,ASK
518,1712368274.4259305,40199.22499756,25170.0,-9.037898640407303e-10,25310.0,ASK
519,1712368274.4308574,40220.28181122,25170.0,-1.654263335161966e-09,25310.0,ASK
520,1712368290.571381,40220.28181122,25170.0,-0.0,25310.0,ASK
521,1712368292.615896,40221.08181122,25170.0,6.284547536988643e-11,25310.0,BID
522,1712368309.8256717,40243.97072433,25170.0,1.798080781365961e-09,25310.0,BID
523,1712368320.395713,40243.97072433,25170.0,0.0,25310.0,BID
524,1712368335.3457117,40298.55271805,25170.0,4.287588348892313e-09,25310.0,BID
525,1712368350.383824,40298.55271805,25170.0,0.0,25310.0,BID
526,1712368368.0956633,40302.52728084,25160.0,-3.121807958161413e-10,25310.0,ASK
527,1712368380.5796597,40302.52728084,25160.0,-0.0,25310.0,ASK
528,1712368385.186055,40362.14572281,25160.0,4.682675166744421e-09,25310.0,BID
529,1712368386.0057683,40370.71828927,25160.0,6.733242726759347e-10,25310.0,BID
530,1712368388.035945,40370.9170174,25160.0,1.5608916445096433e-11,25310.0,BID
531,1712368396.3058934,40371.91105318,25150.0,-7.80756173434771e-11,25310.0,ASK
532,1712368396.310818,40418.85016609,25150.0,-3.6867890389228364e-09,25310.0,ASK
533,1712368404.8458097,40419.05338676,25160.0,1.5961778827899595e-11,25310.0,BID
534,1712368410.5656614,40419.05338676,25160.0,0.0,25310.0,BID
535,1712368414.095796,40452.21598676,25160.0,2.604126056615225e-09,25310.0,BID
536,1712368437.5558076,40550.30087627,25160.0,7.702213232172512e-09,25310.0,BID
537,1712368440.3456726,40550.30087627,25160.0,0.0,25310.0,BID
538,1712368452.4958138,40570.25346958,25140.0,-1.5663910022914286e-09,25310.0,ASK
539,1712368452.5007908,40708.46681497,25140.0,-1.08505264078619e-08,25310.0,ASK
540,1712368458.6258762,40708.86411334,25170.0,3.119016071368987e-11,25310.0,BID
541,1712368470.3793454,40708.86411334,25170.0,0.0,25310.0,BID
542,1712368500.4195895,40708.86411334,25170.0,0.0,25310.0,BID
543,1712368506.5156722,40713.86411334,25150.0,-3.9460971694861927e-10,25310.0,ASK
544,1712368515.4958136,40725.78306447,25170.0,9.406667863466811e-10,25310.0,BID
545,1712368519.725759,40737.7020156,25170.0,9.406667863466811e-10,25310.0,BID
546,1712368524.1910408,40777.4318527,25170.0,3.135555954489129e-09,25310.0,BID
547,1712368530.4089904,40777.4318527,25170.0,0.0,25310.0,BID
548,1712368531.055686,40778.4318527,25170.0,7.891119572086752e-11,25310.0,BID
549,1712368560.561482,40778.4318527,25170.0,0.0,25310.0,BID
550,1712368570.2559106,40781.01625775,25170.0,2.039380876619224e-10,25310.0,BID
551,1712368577.1252737,40781.41355612,25170.0,3.135122716504676e-11,25310.0,BID
552,1712368590.5554404,40781.41355612,25170.0,0.0,25310.0,BID
553,1712368611.3153377,40799.77089628,25150.0,-1.4485882062094442e-09,25310.0,ASK
554,1712368620.3680596,40799.77089628,25150.0,-0.0,25310.0,ASK
555,1712368626.8588376,40809.70335555,25150.0,-7.83747485516578e-10,25310.0,ASK
556,1712368645.7556684,40819.63581483,25150.0,-7.83747486305431e-10,25310.0,ASK
557,1712368646.5151792,40839.63581483,25150.0,-1.5781539379352831e-09,25310.0,ASK
558,1712368650.4151332,40839.63581483,25150.0,-0.0,25310.0,ASK
559,1712368680.5491188,40839.63581483,25150.0,-0.0,25310.0,ASK
560,1712368686.6952703,40879.39724625,25150.0,-3.1372347823959242e-09,25310.0,ASK
561,1712368710.5492444,40879.39724625,25150.0,-0.0,25310.0,ASK
562,1712368737.0453954,41064.30848885,25150.0,-1.4588614979756282e-08,25310.0,ASK
563,1712368740.4005103,41064.30848885,25150.0,-0.0,25310.0,ASK
564,1712368744.695555,41104.05411683,25160.0,3.134590360808352e-09,25310.0,BID
565,1712368755.2402189,41104.4514152,25170.0,3.133344984749641e-11,25310.0,BID
566,1712368770.3691158,41104.4514152,25170.0,0.0,25310.0,BID
567,1712368800.4828882,41104.4514152,25170.0,0.0,25310.0,BID
568,1712368801.161669,41115.5636679,25150.0,-8.90414850906112e-10,25310.0,ASK
569,1712368801.4400513,41147.94441466,25150.0,-2.5946402207467e-09,25310.0,ASK
570,1712368828.7360375,41188.7047092,25150.0,-3.266085875252703e-09,25310.0,ASK
571,1712368829.9232206,41195.60045058,25150.0,-5.525495773470794e-10,25310.0,ASK
572,1712368829.956092,41202.52331655,25150.0,-5.547230464368351e-10,25310.0,ASK
573,1712368830.3760374,41202.52331655,25150.0,-0.0,25310.0,ASK
574,1712368832.3060086,41205.1077216,25150.0,-2.0704514049575647e-10,25310.0,ASK
575,1712368837.2129445,41226.72234818,25150.0,-1.731618422982875e-09,25310.0,ASK
576,1712368837.225992,41238.28298734,25150.0,-9.261606105849287e-10,25310.0,ASK
577,1712368860.568935,41238.28298734,25150.0,-0.0,25310.0,ASK
578,1712368876.1168387,41240.04674159,25160.0,1.4128994109632934e-10,25310.0,BID
579,1712368876.1195128,41336.13037567,25160.0,7.697019581652625e-09,25310.0,BID
580,1712368890.5976713,41336.13037567,25160.0,0.0,25310.0,BID
581,1712368900.6375012,41336.54049116,25160.0,-3.2846848248760247e-11,25310.0,ASK
582,1712368905.4174564,41376.27032826,25170.0,3.18203033535162e-09,25310.0,BID
583,1712368915.8375952,41376.66762663,25170.0,3.1820303273464676e-11,25310.0,BID
584,1712368918.5704222,41416.39746373,25170.0,3.18203033535162e-09,25310.0,BID
585,1712368920.387622,41416.39746373,25170.0,0.0,25310.0,BID
586,1712368940.6587093,41416.98734824,25160.0,-4.7237211818787394e-11,25310.0,ASK
587,1712368940.6618962,41421.96191103,25160.0,-3.9835674989367566e-10,25310.0,ASK
588,1712368949.1282876,41428.25203896,25150.0,-5.037055565266775e-10,25310.0,ASK
589,1712368950.363645,41428.25203896,25150.0,-0.0,25310.0,ASK
590,1712368953.5683851,41439.47813602,25150.0,-8.98950308186223e-10,25310.0,ASK
591,1712368954.2683494,41495.51721835,25150.0,-4.487432280497887e-09,25310.0,ASK
592,1712368966.618373,41507.10289087,25150.0,-9.277439725255047e-10,25310.0,ASK
593,1712368967.0985992,41515.23166821,25160.0,6.50926751827782e-10,25310.0,BID
594,1712368967.1022654,41557.10289087,25160.0,3.3529149367925003e-09,25310.0,BID
595,1712368974.718608,41566.67561693,25150.0,-7.6655359345508e-10,25310.0,ASK
596,1712368980.558684,41566.67561693,25150.0,-0.0,25310.0,ASK
597,1712368993.3889017,41567.1340145,25150.0,-3.669679436990471e-11,25310.0,ASK
598,1712368993.3914385,41575.17771827,25150.0,-6.43934790535206e-10,25310.0,ASK
599,1712369003.6490784,41583.16538878,25150.0,-6.39449075176041e-10,25310.0,ASK
600,1712369004.075693,41583.61750694,25150.0,-3.619409925836296e-11,25310.0,ASK
601,1712369004.0828867,41584.41273556,25150.0,-6.366164014616922e-11,25310.0,ASK
602,1712369004.0866992,41589.38845483,25150.0,-3.983287845378956e-10,25310.0,ASK
603,1712369004.2504191,41665.12844132,25150.0,-6.0633277567305185e-09,25310.0,ASK
604,1712369004.2555106,41692.74932541,25150.0,-2.211176433077985e-09,25310.0,ASK
605,1712369004.259911,41704.67775483,25150.0,-9.549246117975221e-10,25310.0,ASK
606,1712369010.5726423,41704.67775483,25150.0,-0.0,25310.0,ASK
607,1712369014.2495017,41708.98933377,25150.0,-3.4506547737694023e-10,25310.0,ASK
608,1712369015.2893322,41718.81590502,25150.0,-7.864428661864201e-10,25310.0,ASK
609,1712369015.299284,41730.74433444,25150.0,-9.5465936016806e-10,25310.0,ASK
610,1712369040.3699267,41730.74433444,25150.0,-0.0,25310.0,ASK
611,1712369041.7399576,41759.56239105,25140.0,-2.306253668976494e-09,25310.0,ASK
612,1712369050.3499029,41766.99626671,25140.0,-5.94918777751158e-10,25310.0,ASK
613,1712369057.125001,41774.69882225,25140.0,-6.164207120220796e-10,25310.0,ASK
614,1712369070.5018916,41774.69882225,25140.0,-0.0,25310.0,ASK
615,1712369100.3841338,41782.27225222,25140.0,-6.060334479662855e-10,25310.0,ASK
616,1712369100.5550945,41782.27225222,25140.0,-0.0,25310.0,ASK
617,1712369102.991562,41794.42341202,25140.0,-9.839796856725087e-10,25310.0,ASK
618,1712369103.151067,41851.15561202,25140.0,-4.594074412839976e-09,25310.0,ASK
619,1712369107.4604137,41862.5962439,25140.0,-9.264423764043e-10,25310.0,ASK
620,1712369107.463274,41873.92739908,25140.0,-9.175771445556035e-10,25310.0,ASK
621,1712369110.190616,42065.42080079,25140.0,-1.5506801023468693e-08,25310.0,ASK
622,1712369114.2506046,42073.11125807,25140.0,-6.22759790966629e-10,25310.0,ASK
623,1712369121.100731,42241.09010987,25140.0,-1.360263386494146e-08,25310.0,ASK
624,1712369124.190836,42281.28356884,25140.0,-3.254796066742158e-09,25310.0,ASK
625,1712369126.3409915,42345.22313939,25140.0,-5.1777146846365075e-09,25310.0,ASK
626,1712369126.345995,42446.60539872,25140.0,-8.209758188539634e-09,25310.0,ASK
627,1712369126.3514786,42458.53857294,25140.0,-9.663275943480078e-10,25310.0,ASK
628,1712369130.5644257,42458.53857294,25140.0,-0.0,25310.0,ASK
629,1712369148.3287194,42462.51629768,25140.0,3.216663476958996e-10,25310.0,BID
630,1712369157.521543,42492.50588727,25130.0,-2.4251657374161862e-09,25310.0,ASK
631,1712369157.5277328,42492.80588727,25130.0,-2.4260075951714954e-11,25310.0,ASK
632,1712369157.532849,42541.93496406,25130.0,-3.972917114601195e-09,25310.0,ASK
633,1712369159.1317232,42704.73958778,25130.0,-1.3165508455983765e-08,25310.0,ASK
634,1712369160.3868449,42704.73958778,25130.0,-0.0,25310.0,ASK
635,1712369161.251307,42705.13736025,25140.0,3.2150548581679345e-11,25310.0,BID
636,1712369185.6617603,42863.20864225,25140.0,1.27763453093878e-08,25310.0,BID
637,1712369185.7419984,42890.65494268,25140.0,2.218387852126466e-09,25310.0,BID
638,1712369185.8214955,42910.26278581,25140.0,1.584832940124144e-09,25310.0,BID
639,1712369185.8274536,42927.50675495,25140.0,1.393769326404684e-09,25310.0,BID
640,1712369190.44621,42927.50675495,25140.0,0.0,25310.0,BID
641,1712369218.831906,42928.50675495,25140.0,-8.078990978390354e-11,25310.0,ASK
642,1712369218.8373668,42929.49166959,25130.0,-7.957116491053305e-11,25310.0,ASK
643,1712369220.5745115,42929.49166959,25130.0,-0.0,25310.0,ASK
644,1712369250.572143,42929.49166959,25130.0,-0.0,25310.0,ASK
645,1712369256.362589,42986.38175755,25130.0,-4.5961265483632876e-09,25310.0,ASK
646,1712369256.3684726,42986.62275655,25140.0,-1.947020898991421e-11,25310.0,ASK
647,1712369256.3733566,43048.63439616,25130.0,-5.009894576353289e-09,25310.0,ASK
648,1712369279.9924877,43066.95612573,25130.0,-1.4802049128106339e-09,25310.0,ASK
649,1712369280.3926628,43066.95612573,25130.0,-0.0,25310.0,ASK
650,1712369298.8327188,43070.33133464,25130.0,-2.7260564373587616e-10,25310.0,ASK
651,1712369298.8384445,43209.85532004,25130.0,-1.126893975180396e-08,25310.0,ASK
652,1712369298.912509,43385.30073377,25130.0,1.4170207304397504e-08,25310.0,BID
653,1712369310.3728108,43385.30073377,25130.0,0.0,25310.0,BID
654,1712369324.3933322,43389.28162548,25120.0,-3.213172378439736e-10,25310.0,ASK
655,1712369324.3978782,43395.66307837,25120.0,-5.150782702518131e-10,25310.0,ASK
656,1712369340.5764506,43395.66307837,25120.0,-0.0,25310.0,ASK
657,1712369370.5953422,43395.66307837,25120.0,-0.0,25310.0,ASK
658,1712369382.2535255,43411.02740376,25140.0,-1.240103784165921e-09,25310.0,ASK
659,1712369400.4503796,43411.02740376,25140.0,-0.0,25310.0,ASK
660,1712369412.353873,43431.3986024,25140.0,1.656437135473826e-09,25310.0,BID
661,1712369430.3810198,43431.3986024,25140.0,0.0,25310.0,BID
662,1712369432.587779,43431.79637487,25140.0,3.2342606133611143e-11,25310.0,BID
663,1712369456.584233,43456.45400031,25150.0,2.0048945765217823e-09,25310.0,BID
664,1712369456.5901215,43471.56381415,25140.0,1.2285685778541387e-09,25310.0,BID
665,1712369460.5622718,43471.56381415,25140.0,0.0,25310.0,BID
666,1712369490.560102,43471.56381415,25140.0,0.0,25310.0,BID
667,1712369508.2944412,43471.96158662,25140.0,-3.2339950298498714e-11,25310.0,ASK
668,1712369520.4186392,43471.96158662,25140.0,-0.0,25310.0,ASK
669,1712369535.1154463,43475.55656717,25140.0,-2.9228115708792487e-10,25310.0,ASK
670,1712369550.7054703,43475.55656717,25140.0,-0.0,25310.0,ASK
671,1712369580.548556,43475.55656717,25140.0,-0.0,25310.0,ASK
672,1712369595.5438402,43475.95449793,25130.0,-3.2352555664188025e-11,25310.0,ASK
673,1712369595.5466876,43484.31104389,25130.0,-6.794036689568211e-10,25310.0,ASK
674,1712369600.2849903,43484.70786928,25130.0,3.226268690355301e-11,25310.0,BID
675,1712369601.8151543,43497.71833156,25120.0,-1.057776245133728e-09,25310.0,ASK
676,1712369610.5795765,43497.71833156,25120.0,-0.0,25310.0,ASK
677,1712369626.9953508,43522.45465082,25120.0,-2.011020509677453e-09,25310.0,ASK
678,1712369627.0015044,43530.61643425,25120.0,-6.635390536784934e-10,25310.0,ASK
679,1712369627.0075417,43540.61643425,25120.0,-8.12982921403829e-10,25310.0,ASK
680,1712369640.5031478,43540.61643425,25120.0,-0.0,25310.0,ASK
681,1712369670.388704,43540.61643425,25120.0,-0.0,25310.0,ASK
682,1712369700.3042722,43540.98068584,25120.0,-2.961043809271242e-11,25310.0,ASK
683,1712369700.308781,43580.78960303,25120.0,-3.2361134730949e-09,25310.0,ASK
684,1712369700.427873,43580.78960303,25120.0,-0.0,25310.0,ASK
685,1712369722.655769,43580.98960303,25130.0,1.6418725758202112e-11,25310.0,BID
686,1712369729.8558347,43588.09825329,25120.0,-5.83574895658136e-10,25310.0,ASK
687,1712369729.865656,43588.29825329,25120.0,-1.6418725758202112e-11,25310.0,ASK
688,1712369730.379763,43588.29825329,25120.0,-0.0,25310.0,ASK
689,1712369737.5505486,43628.0515561,25130.0,3.263442351563367e-09,25310.0,BID
690,1712369737.81362,43636.28171333,25120.0,-6.756330107405722e-10,25310.0,ASK
691,1712369741.6557312,43642.44121309,25120.0,-5.056478571683614e-10,25310.0,ASK
692,1712369748.376118,43643.54121309,25130.0,9.030159340148926e-11,25310.0,BID
693,1712369748.501849,43661.85182303,25120.0,-1.503161139761452e-09,25310.0,ASK
694,1712369750.2559984,43680.23626393,25130.0,1.5092220973337795e-09,25310.0,BID
695,1712369754.0162723,43680.67433641,25110.0,-3.596240269939946e-11,25310.0,ASK
696,1712369754.0224478,43688.93929061,25110.0,-6.784895760466464e-10,25310.0,ASK
697,1712369754.0262945,43692.92176771,25110.0,-3.2693093437812707e-10,25310.0,ASK
698,1712369760.5816772,43692.92176771,25110.0,-0.0,25310.0,ASK
699,1712369763.0370064,43693.71858045,25100.0,-6.539812424939827e-11,25310.0,ASK
700,1712369763.0401,43702.45283702,25100.0,-7.168610235763226e-10,25310.0,ASK
701,1712369763.0428145,43702.89108403,25100.0,-3.5968968583860645e-11,25310.0,ASK
702,1712369763.0565598,43712.95671955,25100.0,-8.261334807353605e-10,25310.0,ASK
703,1712369763.6211965,43724.61777558,25100.0,-9.570770556889147e-10,25310.0,ASK
704,1712369763.6256096,43734.48565814,25100.0,-8.099029763778752e-10,25310.0,ASK
705,1712369768.4360669,43736.46556036,25100.0,-1.6249977552540914e-10,25310.0,ASK
706,1712369773.1662426,43738.46556036,25110.0,1.6414929372201108e-10,25310.0,BID
707,1712369790.5660286,43738.46556036,25110.0,0.0,25310.0,BID
708,1712369797.0290537,43799.76693431,25110.0,5.03081660162668e-09,25310.0,BID
709,1712369797.1298783,43801.76693431,25110.0,1.6413389382527908e-10,25310.0,BID
710,1712369805.536291,43831.76693431,25110.0,2.462008407379186e-09,25310.0,BID
711,1712369811.9263377,43837.73114902,25110.0,4.894648919813282e-10,25310.0,BID
712,1712369817.1660762,43843.69536373,25110.0,-4.894648919813282e-10,25310.0,ASK
713,1712369819.0263495,43847.20201649,25110.0,-2.87780285895921e-10,25310.0,ASK
714,1712369820.4050386,43847.20201649,25110.0,-0.0,25310.0,ASK
715,1712369833.546292,43877.20201649,25110.0,-2.46145686054895e-09,25310.0,ASK
716,1712369847.2964883,43909.06183329,25110.0,-2.6140521546060394e-09,25310.0,ASK
717,1712369847.306331,43949.24050783,25110.0,-3.2966024698083998e-09,25310.0,ASK
718,1712369847.4367094,43950.66661479,25110.0,1.1701002535256428e-10,25310.0,BID
719,1712369850.408725,43950.66661479,25110.0,0.0,25310.0,BID
720,1712369880.1663678,43966.29185672,25110.0,-1.2817554102014035e-09,25310.0,ASK
721,1712369880.5504093,43966.29185672,25110.0,-0.0,25310.0,ASK
722,1712369910.593023,43966.29185672,25110.0,-0.0,25310.0,ASK
723,1712369940.3788776,43966.29185672,25110.0,-0.0,25310.0,ASK
724,1712369956.4168131,43974.5614774,25110.0,6.783440510889705e-10,25310.0,BID
725,1712369962.1567206,44481.63123466,25130.0,4.1594139155199593e-08,25310.0,BID
726,1712369970.3910897,44481.63123466,25130.0,0.0,25310.0,BID
727,1712369980.5777948,44560.51837286,25130.0,6.4641217734742285e-09,25310.0,BID
728,1712369989.9075935,44571.16163857,25130.0,8.72123988608464e-10,25310.0,BID
729,1712369997.5971696,44645.05413919,25130.0,6.0548542265937915e-09,25310.0,BID
730,1712370000.42181,44645.05413919,25130.0,0.0,25310.0,BID
731,1712370020.5472128,44728.09235319,25130.0,6.8432557410672916e-09,25310.0,BID
732,1712370030.379814,44728.09235319,25130.0,0.0,25310.0,BID
733,1712370035.017146,44732.07166079,25130.0,3.2788202031301927e-10,25310.0,BID
734,1712370036.376239,44845.45600946,25130.0,9.342502025663717e-09,25310.0,BID
735,1712370036.3793886,44876.98686733,25130.0,2.598040267257115e-09,25310.0,BID
736,1712370052.467383,44878.97652113,25130.0,1.6394101015591008e-10,25310.0,BID
737,1712370060.5973158,44878.97652113,25130.0,0.0,25310.0,BID
738,1712370090.600613,44878.97652113,25130.0,0.0,25310.0,BID
739,1712370120.4108071,44878.97652113,25130.0,0.0,25310.0,BID
740,1712370127.4718988,44880.17031341,25110.0,-9.833388409703624e-11,25310.0,ASK
741,1712370127.4784625,44881.77717343,25110.0,-1.3235869389727935e-10,25310.0,ASK
742,1712370127.4879458,44882.46524591,25110.0,-5.6677229893785656e-11,25310.0,ASK
743,1712370138.5375106,44887.24614181,25110.0,3.938072570780542e-10,25310.0,BID
744,1712370144.420744,44891.22544941,25130.0,3.2777961365498925e-10,25310.0,BID
745,1712370150.4088705,44891.22544941,25130.0,0.0,25310.0,BID
746,1712370174.1178043,44891.62322188,25100.0,-3.276409256750844e-11,25310.0,ASK
747,1712370177.547633,44933.70955462,25130.0,3.466606177432516e-09,25310.0,BID
748,1712370177.5527363,44938.96953377,25130.0,4.332588521602736e-10,25310.0,BID
749,1712370179.6578178,44986.31584566,25150.0,3.8998650295921905e-09,25310.0,BID
750,1712370179.664421,45042.34925543,25150.0,4.615411983061276e-09,25310.0,BID
751,1712370180.430073,45042.34925543,25150.0,0.0,25310.0,BID
752,1712370190.3178744,45050.26532373,25130.0,-6.51834057879084e-10,25310.0,ASK
753,1712370190.4981525,45058.05844942,25130.0,-6.41710575195715e-10,25310.0,ASK
754,1712370196.381891,45066.85155988,25130.0,-7.240524784917501e-10,25310.0,ASK
755,1712370202.9177823,45117.08814049,25130.0,-4.136638663541037e-09,25310.0,ASK
756,1712370202.9217052,45215.87885862,25100.0,-8.134739650935138e-09,25310.0,ASK
757,1712370202.9253564,45244.97885862,25120.0,-2.39618587983831e-09,25310.0,ASK
758,1712370210.3883002,45244.97885862,25120.0,-0.0,25310.0,ASK
759,1712370212.1580176,45246.17170156,25150.0,9.818131301593184e-11,25310.0,BID
760,1712370240.582708,45246.17170156,25150.0,0.0,25310.0,BID
761,1712370270.5806878,45246.17170156,25150.0,0.0,25310.0,BID
762,1712370276.3481188,45247.42914688,25150.0,1.0349839327136976e-10,25310.0,BID
763,1712370286.9480293,45251.40529002,25150.0,3.2727023581969857e-10,25310.0,BID
764,1712370300.3959231,45251.40529002,25150.0,0.0,25310.0,BID
765,1712370306.263755,45275.87170156,25150.0,2.0333985431567567e-09,25310.0,BID
766,1712370306.272288,45276.24400237,25150.0,3.0941845453295994e-11,25310.0,BID
767,1712370306.2752786,45331.60477002,25150.0,4.601022266935667e-09,25310.0,BID
768,1712370306.2782245,45464.03569391,25150.0,1.1006307454060878e-08,25310.0,BID
769,1712370306.3680482,45569.29226602,25150.0,-8.747852542095022e-09,25310.0,ASK
770,1712370306.4483228,45738.54578703,25150.0,-1.4066626096075142e-08,25310.0,ASK
771,1712370312.648131,45776.90578703,25150.0,3.1880918862158243e-09,25310.0,BID
772,1712370312.652346,45874.50578703,25150.0,8.111516373687568e-09,25310.0,BID
773,1712370319.6887152,45874.74426079,25160.0,1.9819506239127328e-11,25310.0,BID
774,1712370324.8881526,45876.72856126,25160.0,1.6491481304029828e-10,25310.0,BID
775,1712370327.398209,45882.33958722,25160.0,4.663312392181336e-10,25310.0,BID
776,1712370328.9484055,45883.9788559,25160.0,1.3623929035569085e-10,25310.0,BID
777,1712370330.380613,45883.9788559,25160.0,0.0,25310.0,BID
778,1712370333.8689437,45891.59818936,25150.0,-6.324050927927628e-10,25310.0,ASK
779,1712370341.6582935,45910.31113378,25150.0,-1.5531754075985675e-09,25310.0,ASK
780,1712370341.698121,45924.81256718,25150.0,-1.2036197632122916e-09,25310.0,ASK
781,1712370341.738403,45938.81979196,25150.0,-1.16260042079439e-09,25310.0,ASK
782,1712370341.7782917,45952.82873006,25150.0,-1.1627426264479907e-09,25310.0,ASK
783,1712370341.8582966,45967.32867129,25150.0,-1.2034959130210202e-09,25310.0,ASK
784,1712370341.9590702,45974.79483704,25150.0,-6.19692164507958e-10,25310.0,ASK
785,1712370341.964223,45985.64214051,25150.0,-9.00326779699771e-10,25310.0,ASK
786,1712370341.978197,45994.65978554,25150.0,-7.484650293775617e-10,25310.0,ASK
787,1712370343.138266,46002.3717042,25150.0,-6.400896694430262e-10,25310.0,ASK
788,1712370343.278562,46008.20890513,25150.0,-4.84487995592833e-10,25310.0,ASK
789,1712370345.3282127,46023.34507357,25150.0,-1.256302806155532e-09,25310.0,ASK
790,1712370345.3775744,46039.07706549,25150.0,-1.305756187495268e-09,25310.0,ASK
791,1712370349.968602,46043.07706549,25150.0,-3.3200021818870265e-10,25310.0,ASK
792,1712370356.4589102,46056.21176814,25150.0,-1.09018103641099e-09,25310.0,ASK
793,1712370359.3085046,46113.313339,25150.0,-4.7394334961096285e-09,25310.0,ASK
794,1712370359.3147914,46255.81415176,25150.0,-1.1827575232096974e-08,25310.0,ASK
795,1712370359.408171,46259.7902949,25150.0,-3.3002009750709337e-10,25310.0,ASK
796,1712370359.4118092,46413.38210436,25150.0,-1.2748128563179277e-08,25310.0,ASK
797,1712370359.4683192,46418.16300076,25150.0,-3.9681466198496807e-10,25310.0,ASK
798,1712370359.4884334,46430.96030892,25150.0,-1.0621772753369643e-09,25310.0,ASK
799,1712370359.4950132,46432.56461181,25150.0,-1.3315722737976574e-10,25310.0,ASK
800,1712370360.5729108,46432.56461181,25150.0,-0.0,25310.0,ASK
801,1712370390.5884657,46432.56461181,25150.0,-0.0,25310.0,ASK
802,1712370406.888419,46452.45323551,25140.0,1.6488686564757643e-09,25310.0,BID
803,1712370411.48873,46454.06062968,25110.0,-1.3326120024669086e-10,25310.0,ASK
804,1712370411.4978635,46485.33343431,25110.0,-2.592675497926986e-09,25310.0,ASK
805,1712370420.3925164,46485.33343431,25110.0,-0.0,25310.0,ASK
806,1712370444.2187412,46495.33343431,25110.0,-8.289600573805e-10,25310.0,ASK
807,1712370444.2258008,46495.82659663,25110.0,-4.08811865087371e-11,25310.0,ASK
808,1712370450.3794308,46495.82659663,25110.0,-0.0,25310.0,ASK
809,1712370463.718703,46497.02038891,25130.0,9.895845027069518e-11,25310.0,BID
810,1712370468.1085546,46499.686525,25130.0,2.2100720543865031e-10,25310.0,BID
811,1712370480.60654,46499.686525,25130.0,0.0,25310.0,BID
812,1712370498.4100504,46503.55721087,25110.0,-3.2085481010556526e-10,25310.0,ASK
813,1712370498.413341,46507.04652565,25110.0,-2.8924161472594445e-10,25310.0,ASK
814,1712370509.5186555,46508.7953779,25110.0,-1.4496853411039618e-10,25310.0,ASK
815,1712370509.522166,46510.5145628,25110.0,-1.4250930278302734e-10,25310.0,ASK
816,1712370510.5833771,46510.5145628,25110.0,-0.0,25310.0,ASK
817,1712370516.9290435,46515.5145628,25110.0,-4.1445830221020205e-10,25310.0,ASK
818,1712370540.4175909,46515.5145628,25110.0,-0.0,25310.0,ASK
819,1712370542.461712,46515.91249356,25130.0,3.298479816255357e-11,25310.0,BID
820,1712370549.6283216,46517.51988715,25110.0,-1.3323813704379074e-10,25310.0,ASK
821,1712370549.6360524,46523.46457881,25110.0,-4.92760234333877e-10,25310.0,ASK
822,1712370568.8390265,46563.21020679,25110.0,-3.294546812066726e-09,25310.0,ASK
823,1712370570.398978,46563.21020679,25110.0,-0.0,25310.0,ASK
824,1712370572.028837,46564.81706399,25110.0,-1.331804539188938e-10,25310.0,ASK
825,1712370572.0395582,46630.64477509,25110.0,-5.455969855154269e-09,25310.0,ASK
826,1712370572.0463986,46632.73807984,25100.0,-1.7349847689984116e-10,25310.0,ASK
827,1712370572.0525832,46636.71738744,25110.0,-3.2981523961903897e-10,25310.0,ASK
828,1712370581.429197,47037.94346908,25130.0,3.3254648687450884e-08,25310.0,BID
829,1712370581.4364111,47135.66346908,25130.0,8.099284713633174e-09,25310.0,BID
830,1712370582.0590153,47157.35096908,25130.0,-1.797515730934479e-09,25310.0,ASK
831,1712370600.496434,47157.35096908,25130.0,-0.0,25310.0,ASK
832,1712370605.328859,47157.3510285,25130.0,-4.949349218768655e-15,25310.0,ASK
1033,1712370622.2691867,47157.75691787,25130.0,3.3808282424748476e-11,25310.0,BID
833,1712370622.2691867,47157.75691787,25130.0,3.380828242474848e-11,25310.0,BID
834,1712370626.4491289,47159.34864091,25130.0,1.3258150140402324e-10,25310.0,BID
835,1712370630.4442077,47159.34864091,25130.0,0.0,25310.0,BID
836,1712370635.8291683,47164.71499685,25130.0,4.469851441959206e-10,25310.0,BID
837,1712370635.8347454,47169.99477029,25130.0,4.39773343174878e-10,25310.0,BID
838,1712370660.5833216,47169.99477029,25130.0,0.0,25310.0,BID
839,1712370673.7791898,47792.41356487,25130.0,5.184258333812692e-08,25310.0,BID
840,1712370690.6090622,47792.41356487,25130.0,0.0,25310.0,BID
841,1712370698.7395043,47796.14354895,25130.0,3.1027406969384163e-10,25310.0,BID
842,1712370700.2495675,47811.72819672,25130.0,1.2963894710102791e-09,25310.0,BID
843,1712370700.2567549,47974.86316897,25130.0,1.3570179031284028e-08,25310.0,BID
844,1712370700.2635062,47976.46567137,25130.0,1.3330216180010678e-10,25310.0,BID
845,1712370715.009534,47995.50685971,25130.0,-1.583917483654223e-09,25310.0,ASK
846,1712370715.0167358,48100.00697571,25130.0,-8.692711705842934e-09,25310.0,ASK
847,1712370720.3861315,48100.00697571,25130.0,-0.0,25310.0,ASK
848,1712370734.5293505,48663.18706516,25130.0,-4.6817329405937487e-08,25310.0,ASK
849,1712370740.1694844,48789.76066794,25130.0,-1.05221014848639e-08,25310.0,ASK
850,1712370750.4193563,48789.76066794,25130.0,-0.0,25310.0,ASK
851,1712370752.8657827,48789.99856794,25130.0,1.9748242177693068e-11,25310.0,BID
852,1712370780.41079,48791.60451717,25120.0,-1.33310947117277e-10,25310.0,ASK
853,1712370780.417692,48795.58699427,25110.0,-3.305881556866764e-10,25310.0,ASK
854,1712370780.420962,48820.32323283,25120.0,-2.053372129667437e-09,25310.0,ASK
855,1712370780.4242115,48887.12006093,25100.0,-5.544850517108323e-09,25310.0,ASK
856,1712370780.427419,48887.56273025,25100.0,-3.674628388397307e-11,25310.0,ASK
857,1712370780.4306076,48887.96081942,25120.0,-3.3045655054332484e-11,25310.0,ASK
1058,1712370780.4338949,48890.59615177,25100.0,-2.187607459710156e-10,25310.0,ASK
858,1712370780.4338949,48890.59615177,25100.0,-2.1876074597101557e-10,25310.0,ASK
859,1712370780.437079,48970.18230377,25120.0,-6.606501066356546e-09,25310.0,ASK
860,1712370780.4403,49185.18230377,25110.0,-1.7847297470376444e-08,25310.0,ASK
861,1712370780.443519,49225.96890691,25100.0,-3.3857239025382283e-09,25310.0,ASK
862,1712370780.4467266,49226.36715462,25110.0,-3.305881556866764e-11,25310.0,ASK
863,1712370780.5596836,49226.36715462,25110.0,-0.0,25310.0,ASK
864,1712370785.6098566,49246.30714392,25110.0,-1.653727200103634e-09,25310.0,ASK
1064,1712370785.6098566,49246.30714392,25110.0,-1.6537272001036341e-09,25310.0,ASK
865,1712370800.9695437,49256.30714392,25110.0,-8.29352100055319e-10,25310.0,ASK
866,1712370810.5995655,49256.30714392,25110.0,-0.0,25310.0,ASK
867,1712370812.4700675,49256.7802282,25130.0,3.923289793601984e-11,25310.0,BID
868,1712370812.4796586,49295.25714392,25130.0,3.190892133091945e-09,25310.0,BID
869,1712370813.9396453,49301.01234882,25130.0,4.7727936857992e-10,25310.0,BID
870,1712370840.4377787,49301.01234882,25130.0,0.0,25310.0,BID
871,1712370848.5696404,49303.37701647,25100.0,-1.9608371261880444e-10,25310.0,ASK
872,1712370848.5799272,49304.57223559,25100.0,-9.911033478263976e-11,25310.0,ASK
873,1712370848.5853727,49306.16522643,25110.0,-1.3209448612110855e-10,25310.0,ASK
874,1712370848.588698,49366.14291193,25100.0,-4.973488450730314e-09,25310.0,ASK
875,1712370848.5920637,49589.94476107,25100.0,-1.855816713617339e-08,25310.0,ASK
876,1712370856.0007594,49681.57408895,25100.0,-7.598115868598313e-09,25310.0,ASK
877,1712370856.0089183,49682.01251063,25090.0,-3.6354940071948885e-11,25310.0,ASK
878,1712370856.0127418,49737.32191267,25100.0,-4.586383585320945e-09,25310.0,ASK
879,1712370856.0166316,49737.62191267,25090.0,-2.4876694103735008e-11,25310.0,ASK
880,1712370856.0205705,49739.61473849,25090.0,-1.6524972775241248e-10,25310.0,ASK
881,1712370856.024531,49800.10721438,25100.0,-5.016176060927845e-09,25310.0,ASK
882,1712370856.0279348,49844.56837625,25090.0,-3.6868224110863633e-09,25310.0,ASK
1082,1712370856.0279348,49844.56837625,25090.0,-3.686822411086363e-09,25310.0,ASK
883,1712370864.1011076,49870.03073776,25100.0,-2.1113979281227244e-09,25310.0,ASK
884,1712370867.559306,49883.04885803,25110.0,-1.0794926525312794e-09,25310.0,ASK
885,1712370867.5635283,50003.53073776,25100.0,-9.990636223523412e-09,25310.0,ASK
886,1712370870.3043427,50026.44686312,25100.0,-1.900258135393713e-09,25310.0,ASK
887,1712370870.4196806,50026.44686312,25100.0,-0.0,25310.0,ASK
888,1712370875.770279,50032.01789377,25140.0,4.6126630529698496e-10,25310.0,BID
889,1712370875.777238,50035.8342935,25140.0,3.1598759970822183e-10,25310.0,BID
890,1712370900.5779414,50035.8342935,25140.0,0.0,25310.0,BID
891,1712370909.8391263,50040.70974562,25140.0,4.1065085840146197e-10,25310.0,BID
892,1712370930.5841086,50040.70974562,25140.0,0.0,25310.0,BID
893,1712370960.401048,50040.70974562,25140.0,0.0,25310.0,BID
894,1712370972.5089805,50041.90306304,25130.0,1.005100146276168e-10,25310.0,BID
895,1712370979.7287912,50045.88712678,25110.0,-3.355673000933752e-10,25310.0,ASK
896,1712370979.7387283,50046.28537449,25110.0,-3.3543366154353446e-11,25310.0,ASK
897,1712370979.7443528,50052.25909014,25110.0,-5.031504923159144e-10,25310.0,ASK
898,1712370990.38742,50052.25909014,25110.0,-0.0,25310.0,ASK
899,1712371020.602886,50052.25909014,25110.0,-0.0,25310.0,ASK
900,1712371036.0739384,50070.60786398,25100.0,-1.545431622565363e-09,25310.0,ASK
901,1712371050.5929494,50070.60786398,25100.0,-0.0,25310.0,ASK
902,1712371054.807319,50078.60786398,25100.0,-6.73776543569751e-10,25310.0,ASK
903,1712371061.9083884,50088.78592666,25100.0,-8.572174865954557e-10,25310.0,ASK
904,1712371069.418311,50095.58967188,25100.0,-5.73025492207649e-10,25310.0,ASK
905,1712371069.6858902,50107.37551143,25100.0,-9.926277793833914e-10,25310.0,ASK
906,1712371080.3682978,50107.37551143,25100.0,-0.0,25310.0,ASK
1107,1712371081.1685216,50112.78342704,25100.0,-4.5543043723605027e-10,25310.0,ASK
907,1712371081.1685216,50112.78342704,25100.0,-4.554304372360503e-10,25310.0,ASK
908,1712371090.1583102,50144.95814303,25100.0,-2.709610509487797e-09,25310.0,ASK
909,1712371090.1653829,50146.96457667,25100.0,-1.6897285679882115e-10,25310.0,ASK
910,1712371090.171594,50148.77590207,25100.0,-1.525417144779683e-10,25310.0,ASK
911,1712371108.1681216,50152.75996581,25100.0,3.3552000843520443e-10,25310.0,BID
912,1712371110.3855662,50152.75996581,25100.0,0.0,25310.0,BID
913,1712371111.7884245,50168.6962208,25090.0,-1.3419512973835867e-09,25310.0,ASK
914,1712371113.7081642,50196.53610811,25090.0,-2.344325747681724e-09,25310.0,ASK
915,1712371116.9882429,50204.03287304,25090.0,-6.312834119628869e-10,25310.0,ASK
916,1712371119.0579803,50232.53587304,25090.0,-2.400164772296336e-09,25310.0,ASK
917,1712371136.657989,50240.19899553,25090.0,-6.452919568572833e-10,25310.0,ASK
918,1712371140.6080592,50240.19899553,25090.0,-0.0,25310.0,ASK
919,1712371144.397936,50244.03055678,25090.0,-3.2258638485334827e-10,25310.0,ASK
920,1712371151.193253,50294.25424924,25100.0,4.228427611500081e-09,25310.0,BID
921,1712371151.199511,50443.23374403,25100.0,1.2542865298466153e-08,25310.0,BID
922,1712371157.4452188,50463.1620023,25090.0,-1.677797736298823e-09,25310.0,ASK
923,1712371157.4493628,50533.823471,25090.0,-5.949122628890906e-09,25310.0,ASK
924,1712371157.452908,50541.9947743,25090.0,-6.8795747192763e-10,25310.0,ASK
925,1712371157.4563737,50638.52860255,25090.0,-8.12736548873236e-09,25310.0,ASK
926,1712371170.5701125,50638.52860255,25090.0,-0.0,25310.0,ASK
927,1712371187.177955,50640.12286321,25090.0,1.341109524629109e-10,25310.0,BID
928,1712371198.7426522,50660.0610856,25090.0,1.6772251001535767e-09,25310.0,BID
929,1712371199.002816,50664.04673725,25090.0,3.352773811572772e-10,25310.0,BID
930,1712371200.4931152,50664.04673725,25090.0,0.0,25310.0,BID
931,1712371206.256411,50703.76645491,25090.0,3.383587557066514e-09,25310.0,BID
932,1712371212.0378425,50729.68358141,25090.0,2.207791794769356e-09,25310.0,BID
933,1712371219.888337,50786.08022541,25100.0,4.804238150234154e-09,25310.0,BID
934,1712371219.9675417,50787.37904448,25100.0,1.1064197590145435e-10,25310.0,BID
935,1712371227.4578693,50789.22870951,25110.0,1.575666683685388e-10,25310.0,BID
936,1712371229.2975025,50790.41271892,25090.0,-1.0086173173317124e-10,25310.0,ASK
937,1712371229.3074107,51648.57822165,25090.0,-7.310419831772814e-08,25310.0,ASK
938,1712371230.3810954,51648.57822165,25090.0,-0.0,25310.0,ASK
939,1712371260.587637,51648.57822165,25090.0,-0.0,25310.0,ASK
940,1712371266.6977477,51650.3717649,25100.0,-1.5246500937438122e-10,25310.0,ASK
941,1712371290.602209,51650.3717649,25100.0,-0.0,25310.0,ASK
942,1712371320.378728,51650.3717649,25100.0,-0.0,25310.0,ASK
943,1712371327.067397,51660.54982757,25100.0,-8.65210516602873e-10,25310.0,ASK
944,1712371332.4272113,51660.94775833,25130.0,3.3827054282974694e-11,25310.0,BID
945,1712371350.4102604,51660.94775833,25130.0,0.0,25310.0,BID
946,1712371359.927353,51662.05547053,25130.0,9.416159520701156e-11,25310.0,BID
947,1712371359.936252,51699.94775833,25130.0,3.221051700338052e-09,25310.0,BID
948,1712371362.007788,51700.14672371,25130.0,1.691314546462875e-11,25310.0,BID
949,1712371371.6072984,51704.12603131,25130.0,3.3826290929690446e-10,25310.0,BID
950,1712371380.5687177,51704.12603131,25130.0,0.0,25310.0,BID
951,1712371386.5875225,51724.02710572,25130.0,-1.69154414338378e-09,25310.0,ASK
1151,1712371386.5875225,51724.02710572,25130.0,-1.6915441433837802e-09,25310.0,ASK
952,1712371410.6022868,51724.02710572,25130.0,-0.0,25310.0,ASK
953,1712371424.717489,51736.47089253,25130.0,1.05764741811088e-09,25310.0,BID
954,1712371424.7272942,51743.92364372,25130.0,6.33439255612589e-10,25310.0,BID
955,1712371440.447284,51743.92364372,25130.0,0.0,25310.0,BID
956,1712371451.127266,51744.16244372,25110.0,-2.029570856912915e-11,25310.0,ASK
957,1712371451.1353383,51751.79975317,25110.0,-6.49098018634923e-10,25310.0,ASK
958,1712371470.3756106,51751.79975317,25110.0,-0.0,25310.0,ASK
959,1712371500.4071348,51751.79975317,25110.0,-0.0,25310.0,ASK
960,1712371530.3829863,51751.79975317,25110.0,-0.0,25310.0,ASK
961,1712371545.5069928,51758.66975317,25130.0,5.880449179750793e-10,25310.0,BID
962,1712371560.4239705,51758.66975317,25130.0,0.0,25310.0,BID
963,1712371571.2468636,51778.31770873,25130.0,1.681762689945778e-09,25310.0,BID
964,1712371571.5071454,51779.31201832,25130.0,8.510772358037185e-11,25310.0,BID
965,1712371574.4068084,51876.27270307,25130.0,8.299329744825832e-09,25310.0,BID
1166,1712371576.5469334,51891.34128159,25130.0,1.289791859925134e-09,25310.0,BID
966,1712371576.5469334,51891.34128159,25130.0,1.2897918599251341e-09,25310.0,BID
967,1712371576.5568793,51911.24371587,25130.0,1.703544743318491e-09,25310.0,BID
968,1712371590.3799584,51911.24371587,25130.0,0.0,25310.0,BID
969,1712371607.376871,51912.03926081,25140.0,6.807216415672091e-11,25310.0,BID
970,1712371620.5685606,51912.03926081,25140.0,0.0,25310.0,BID
971,1712371632.7072122,52245.60012556,25140.0,2.8541657349461424e-08,25310.0,BID
972,1712371634.4767563,53213.79124877,25140.0,8.28447884860878e-08,25310.0,BID
973,1712371650.576692,53213.79124877,25140.0,0.0,25310.0,BID
974,1712371677.6468306,53214.58647739,25140.0,6.785497001087404e-11,25310.0,BID
975,1712371680.413336,53214.58647739,25140.0,0.0,25310.0,BID
976,1712371700.5367668,53333.91821963,25140.0,1.0182276862919153e-08,25310.0,BID
977,1712371709.777608,53341.87285751,25130.0,-6.787492055175896e-10,25310.0,ASK
978,1712371709.783247,53351.80283362,25120.0,-8.47299839055517e-10,25310.0,ASK
979,1712371709.7878735,53352.59932904,25110.0,-6.796294711069373e-11,25310.0,ASK
980,1712371709.7925465,53373.63793729,25110.0,-1.7951714270719863e-09,25310.0,ASK
981,1712371710.4047909,53373.63793729,25110.0,-0.0,25310.0,ASK
982,1712371740.5057328,53373.63793729,25110.0,-0.0,25310.0,ASK
983,1712371770.4195664,53373.63793729,25110.0,-0.0,25310.0,ASK
984,1712371783.097089,53377.61566203,25140.0,3.392934933043986e-10,25310.0,BID
985,1712371797.1966958,53397.50428573,25140.0,1.6964674665195103e-09,25310.0,BID
986,1712371799.9467812,53398.29983067,25140.0,6.785869797868605e-11,25310.0,BID
987,1712371800.4638638,53398.29983067,25140.0,0.0,25310.0,BID
988,1712371811.116825,53465.41274833,25140.0,5.785637443269739e-09,25310.0,BID
989,1712371830.3805604,53465.41274833,25140.0,0.0,25310.0,BID
990,1712371841.0368972,53465.71274833,25130.0,-2.5858491513757726e-11,25310.0,ASK
991,1712371860.581916,53465.71274833,25130.0,-0.0,25310.0,ASK
992,1712371863.9272003,53505.50582433,25140.0,3.4299608313539542e-09,25310.0,BID
993,1712371890.5830324,53505.50582433,25140.0,0.0,25310.0,BID
994,1712371920.4073234,53505.50582433,25140.0,0.0,25310.0,BID
995,1712371950.4248254,53505.50582433,25140.0,0.0,25310.0,BID
996,1712371955.6770656,53526.45962746,25140.0,1.8059555683003487e-09,25310.0,BID
997,1712371974.5468616,53558.28142539,25140.0,2.742640694316139e-09,25310.0,BID
998,1712371980.5887904,53558.28142539,25140.0,0.0,25310.0,BID
999,1712372010.5639849,53558.28142539,25140.0,0.0,25310.0,BID
1000,1712372040.3966825,53558.28142539,25140.0,0.0,25310.0,BID
1201,1712372070.383525,53558.28142539,25140.0,0.0,25310.0,BID
1202,1712372094.186171,53584.92287793,25140.0,2.295897220043972e-09,25310.0,BID
1203,1712372100.5165937,53585.71873945,25130.0,-6.858545901568469e-11,25310.0,ASK
1204,1712372100.517913,53642.35910211,25130.0,-4.881132174685906e-09,25310.0,ASK
1205,1712372100.5752337,53642.35910211,25130.0,-0.0,25310.0,ASK
1206,1712372116.1174295,53642.65910211,25120.0,-2.602870313745651e-11,25310.0,ASK
1207,1712372116.1202936,53642.70577404,25120.0,-4.049366035581014e-12,25310.0,ASK
1208,1712372116.1224816,53643.50195238,25120.0,-6.907829885397857e-11,25310.0,ASK
1209,1712372116.1246157,53789.43550211,25120.0,-1.2661536812268386e-08,25310.0,ASK
1210,1712372130.566994,53789.43550211,25120.0,-0.0,25310.0,ASK
1211,1712372133.116959,53790.23168045,25120.0,-6.905616299673235e-11,25310.0,ASK
1212,1712372133.1196213,53800.18500852,25120.0,-8.63297343104917e-10,25310.0,ASK
1213,1712372150.0468862,53806.05974996,25140.0,5.09543003195734e-10,25310.0,BID
1214,1712372160.4014788,53806.05974996,25140.0,0.0,25310.0,BID
1215,1712372167.6066926,53806.45752243,25140.0,3.4499362735536514e-11,25310.0,BID
1216,1712372171.3270178,53806.85545319,25130.0,3.451309144869047e-11,25310.0,BID
1217,1712372173.536851,53846.99278985,25120.0,-3.481167353452065e-09,25310.0,ASK
1218,1712372175.6672523,53847.39087902,25120.0,-3.452683056918669e-11,25310.0,ASK
1219,1712372175.6699967,53908.66116339,25120.0,-5.314057469541314e-09,25310.0,ASK
1220,1712372176.4387245,53908.86116339,25130.0,1.7346279763851394e-11,25310.0,BID
1221,1712372183.2867491,53909.72617919,25110.0,-7.502403033601138e-11,25310.0,ASK
1222,1712372183.2968917,53950.34744561,25110.0,-3.523139258467518e-09,25310.0,ASK
1223,1712372183.2985015,53987.46368829,25110.0,-3.219143646598264e-09,25310.0,ASK
1224,1712372183.3000271,54006.70116339,25110.0,-1.668493125197489e-09,25310.0,ASK
1225,1712372190.4242058,54006.70116339,25110.0,-0.0,25310.0,ASK
1226,1712372195.4966984,54021.74781999,25110.0,-1.304447462672951e-09,25310.0,ASK
1227,1712372220.5938132,54021.74781999,25110.0,-0.0,25310.0,ASK
1228,1712372224.426968,54022.14575075,25130.0,3.4496884076652263e-11,25310.0,BID
1229,1712372233.397088,54022.54383992,25120.0,-3.451061674524783e-11,25310.0,ASK
1230,1712372233.4001737,54066.8421087,25110.0,-3.840246586849082e-09,25310.0,ASK
1231,1712372233.4032571,54067.53354314,25120.0,-5.99409146534365e-11,25310.0,ASK
1232,1712372233.4064689,54072.03376216,25110.0,-3.9012700061572544e-10,25310.0,ASK
1233,1712372233.4079323,54072.14575075,25110.0,-9.708365865627383e-12,25310.0,ASK
1234,1712372250.576745,54072.14575075,25110.0,-0.0,25310.0,ASK
1235,1712372255.136773,54072.43200987,25110.0,-2.4813272604404835e-11,25310.0,ASK
1236,1712372255.1465902,54251.85599244,25110.0,-1.555267895516206e-08,25310.0,ASK
1237,1712372257.5867555,54252.62455889,25110.0,-6.662023148336198e-11,25310.0,ASK
1238,1712372257.596676,54273.20057632,25110.0,-1.7835530606381919e-09,25310.0,ASK
1239,1712372260.8708584,54282.47338582,25100.0,-8.03777884651415e-10,25310.0,ASK
1240,1712372260.8746486,54286.45744956,25100.0,-3.453432668122867e-10,25310.0,ASK
1241,1712372260.8782735,54286.89569657,25100.0,-3.798775922755298e-11,25310.0,ASK
1242,1712372260.8798482,54492.16028519,25100.0,-1.779257266472029e-08,25310.0,ASK
1243,1712372263.1066904,54496.14593684,25090.0,-3.4548090869280446e-10,25310.0,ASK
1244,1712372263.1167006,54497.7532625,25090.0,-1.3932485283348344e-10,25310.0,ASK
1245,1712372263.1193464,54734.76911149,25090.0,-2.054480874756172e-08,25310.0,ASK
1246,1712372280.3567145,54760.29147099,25090.0,-2.2123077294131387e-09,25310.0,ASK
1247,1712372280.3589735,54790.98671754,25090.0,-2.6606995798648527e-09,25310.0,ASK
1248,1712372280.421167,54790.98671754,25090.0,-0.0,25310.0,ASK
1249,1712372289.0471709,54915.25877557,25090.0,1.0755226106057146e-08,25310.0,BID
1250,1712372289.0668073,55420.07952169,25090.0,4.3690121123111373e-08,25310.0,BID
1251,1712372293.8270214,55447.97952169,25090.0,-2.414628140193579e-09,25310.0,ASK
1252,1712372293.946802,55467.90734153,25090.0,1.724669339009556e-09,25310.0,BID
1253,1712372310.3915906,55467.90734153,25090.0,0.0,25310.0,BID
1254,1712372320.2568414,55468.3054307,25120.0,3.4402382582790466e-11,25310.0,BID
1255,1712372331.2566776,55472.02968322,25120.0,3.218453795884127e-10,25310.0,BID
1256,1712372340.4449236,55472.02968322,25120.0,0.0,25310.0,BID
1257,1712372370.4004004,55472.02968322,25120.0,0.0,25310.0,BID
1258,1712372400.5167458,55472.02968322,25120.0,0.0,25310.0,BID
1259,1712372412.2469113,55472.82586156,25120.0,6.916053524075989e-11,25310.0,BID
1260,1712372421.1466477,55474.60534906,25100.0,-1.5457630755707835e-10,25310.0,ASK
1261,1712372429.68198,55477.82586156,25100.0,-2.7975185590786834e-10,25310.0,ASK
1262,1712372429.6840312,55479.02108068,25100.0,-1.0382346506585827e-10,25310.0,ASK
1263,1712372429.7767892,55796.58588068,25100.0,2.7585467273022653e-08,25310.0,BID
1264,1712372430.4717424,55835.65659781,25100.0,3.3939025632657966e-09,25310.0,BID
1265,1712372430.478139,55835.65659781,25100.0,0.0,25310.0,BID
1266,1712372430.5920036,55843.76227975,25100.0,7.035473986817561e-10,25310.0,BID
1267,1712372452.269646,55853.76227975,25090.0,-8.67968178235025e-10,25310.0,ASK
1268,1712372452.2713346,55862.13214821,25090.0,-7.264779479294888e-10,25310.0,ASK
1269,1712372452.2729182,55866.55798552,25080.0,-3.8414859471206836e-10,25310.0,ASK
1270,1712372452.2745008,55874.73246717,25080.0,-7.09518994576571e-10,25310.0,ASK
1271,1712372452.276101,55894.66072544,25090.0,-1.729709402601194e-09,25310.0,ASK
1272,1712372452.2776947,55903.23841425,25080.0,-7.44516092988338e-10,25310.0,ASK
1273,1712372452.2793162,55907.22247799,25100.0,-3.4580405463778594e-10,25310.0,ASK
1274,1712372452.2849188,56156.13329484,25080.0,-2.1604666824428864e-08,25310.0,ASK
1275,1712372460.5875864,56156.13329484,25080.0,-0.0,25310.0,ASK
1276,1712372490.5767474,56156.13329484,25080.0,-0.0,25310.0,ASK
1277,1712372499.4673283,56169.06757315,25080.0,-1.121871481349258e-09,25310.0,ASK
1278,1712372503.8468149,56176.34501842,25100.0,6.312186973104075e-10,25310.0,BID
1279,1712372520.4624252,56176.34501842,25100.0,0.0,25310.0,BID
1280,1712372523.7370665,56186.34501842,25100.0,-8.673248839888072e-10,25310.0,ASK
1281,1712372523.7395763,56199.06757315,25100.0,-1.103458830524202e-09,25310.0,ASK
1282,1712372530.327142,56206.30352332,25120.0,6.275919641741895e-10,25310.0,BID
1283,1712372530.3308277,56238.87649034,25120.0,2.825134484179421e-09,25310.0,BID
1284,1712372545.479211,56278.68540753,25120.0,3.45272644835361e-09,25310.0,BID
1285,1712372550.4045956,56278.68540753,25120.0,0.0,25310.0,BID
1286,1712372560.6768336,56279.68540753,25120.0,8.671315729182247e-11,25310.0,BID
1287,1712372580.570287,56279.68540753,25120.0,0.0,25310.0,BID
1288,1712372588.9670067,56291.62808268,25120.0,1.0355848130204723e-09,25310.0,BID
1289,1712372603.5168345,56292.62808268,25120.0,8.671296841064212e-11,25310.0,BID
1290,1712372610.59015,56292.62808268,25120.0,0.0,25310.0,BID
1291,1712372620.4668128,56292.86693618,25120.0,2.0711112110029324e-11,25310.0,BID
1292,1712372623.2499893,56293.26502535,25120.0,3.4518520472966274e-11,25310.0,BID
1293,1712372628.4573407,56305.2077005,25120.0,1.0355556185119292e-09,25310.0,BID
1294,1712372635.94678,56307.66722594,25090.0,-2.1326673934209824e-10,25310.0,ASK
1295,1712372638.1967533,56309.65667707,25120.0,1.7250634967051983e-10,25310.0,BID
1296,1712372640.4245634,56309.65667707,25120.0,0.0,25310.0,BID
1297,1712372645.530161,56310.33464317,25120.0,5.878461567543139e-11,25310.0,BID
1298,1712372660.7570765,56315.50349223,25090.0,-4.4817698920044446e-10,25310.0,ASK
1299,1712372670.4286,56315.50349223,25090.0,-0.0,25310.0,ASK
1300,1712372677.6872463,56316.30062256,25090.0,-6.911614605304946e-11,25310.0,ASK
1301,1712372677.6906886,56321.4748298,25090.0,-4.4863587527604304e-10,25310.0,ASK
1302,1712372682.9869728,56327.44616738,25090.0,-5.177520221965397e-10,25310.0,ASK
1303,1712372689.2270114,56345.87457297,25120.0,1.5978571186509475e-09,25310.0,BID
1304,1712372689.230502,56361.06296674,25120.0,1.316927988573998e-09,25310.0,BID
1305,1712372695.9569426,56361.46105591,25120.0,3.4516801306111636e-11,25310.0,BID
1306,1712372698.96692,56361.85914508,25120.0,3.4516801306742516e-11,25310.0,BID
1307,1712372700.59278,56361.85914508,25120.0,0.0,25310.0,BID
1308,1712372702.17679,56362.25723425,25120.0,3.465103171526994e-11,25310.0,BID
1309,1712372705.7570696,56374.1999094,25120.0,1.039530955816634e-09,25310.0,BID
1310,1712372720.826865,56375.3810894,25090.0,-1.0281391388185807e-10,25310.0,ASK
1311,1712372730.561993,56375.3810894,25090.0,-0.0,25310.0,ASK
1312,1712372760.4306023,56375.3810894,25090.0,-0.0,25310.0,ASK
1313,1712372776.9170277,56395.1741654,25130.0,1.722805543762676e-09,25310.0,BID
1314,1712372776.9204466,56415.1741654,25130.0,1.7408163781743915e-09,25310.0,BID
1315,1712372790.3902774,56415.1741654,25130.0,0.0,25310.0,BID
1316,1712372810.267031,56416.76453615,25130.0,1.3841512468300368e-10,25310.0,BID
1317,1712372820.5798523,56416.76453615,25130.0,0.0,25310.0,BID
1318,1712372844.7572849,56475.1741654,25130.0,5.083561800633772e-09,25310.0,BID
1319,1712372844.7608268,56545.70268636,25140.0,6.138304584555502e-09,25310.0,BID
1320,1712372850.5969684,56545.70268636,25140.0,0.0,25310.0,BID
1321,1712372874.707019,56547.68268636,25130.0,-1.7227662911544483e-10,25310.0,ASK
1322,1712372877.8168998,56547.69234016,25130.0,-8.399616778368198e-13,25310.0,ASK
1323,1712372880.383839,56547.69234016,25130.0,-0.0,25310.0,ASK
1324,1712372900.0067575,56548.69114636,25130.0,8.690414984706895e-11,25310.0,BID
1325,1712372908.21645,56560.62906916,25130.0,1.0386950259988851e-09,25310.0,BID
1326,1712372910.4606698,56560.62906916,25130.0,0.0,25310.0,BID
1327,1712372910.6299274,56560.83706916,25120.0,-1.809715626265604e-11,25310.0,ASK
1328,1712372940.5702446,56560.83706916,25120.0,-0.0,25310.0,ASK
1329,1712372953.4655125,56581.51469891,25120.0,-1.799067916418986e-09,25310.0,ASK
1330,1712372953.4684267,56581.91278808,25120.0,-3.4635955004287814e-11,25310.0,ASK
1331,1712372955.2552638,56583.9528995,25130.0,1.7750095373674688e-10,25310.0,BID
1332,1712372965.2949817,56587.93379121,25120.0,-3.463595509152189e-10,25310.0,ASK
1333,1712372965.2978811,56646.87399585,25120.0,-5.128123118413655e-09,25310.0,ASK
1334,1712372967.4948034,56666.77845444,25120.0,1.731797758055329e-09,25310.0,BID
1335,1712372970.1435132,56702.62836388,25120.0,3.119139991372764e-09,25310.0,BID
1336,1712372970.5643466,56702.62836388,25120.0,0.0,25310.0,BID
1337,1712372998.1443837,56704.61880973,25120.0,1.7312612361704387e-10,25310.0,BID
1338,1712373000.4406178,56704.61880973,25120.0,0.0,25310.0,BID
1339,1712373020.784642,56705.25821634,25110.0,-5.5891173301277815e-11,25310.0,ASK
1340,1712373020.787523,56705.47821634,25110.0,-1.9230420727545064e-11,25310.0,ASK
1341,1712373020.7903678,56705.87646405,25110.0,-3.481123189562707e-11,25310.0,ASK
1342,1712373030.4098065,56705.87646405,25110.0,-0.0,25310.0,ASK
1343,1712373032.8335323,56706.67264239,25120.0,6.959455540082554e-11,25310.0,BID
1344,1712373038.3151867,56707.0708901,25110.0,-3.481113580250624e-11,25310.0,ASK
1345,1712373038.3183775,56712.04400837,25110.0,-4.34704057579862e-10,25310.0,ASK
1346,1712373043.3934329,56720.36325543,25110.0,7.27191724919811e-10,25310.0,BID
1347,1712373060.5583675,56720.36325543,25110.0,0.0,25310.0,BID
1348,1712373071.7530258,56780.71430553,25110.0,5.275163540601365e-09,25310.0,BID
1349,1712373072.5234597,56780.93930553,25100.0,-1.9666796098814644e-11,25310.0,ASK
1350,1712373072.5263176,56786.90677738,25100.0,-5.21604675983295e-10,25310.0,ASK
1351,1712373072.529127,56915.27218261,25100.0,-1.1220161114377341e-08,25310.0,ASK
1352,1712373072.5318997,56925.27218261,25100.0,-8.74079826591371e-10,25310.0,ASK
1353,1712373074.00293,56933.23713681,25110.0,6.962005785941604e-10,25310.0,BID
1354,1712373082.5270946,56941.20209101,25110.0,6.962005785941604e-10,25310.0,BID
1355,1712373090.578611,56941.20209101,25110.0,0.0,25310.0,BID
1356,1712373095.4028275,56976.18012729,25100.0,-3.055878789476054e-09,25310.0,ASK
1357,1712373095.4061456,56986.53869303,25100.0,-9.049828035191559e-10,25310.0,ASK
1358,1712373095.4090323,56991.20209101,25100.0,-4.074207842851727e-10,25310.0,ASK
1359,1712373106.2922952,56998.49088426,25100.0,-6.36790142112445e-10,25310.0,ASK
1360,1712373106.3027835,56999.53578494,25090.0,-9.128842452943916e-11,25310.0,ASK
1361,1712373106.305924,56999.9343501,25090.0,-3.482090329201004e-11,25310.0,ASK
1362,1712373106.3095748,57000.40682302,25100.0,-4.127790260378023e-11,25310.0,ASK
1363,1712373106.3130083,57041.20209101,25090.0,-3.564105004742708e-09,25310.0,ASK
1364,1712373107.1422184,57290.18631179,25100.0,2.17526676770835e-08,25310.0,BID
1365,1712373120.4121313,57290.18631179,25100.0,0.0,25310.0,BID
1366,1712373137.3517575,57385.65107662,25100.0,-8.333963491339246e-09,25310.0,ASK
1367,1712373150.4078224,57385.65107662,25100.0,-0.0,25310.0,ASK
1368,1712373176.6210997,57394.52159997,25110.0,7.74224468684748e-10,25310.0,BID
1369,1712373180.5522192,57394.52159997,25110.0,0.0,25310.0,BID
1370,1712373196.220769,57402.48655417,25110.0,6.95172348677238e-10,25310.0,BID
1371,1712373210.5612671,57402.48655417,25110.0,0.0,25310.0,BID
1372,1712373225.2302215,57420.67950508,25110.0,1.587832815157476e-09,25310.0,BID
1373,1712373240.3769186,57420.67950508,25110.0,0.0,25310.0,BID
1374,1712373268.0799825,57433.81644769,25120.0,1.1465120218401124e-09,25310.0,BID
1375,1712373270.413278,57433.81644769,25120.0,0.0,25310.0,BID
1376,1712373287.7597313,57499.21741651,25120.0,5.707632265843149e-09,25310.0,BID
1377,1712373289.749623,57500.01296145,25140.0,6.942829824045207e-11,25310.0,BID
1378,1712373300.4202054,57500.01296145,25140.0,0.0,25310.0,BID
1379,1712373323.1890123,57531.6195943,25140.0,2.780573880504022e-09,25310.0,BID
1380,1712373330.3918777,57531.6195943,25140.0,0.0,25310.0,BID
1381,1712373342.2690816,57544.12761422,25140.0,1.1003083628050487e-09,25310.0,BID
1382,1712373342.2730129,57650.95133654,25140.0,9.397093686003594e-09,25310.0,BID
1383,1712373360.5299768,57656.97087071,25140.0,5.29527761372701e-10,25310.0,BID
1384,1712373360.54207,57656.97087071,25140.0,0.0,25310.0,BID
1385,1712373384.0387,57673.41432942,25140.0,1.4461010603539615e-09,25310.0,BID
1386,1712373384.0483654,57723.34498663,25140.0,4.391094210104283e-09,25310.0,BID
1387,1712373390.579112,57723.34498663,25140.0,0.0,25310.0,BID
1388,1712373411.378911,57724.34498663,25150.0,8.793094602965616e-11,25310.0,BID
1389,1712373420.4137669,57724.34498663,25150.0,0.0,25310.0,BID
1390,1712373420.9682026,57724.5789032,25150.0,2.0568459806000048e-11,25310.0,BID
1391,1712373420.9722154,57742.16586692,25170.0,1.546434937804209e-09,25310.0,BID
1392,1712373420.9741745,57742.2236451,25150.0,5.080478792160562e-12,25310.0,BID
1393,1712373428.9579184,57767.94907219,25170.0,2.2620561385866318e-09,25310.0,BID
1394,1712373440.047744,57768.34637056,25170.0,3.4934744273279634e-11,25310.0,BID
1395,1712373449.767638,57775.13599604,25150.0,-5.970168713625459e-10,25310.0,ASK
1396,1712373450.491122,57775.13599604,25150.0,-0.0,25310.0,ASK
1397,1712373452.7077134,57787.99229321,25170.0,1.130336823806035e-09,25310.0,BID
1398,1712373474.7796829,57788.54674571,25160.0,-4.8747945813218885e-11,25310.0,ASK
1399,1712373474.7817874,57843.81229321,25150.0,-4.858994981293271e-09,25310.0,ASK
1400,1712373480.443297,57843.81229321,25150.0,-0.0,25310.0,ASK
1401,1712373483.977661,57861.40998305,25150.0,-1.5469692343560563e-09,25310.0,ASK
1402,1712373494.787346,58313.55408215,25150.0,3.9746865478535656e-08,25310.0,BID
1403,1712373494.790758,58370.39461609,25150.0,4.996710253961616e-09,25310.0,BID
1404,1712373503.0971422,58406.17221609,25160.0,-3.145120011906598e-09,25310.0,ASK
1405,1712373509.0269997,58411.63510516,25160.0,-4.802290186282044e-10,25310.0,ASK
1406,1712373509.7332373,58421.1048648,25160.0,-8.32463064926343e-10,25310.0,ASK
1407,1712373509.7994337,58428.25797778,25160.0,-6.288124072274818e-10,25310.0,ASK
1408,1712373510.3993716,58428.25797778,25160.0,-0.0,25310.0,ASK
1409,1712373511.9980917,58433.99249063,25160.0,-5.03456231491677e-10,25310.0,ASK
1410,1712373521.337139,58434.60568093,25170.0,5.383447307550846e-11,25310.0,BID
1411,1712373538.6670558,58436.20679336,25170.0,1.4056817924843266e-10,25310.0,BID
1412,1712373540.5903287,58436.20679336,25170.0,0.0,25310.0,BID
1413,1712373543.2268026,58451.56887458,25160.0,-1.348675975028155e-09,25310.0,ASK
1414,1712373570.5478802,58451.56887458,25160.0,-0.0,25310.0,ASK
1415,1712373571.026584,58467.05537671,25160.0,-1.3595530682013704e-09,25310.0,ASK
1416,1712373571.346877,58467.45283298,25160.0,-3.4892507476607085e-11,25310.0,ASK
1417,1712373571.3488743,58478.62197879,25160.0,-9.805342954593331e-10,25310.0,ASK
1418,1712373572.466599,58512.75200307,25160.0,-2.9962595063855022e-09,25310.0,ASK
1419,1712373572.4768448,58914.0251659,25150.0,-3.5227590784079365e-08,25310.0,ASK
1420,1712373590.2262373,58920.66295321,25150.0,-5.82728367427527e-10,25310.0,ASK
1421,1712373591.446592,59049.60110342,25150.0,-1.131942231077738e-08,25310.0,ASK
1422,1712373600.4425118,59049.60110342,25150.0,-0.0,25310.0,ASK
1423,1712373602.2261715,59057.47181548,25150.0,-6.915093584181883e-10,25310.0,ASK
1424,1712373602.2463484,59063.44629251,25150.0,-5.249088959684829e-10,25310.0,ASK
1425,1712373602.2698069,59069.39915993,25150.0,-5.230103069416984e-10,25310.0,ASK
1426,1712373611.814278,59107.79915993,25150.0,-3.373768365661154e-09,25310.0,ASK
1427,1712373611.876176,59142.96591353,25150.0,-3.0897000213198873e-09,25310.0,ASK
1428,1712373611.968094,59176.04450529,25150.0,-2.906237147408995e-09,25310.0,ASK
1429,1712373630.3978555,59176.04450529,25150.0,-0.0,25310.0,ASK
1430,1712373636.706129,59226.04450529,25150.0,-4.391700541500333e-09,25310.0,ASK
1431,1712373638.6760604,59233.75555775,25150.0,-6.77292665282331e-10,25310.0,ASK
1432,1712373660.558471,59233.75555775,25150.0,-0.0,25310.0,ASK
1433,1712373690.5495763,59233.75555775,25150.0,-0.0,25310.0,ASK
1434,1712373720.4370728,59233.75555775,25150.0,-0.0,25310.0,ASK
1435,1712373723.1256526,59253.75555775,25160.0,1.756456294454764e-09,25310.0,BID
1436,1712373724.3556376,59253.95440466,25150.0,-1.7463295334773328e-11,25310.0,ASK
1437,1712373724.3599095,59609.99420165,25150.0,-3.126841712497416e-08,25310.0,ASK
1438,1712373750.3915446,59609.99420165,25150.0,-0.0,25310.0,ASK
1439,1712373758.9368527,59689.47937616,25170.0,6.974815457035363e-09,25310.0,BID
1440,1712373758.938928,59863.72804865,25170.0,1.5290302144310112e-08,25310.0,BID
1441,1712373759.0161738,59952.85577212,25170.0,7.82094808423263e-09,25310.0,BID
1442,1712373759.0213804,60030.63106096,25170.0,6.8247731746296e-09,25310.0,BID
1443,1712373759.115615,61022.81627696,25170.0,8.70641452756447e-08,25310.0,BID
1444,1712373759.215484,61182.84395984,25170.0,1.4042411845802852e-08,25310.0,BID
1445,1712373759.2197134,61358.9971307,25170.0,1.5457421670069053e-08,25310.0,BID
1446,1712373768.4485228,61359.39553737,25180.0,3.496014215517682e-11,25310.0,BID
1447,1712373768.4508488,61359.68793308,25180.0,2.5657691893436025e-11,25310.0,BID
1448,1712373768.4529393,61364.95214888,25190.0,4.6193436646982776e-10,25310.0,BID
1449,1712373771.4230363,61398.57174327,25190.0,2.9501157675773478e-09,25310.0,BID
1450,1712373771.4261484,61493.78174327,25190.0,8.354667191185649e-09,25310.0,BID
1451,1712373771.4281344,61600.96244888,25200.0,9.405095312339865e-09,25310.0,BID
1452,1712373780.5457523,61600.96244888,25200.0,0.0,25310.0,BID
1453,1712373810.5628564,61600.96244888,25200.0,0.0,25310.0,BID
1454,1712373825.5848875,61602.94312348,25200.0,1.7304295615840088e-10,25310.0,BID
1455,1712373840.38358,61602.94312348,25200.0,0.0,25310.0,BID
1456,1712373854.5449069,61618.81613935,25200.0,1.386750560539195e-09,25310.0,BID
1457,1712373867.516616,61642.81613935,25200.0,2.0967668479338863e-09,25310.0,BID
1458,1712373870.3911934,61642.81613935,25200.0,0.0,25310.0,BID
1459,1712373870.8746116,61646.79703106,25170.0,-3.4776121202208805e-10,25310.0,ASK
1460,1712373886.7246473,61647.59068185,25200.0,6.933144148575877e-11,25310.0,BID
1461,1712373900.549394,61647.59068185,25200.0,0.0,25310.0,BID
1462,1712373920.2449045,61697.80459041,25180.0,4.40560064163913e-09,25310.0,BID
1463,1712373920.2486346,61698.74528248,25180.0,8.253318066683062e-11,25310.0,BID
1464,1712373930.5646248,61698.74528248,25180.0,0.0,25310.0,BID
1465,1712373946.7803717,61931.5963539,25200.0,2.0427266861963723e-08,25310.0,BID
1466,1712373951.179635,61935.56775977,25180.0,-3.4839851510615515e-10,25310.0,ASK
1467,1712373960.4296849,61935.56775977,25180.0,-0.0,25310.0,ASK
1468,1712373967.6247568,62019.73071971,25200.0,7.379479181228152e-09,25310.0,BID
1469,1712373967.6294684,62031.92261108,25200.0,1.0689952992247406e-09,25310.0,BID
1470,1712373967.6327827,62252.2474952,25200.0,1.9318271323026664e-08,25310.0,BID
1471,1712373971.514818,62496.5921952,25200.0,-2.142434900078165e-08,25310.0,ASK
1472,1712373973.454359,62496.59226373,25200.0,-6.008768423700886e-15,25310.0,ASK
1473,1712373977.0552697,62500.56051769,25200.0,3.4793984793896607e-10,25310.0,BID
1474,1712373985.014973,62517.64181776,25200.0,1.497702770253473e-09,25310.0,BID
1475,1712373985.0180788,62579.15473395,25200.0,5.393504276992586e-09,25310.0,BID
1476,1712373990.378512,62579.15473395,25200.0,0.0,25310.0,BID
1477,1712374014.864579,62628.36335308,25200.0,4.308526245914223e-09,25310.0,BID
1478,1712374014.869039,63160.70548472,25200.0,4.660992497915284e-08,25310.0,BID
1479,1712374014.8725953,63172.17274875,25200.0,1.0040315886853858e-09,25310.0,BID
1480,1712374020.555836,63172.17274875,25200.0,0.0,25310.0,BID
1481,1712374040.5840154,63231.10858208,25200.0,5.153462421930974e-09,25310.0,BID
1482,1712374043.6340508,63260.10858208,25200.0,2.5358156793878994e-09,25310.0,BID
1483,1712374050.5739915,63260.10858208,25200.0,0.0,25310.0,BID
1484,1712374055.17419,63260.90223287,25200.0,6.938490417090602e-11,25310.0,BID
1485,1712374058.0441792,63270.90223287,25200.0,8.742497965735706e-10,25310.0,BID
