,time,acc_trade_volume,trade_price,dev,high,ask_bid
0,1712363643.1415193,37613114.06506382,7.85,-0.0,7.875,ASK
1,1712363644.356354,37613114.06506382,7.85,-0.0,7.875,ASK
2,1712363645.580616,37613114.06506382,7.85,-0.0,7.875,ASK
3,1712363646.7807543,37613114.06506382,7.85,-0.0,7.875,ASK
4,1712363647.9954646,37613114.06506382,7.85,-0.0,7.875,ASK
5,1712363649.2007444,37613114.06506382,7.85,-0.0,7.875,ASK
6,1712363650.4215055,37613114.06506382,7.85,-0.0,7.875,ASK
7,1712363651.6315022,37613114.06506382,7.85,-0.0,7.875,ASK
8,1712363652.8412187,37613114.06506382,7.85,-0.0,7.875,ASK
9,1712363654.046862,37613114.06506382,7.85,-0.0,7.875,ASK
10,1712363655.2887945,37613114.06506382,7.85,-0.0,7.875,ASK
11,1712363656.5360458,37613114.06506382,7.85,-0.0,7.875,ASK
12,1712363657.7586315,37613114.06506382,7.85,-0.0,7.875,ASK
13,1712363658.9782577,37613114.06506382,7.85,-0.0,7.875,ASK
14,1712363660.1880689,37613114.06506382,7.85,-0.0,7.875,ASK
15,1712363661.4192014,37613114.06506382,7.85,-0.0,7.875,ASK
16,1712363662.662663,37613114.06506382,7.85,-0.0,7.875,ASK
17,1712363663.8980582,37613114.06506382,7.85,-0.0,7.875,ASK
18,1712363665.114374,37613114.06506382,7.85,-0.0,7.875,ASK
19,1712363666.351537,37613114.06506382,7.85,-0.0,7.875,ASK
20,1712363667.5834002,37613114.06506382,7.85,-0.0,7.875,ASK
21,1712363668.7841415,37613114.06506382,7.85,-0.0,7.875,ASK
22,1712363670.008542,37613114.06506382,7.85,-0.0,7.875,ASK
23,1712363671.2762418,37613114.06506382,7.85,-0.0,7.875,ASK
24,1712363672.4955518,37613114.06506382,7.85,-0.0,7.875,ASK
25,1712363673.742006,37613114.06506382,7.85,-0.0,7.875,ASK
26,1712363674.9827406,37613114.06506382,7.85,-0.0,7.875,ASK
27,1712363676.2321718,37613114.06506382,7.85,-0.0,7.875,ASK
28,1712363677.489205,37613114.06506382,7.85,-0.0,7.875,ASK
29,1712363678.7119493,37613114.06506382,7.85,-0.0,7.875,ASK
30,1712363679.945858,37613114.06506382,7.85,-0.0,7.875,ASK
31,1712363681.168046,37613114.06506382,7.85,-0.0,7.875,ASK
32,1712363682.4555237,37613114.06506382,7.85,-0.0,7.875,ASK
33,1712363683.691064,37613114.06506382,7.85,-0.0,7.875,ASK
34,1712363684.9472625,37613114.06506382,7.85,-0.0,7.875,ASK
35,1712363686.1959043,37613114.06506382,7.85,-0.0,7.875,ASK
36,1712363687.4526346,37613114.06506382,7.85,-0.0,7.875,ASK
37,1712363688.7035074,37613114.06506382,7.85,-0.0,7.875,ASK
38,1712363689.9305546,37613114.06506382,7.85,-0.0,7.875,ASK
39,1712363691.161205,37613114.06506382,7.85,-0.0,7.875,ASK
40,1712363692.3948433,37613114.06506382,7.85,-0.0,7.875,ASK
41,1712363693.6437337,37613114.06506382,7.85,-0.0,7.875,ASK
42,1712363694.87559,37613114.06506382,7.85,-0.0,7.875,ASK
43,1712363696.1140296,37613114.06506382,7.85,-0.0,7.875,ASK
44,1712363697.3780227,37613114.06506382,7.85,-0.0,7.875,ASK
45,1712363698.7519803,37613114.06506382,7.85,-0.0,7.875,ASK
46,1712363700.009804,37613114.06506382,7.85,-0.0,7.875,ASK
47,1712363701.2627664,37613114.06506382,7.85,-0.0,7.875,ASK
48,1712363702.488773,37613114.06506382,7.85,-0.0,7.875,ASK
49,1712363703.7010381,37613114.06506382,7.85,-0.0,7.875,ASK
50,1712363704.916569,37613114.06506382,7.85,-0.0,7.875,ASK
51,1712363706.1379397,37613114.06506382,7.85,-0.0,7.875,ASK
52,1712363707.3450034,37613114.06506382,7.85,-0.0,7.875,ASK
53,1712363708.5605135,37613114.06506382,7.85,-0.0,7.875,ASK
54,1712363709.787235,37645109.95209273,7.85,-7.613464040674403e-06,7.875,ASK
55,1712363711.0032032,37645109.95209273,7.85,-0.0,7.875,ASK
56,1712363712.221698,37645109.95209273,7.85,-0.0,7.875,ASK
57,1712363713.4294517,37645109.95209273,7.85,-0.0,7.875,ASK
58,1712363714.6429605,37645109.95209273,7.85,-0.0,7.875,ASK
59,1712363715.8548436,37645109.95209273,7.85,-0.0,7.875,ASK
60,1712363717.0708444,37645109.95209273,7.85,-0.0,7.875,ASK
61,1712363718.311259,37763439.04017707,7.85,-2.8156564507241346e-05,7.875,ASK
62,1712363719.5242677,37763439.04017707,7.85,-0.0,7.875,ASK
63,1712363720.7294562,37763439.04017707,7.85,-0.0,7.875,ASK
64,1712363721.945227,37763439.04017707,7.85,-0.0,7.875,ASK
65,1712363723.1566014,37763439.04017707,7.85,-0.0,7.875,ASK
66,1712363724.39392,37763439.04017707,7.85,-0.0,7.875,ASK
67,1712363725.5999005,37763439.04017707,7.85,-0.0,7.875,ASK
68,1712363726.8197014,37763439.04017707,7.85,-0.0,7.875,ASK
69,1712363728.029982,37763439.04017707,7.85,-0.0,7.875,ASK
70,1712363729.26142,37763439.04017707,7.85,-0.0,7.875,ASK
71,1712363730.4779358,37763439.04017707,7.85,-0.0,7.875,ASK
72,1712363731.7555184,37763439.04017707,7.85,-0.0,7.875,ASK
73,1712363732.9748793,37763439.04017707,7.85,-0.0,7.875,ASK
74,1712363734.1924365,37763439.04017707,7.85,-0.0,7.875,ASK
75,1712363735.5016224,37763439.04017707,7.85,-0.0,7.875,ASK
76,1712363736.754314,37763439.04017707,7.85,-0.0,7.875,ASK
77,1712363737.9956694,37763439.04017707,7.85,-0.0,7.875,ASK
78,1712363739.2461324,37763439.04017707,7.85,-0.0,7.875,ASK
79,1712363740.470869,37763439.04017707,7.85,-0.0,7.875,ASK
80,1712363741.6964705,37763439.04017707,7.85,-0.0,7.875,ASK
81,1712363742.9099314,37763439.04017707,7.85,-0.0,7.875,ASK
82,1712363744.1163037,37763439.04017707,7.85,-0.0,7.875,ASK
83,1712363745.3240275,37763439.04017707,7.85,-0.0,7.875,ASK
84,1712363746.5401626,37763439.04017707,7.85,-0.0,7.875,ASK
85,1712363747.757427,37763439.04017707,7.85,-0.0,7.875,ASK
86,1712363748.9599276,37763439.04017707,7.85,-0.0,7.875,ASK
87,1712363750.17713,37763439.04017707,7.85,-0.0,7.875,ASK
88,1712363751.4327126,37763439.04017707,7.85,-0.0,7.875,ASK
89,1712363752.6801972,37763439.04017707,7.85,-0.0,7.875,ASK
90,1712363753.9396632,37763439.04017707,7.85,-0.0,7.875,ASK
91,1712363755.2626119,37763439.04017707,7.85,-0.0,7.875,ASK
92,1712363756.4805148,37763439.04017707,7.85,-0.0,7.875,ASK
93,1712363757.7055378,37763439.04017707,7.85,-0.0,7.875,ASK
94,1712363758.9363844,37763439.04017707,7.85,-0.0,7.875,ASK
95,1712363760.1562326,37763439.04017707,7.85,-0.0,7.875,ASK
96,1712363761.4266367,37763439.04017707,7.85,-0.0,7.875,ASK
97,1712363762.681597,37763439.04017707,7.85,-0.0,7.875,ASK
98,1712363763.90984,37763439.04017707,7.85,-0.0,7.875,ASK
99,1712363765.1316373,37763439.04017707,7.85,-0.0,7.875,ASK
100,1712363766.4539163,37763439.04017707,7.85,-0.0,7.875,ASK
101,1712363767.6763763,37763439.04017707,7.85,-0.0,7.875,ASK
102,1712363768.8957176,37763439.04017707,7.85,-0.0,7.875,ASK
103,1712363770.1020677,37763439.04017707,7.85,-0.0,7.875,ASK
104,1712363771.3214402,37763439.04017707,7.85,-0.0,7.875,ASK
105,1712363772.5368545,37763439.04017707,7.85,-0.0,7.875,ASK
106,1712363773.7442663,37763439.04017707,7.85,-0.0,7.875,ASK
107,1712363774.966188,37763439.04017707,7.85,-0.0,7.875,ASK
108,1712363776.193297,37763439.04017707,7.85,-0.0,7.875,ASK
109,1712363777.4102514,37763439.04017707,7.85,-0.0,7.875,ASK
110,1712363778.6265585,37763439.04017707,7.85,-0.0,7.875,ASK
111,1712363779.832098,37763439.04017707,7.85,-0.0,7.875,ASK
112,1712363781.074197,37763439.04017707,7.85,-0.0,7.875,ASK
113,1712363782.3224816,37763439.04017707,7.85,-0.0,7.875,ASK
114,1712363783.5652633,37763439.04017707,7.85,-0.0,7.875,ASK
115,1712363784.8068345,37763439.04017707,7.85,-0.0,7.875,ASK
116,1712363786.0413058,37763439.04017707,7.85,-0.0,7.875,ASK
117,1712363787.2990663,37763439.04017707,7.85,-0.0,7.875,ASK
118,1712363788.5306768,37763439.04017707,7.85,-0.0,7.875,ASK
119,1712363789.841617,37763439.04017707,7.85,-0.0,7.875,ASK
120,1712363791.0973165,37763439.04017707,7.85,-0.0,7.875,ASK
121,1712363792.3728135,37763439.04017707,7.85,-0.0,7.875,ASK
122,1712363793.6022284,37763439.04017707,7.85,-0.0,7.875,ASK
123,1712363794.8112571,37763439.04017707,7.85,-0.0,7.875,ASK
124,1712363796.0182173,37763439.04017707,7.85,-0.0,7.875,ASK
125,1712363797.2309663,37763439.04017707,7.85,-0.0,7.875,ASK
126,1712363798.447705,37763439.04017707,7.85,-0.0,7.875,ASK
127,1712363799.6635296,37820212.11954214,7.875,1.35054377848513e-05,7.875,BID
128,1712363800.881336,37820212.11954214,7.875,0.0,7.875,BID
129,1712363802.0947046,37820212.11954214,7.875,0.0,7.875,BID
130,1712363803.3037221,37820212.11954214,7.875,0.0,7.875,BID
131,1712363804.513033,37820212.11954214,7.875,0.0,7.875,BID
132,1712363805.7300417,37820212.11954214,7.875,0.0,7.875,BID
133,1712363806.9634826,37820212.11954214,7.875,0.0,7.875,BID
134,1712363808.1888516,37820212.11954214,7.875,0.0,7.875,BID
135,1712363809.4018023,37820212.11954214,7.875,0.0,7.875,BID
136,1712363810.6871634,37956043.1564653,7.875,3.2312103534520724e-05,7.875,BID
137,1712363811.9029245,37956043.1564653,7.875,0.0,7.875,BID
138,1712363813.1051276,37956043.1564653,7.875,0.0,7.875,BID
139,1712363814.3360074,37956043.1564653,7.875,0.0,7.875,BID
140,1712363815.577278,37956043.1564653,7.875,0.0,7.875,BID
141,1712363816.8291955,37956043.1564653,7.875,0.0,7.875,BID
142,1712363818.0470638,37956043.1564653,7.875,0.0,7.875,BID
143,1712363819.2754726,37956043.1564653,7.875,0.0,7.875,BID
144,1712363820.4869645,37956043.1564653,7.875,0.0,7.875,BID
145,1712363821.7447262,37956043.1564653,7.875,0.0,7.875,BID
146,1712363822.9398084,37956043.1564653,7.875,0.0,7.875,BID
147,1712363824.1535714,37956043.1564653,7.875,0.0,7.875,BID
148,1712363825.3753505,39282776.61590368,7.876,-0.0003154955417948772,7.877,ASK
149,1712363826.5868351,39282776.61590368,7.876,-0.0,7.877,ASK
150,1712363827.8198178,39365301.29340495,7.877,1.9624264131193002e-05,7.877,BID
151,1712363829.0291097,39365301.29340495,7.877,0.0,7.877,BID
152,1712363830.2584865,39365301.29340495,7.877,0.0,7.877,BID
153,1712363831.4714763,39365301.29340495,7.877,0.0,7.877,BID
154,1712363832.6783264,39365301.29340495,7.877,0.0,7.877,BID
155,1712363833.8956177,39365301.29340495,7.877,0.0,7.877,BID
156,1712363835.1064005,39365301.29340495,7.877,0.0,7.877,BID
157,1712363836.3299935,39406629.36619729,7.877,-9.827763537731016e-06,7.877,ASK
158,1712363837.5470786,39406629.36619729,7.877,-0.0,7.877,ASK
159,1712363838.7561526,39406629.36619729,7.877,-0.0,7.877,ASK
160,1712363839.9580798,39406629.36619729,7.877,-0.0,7.877,ASK
161,1712363841.1848044,39406629.36619729,7.877,-0.0,7.877,ASK
162,1712363842.4283214,39420250.21434355,7.876,-3.2390204943116957e-06,7.877,ASK
163,1712363843.6782131,39420250.21434355,7.876,-0.0,7.877,ASK
164,1712363844.9249752,39470980.21306134,7.877,1.206352965387516e-05,7.877,BID
165,1712363846.1780639,39470980.21306134,7.877,0.0,7.877,BID
166,1712363847.434266,39470980.21306134,7.877,0.0,7.877,BID
167,1712363848.667921,39470980.21306134,7.877,0.0,7.877,BID
168,1712363849.9098468,39470980.21306134,7.877,0.0,7.877,BID
169,1712363851.1491494,39470980.21306134,7.877,0.0,7.877,BID
170,1712363852.3877914,39470980.21306134,7.877,0.0,7.877,BID
171,1712363853.6416688,39470980.21306134,7.877,0.0,7.877,BID
172,1712363854.9721742,39470980.21306134,7.877,0.0,7.877,BID
173,1712363856.2499397,39470980.21306134,7.877,0.0,7.877,BID
174,1712363857.455366,39470980.21306134,7.877,0.0,7.877,BID
175,1712363858.7507617,39470980.21306134,7.877,0.0,7.877,BID
176,1712363860.03449,39470980.21306134,7.877,0.0,7.877,BID
177,1712363861.2524624,39470980.21306134,7.877,0.0,7.877,BID
178,1712363862.5433044,39470980.21306134,7.877,0.0,7.877,BID
179,1712363863.762176,39470980.21306134,7.877,0.0,7.877,BID
180,1712363864.9636688,39470980.21306134,7.877,0.0,7.877,BID
181,1712363866.2552009,39470980.21306134,7.877,0.0,7.877,BID
182,1712363867.4640548,39470980.21306134,7.877,0.0,7.877,BID
183,1712363868.7599766,39470980.21306134,7.877,0.0,7.877,BID
184,1712363870.0237055,39470980.21306134,7.877,0.0,7.877,BID
185,1712363871.212482,39470980.21306134,7.877,0.0,7.877,BID
186,1712363872.42222,39470980.21306134,7.877,0.0,7.877,BID
187,1712363873.6938012,39486440.14606829,7.86,-3.665950891647012e-06,7.877,ASK
188,1712363874.913474,39486440.14606829,7.86,-0.0,7.877,ASK
189,1712363876.1134777,39486440.14606829,7.86,-0.0,7.877,ASK
190,1712363877.31174,39486440.14606829,7.86,-0.0,7.877,ASK
191,1712363878.520508,39486440.14606829,7.86,-0.0,7.877,ASK
192,1712363879.8223825,39486440.14606829,7.86,-0.0,7.877,ASK
193,1712363881.0441458,39486440.14606829,7.86,-0.0,7.877,ASK
194,1712363882.274994,39486440.14606829,7.86,-0.0,7.877,ASK
195,1712363883.50629,39486440.14606829,7.86,-0.0,7.877,ASK
196,1712363885.0754197,39486440.14606829,7.86,-0.0,7.877,ASK
197,1712363886.2766244,39486440.14606829,7.86,-0.0,7.877,ASK
198,1712363887.4602137,39486440.14606829,7.86,-0.0,7.877,ASK
199,1712363888.7172818,39486440.14606829,7.86,-0.0,7.877,ASK
200,1712363890.038111,39486440.14606829,7.86,-0.0,7.877,ASK
201,1712363891.2406805,39486440.14606829,7.86,-0.0,7.877,ASK
202,1712363892.436121,39486440.14606829,7.86,-0.0,7.877,ASK
203,1712363893.6741707,39486440.14606829,7.86,-0.0,7.877,ASK
204,1712363894.860594,39486440.14606829,7.86,-0.0,7.877,ASK
205,1712363896.11671,39486440.14606829,7.86,-0.0,7.877,ASK
206,1712363897.3664455,39486440.14606829,7.86,-0.0,7.877,ASK
207,1712363898.6094513,39486440.14606829,7.86,-0.0,7.877,ASK
208,1712363899.851371,39486440.14606829,7.86,-0.0,7.877,ASK
209,1712363901.310552,39486440.14606829,7.86,-0.0,7.877,ASK
210,1712363902.6331947,39486440.14606829,7.86,-0.0,7.877,ASK
211,1712363903.8014436,39486440.14606829,7.86,-0.0,7.877,ASK
212,1712363904.9681625,39486440.14606829,7.86,-0.0,7.877,ASK
213,1712363906.1347072,39486440.14606829,7.86,-0.0,7.877,ASK
214,1712363907.3068295,39486440.14606829,7.86,-0.0,7.877,ASK
215,1712363908.4798288,39486440.14606829,7.86,-0.0,7.877,ASK
216,1712363909.6557431,39486440.14606829,7.86,-0.0,7.877,ASK
217,1712363910.8248365,39486440.14606829,7.86,-0.0,7.877,ASK
218,1712363912.00116,39486440.14606829,7.86,-0.0,7.877,ASK
219,1712363913.1505122,39486440.14606829,7.86,-0.0,7.877,ASK
220,1712363914.3125074,39486440.14606829,7.86,-0.0,7.877,ASK
221,1712363915.4650793,39486440.14606829,7.86,-0.0,7.877,ASK
222,1712363916.614186,39486440.14606829,7.86,-0.0,7.877,ASK
223,1712363917.7654505,39486440.14606829,7.86,-0.0,7.877,ASK
224,1712363918.9228382,39486440.14606829,7.86,-0.0,7.877,ASK
225,1712363920.0998816,39486440.14606829,7.86,-0.0,7.877,ASK
226,1712363921.26071,39486440.14606829,7.86,-0.0,7.877,ASK
227,1712363922.4139085,39511830.52311538,7.877,6.0205431273302375e-06,7.877,BID
228,1712363923.5662973,39511830.52311538,7.877,0.0,7.877,BID
229,1712363924.720478,39511830.52311538,7.877,0.0,7.877,BID
230,1712363925.8862982,39511830.52311538,7.877,0.0,7.877,BID
231,1712363927.0542426,39511830.52311538,7.877,0.0,7.877,BID
232,1712363928.2134945,39511830.52311538,7.877,0.0,7.877,BID
233,1712363929.3546786,39511830.52311538,7.877,0.0,7.877,BID
234,1712363930.5201964,39511830.52311538,7.877,0.0,7.877,BID
235,1712363931.6738603,39511830.52311538,7.877,0.0,7.877,BID
236,1712363932.8173409,39511830.52311538,7.877,0.0,7.877,BID
237,1712363933.9605238,39511830.52311538,7.877,0.0,7.877,BID
238,1712363935.1718678,39511830.52311538,7.877,0.0,7.877,BID
239,1712363936.3221412,39511830.52311538,7.877,0.0,7.877,BID
240,1712363937.480996,39511830.52311538,7.877,0.0,7.877,BID
241,1712363938.6379952,39511830.52311538,7.877,0.0,7.877,BID
242,1712363939.8119645,39511830.52311538,7.877,0.0,7.877,BID
243,1712363940.9908404,39524525.71163892,7.877,3.010057441038006e-06,7.877,BID
244,1712363942.1878881,39524525.71163892,7.877,0.0,7.877,BID
245,1712363943.361557,39524525.71163892,7.877,0.0,7.877,BID
246,1712363944.5313323,39524525.71163892,7.877,0.0,7.877,BID
247,1712363945.6956682,39524525.71163892,7.877,0.0,7.877,BID
248,1712363946.883644,39524525.71163892,7.877,0.0,7.877,BID
249,1712363948.0481753,39524525.71163892,7.877,0.0,7.877,BID
250,1712363949.2061017,39524525.71163892,7.877,0.0,7.877,BID
251,1712363950.3784814,39524525.71163892,7.877,0.0,7.877,BID
252,1712363951.5500793,39524525.71163892,7.877,0.0,7.877,BID
253,1712363952.706263,39524525.71163892,7.877,0.0,7.877,BID
254,1712363953.850455,39524525.71163892,7.877,0.0,7.877,BID
255,1712363955.0134861,39524525.71163892,7.877,0.0,7.877,BID
256,1712363956.1584573,39524525.71163892,7.877,0.0,7.877,BID
257,1712363957.33267,39524525.71163892,7.877,0.0,7.877,BID
258,1712363958.4987512,39524525.71163892,7.877,0.0,7.877,BID
259,1712363959.6500773,39524525.71163892,7.877,0.0,7.877,BID
260,1712363960.8195605,39524525.71163892,7.877,0.0,7.877,BID
261,1712363961.9677956,39524525.71163892,7.877,0.0,7.877,BID
262,1712363963.1271474,39524525.71163892,7.877,0.0,7.877,BID
263,1712363964.2931385,39524525.71163892,7.877,0.0,7.877,BID
264,1712363965.4388552,39524525.71163892,7.877,0.0,7.877,BID
265,1712363966.586431,39524525.71163892,7.877,0.0,7.877,BID
266,1712363967.7446744,39524525.71163892,7.877,0.0,7.877,BID
267,1712363968.910425,39524525.71163892,7.877,0.0,7.877,BID
268,1712363970.0777564,39524525.71163892,7.877,0.0,7.877,BID
269,1712363971.2295532,39524525.71163892,7.877,0.0,7.877,BID
270,1712363972.392248,39524525.71163892,7.877,0.0,7.877,BID
271,1712363973.5426,39524525.71163892,7.877,0.0,7.877,BID
272,1712363974.7054245,39524525.71163892,7.877,0.0,7.877,BID
273,1712363975.8496022,39524525.71163892,7.877,0.0,7.877,BID
274,1712363977.0060942,39524525.71163892,7.877,0.0,7.877,BID
275,1712363978.161919,39524525.71163892,7.877,0.0,7.877,BID
276,1712363979.3211622,39524525.71163892,7.877,0.0,7.877,BID
277,1712363980.4947557,39524525.71163892,7.877,0.0,7.877,BID
278,1712363981.676451,39524525.71163892,7.877,0.0,7.877,BID
279,1712363982.8492937,39524525.71163892,7.877,0.0,7.877,BID
280,1712363984.0549767,39524525.71163892,7.877,0.0,7.877,BID
281,1712363985.2284212,39524525.71163892,7.877,0.0,7.877,BID
282,1712363986.4350646,39524525.71163892,7.877,0.0,7.877,BID
283,1712363987.5943887,39524525.71163892,7.877,0.0,7.877,BID
284,1712363988.7474365,39524525.71163892,7.877,0.0,7.877,BID
285,1712363989.900679,39524525.71163892,7.877,0.0,7.877,BID
286,1712363991.053887,39524525.71163892,7.877,0.0,7.877,BID
287,1712363992.2385986,39524525.71163892,7.877,0.0,7.877,BID
288,1712363993.4017863,39524525.71163892,7.877,0.0,7.877,BID
289,1712363994.5646102,39524525.71163892,7.877,0.0,7.877,BID
290,1712363995.710168,39524525.71163892,7.877,0.0,7.877,BID
291,1712363996.859828,39524525.71163892,7.877,0.0,7.877,BID
292,1712363998.0436695,39524525.71163892,7.877,0.0,7.877,BID
293,1712363999.2197986,39524525.71163892,7.877,0.0,7.877,BID
294,1712364000.408793,39524525.71163892,7.877,0.0,7.877,BID
295,1712364001.655263,39524525.71163892,7.877,0.0,7.877,BID
296,1712364002.8220234,39524525.71163892,7.877,0.0,7.877,BID
297,1712364003.983073,39524525.71163892,7.877,0.0,7.877,BID
298,1712364005.1726422,39524525.71163892,7.877,0.0,7.877,BID
299,1712364006.342425,39524525.71163892,7.877,0.0,7.877,BID
300,1712364007.4945555,39524525.71163892,7.877,0.0,7.877,BID
301,1712364008.6468894,39524525.71163892,7.877,0.0,7.877,BID
302,1712364009.8345068,39524525.71163892,7.877,0.0,7.877,BID
303,1712364011.0018094,39524525.71163892,7.877,0.0,7.877,BID
304,1712364012.170962,39524525.71163892,7.877,0.0,7.877,BID
305,1712364013.3690407,39524525.71163892,7.877,0.0,7.877,BID
306,1712364014.5290036,39524525.71163892,7.877,0.0,7.877,BID
307,1712364015.6964796,39524525.71163892,7.877,0.0,7.877,BID
308,1712364016.858155,39524525.71163892,7.877,0.0,7.877,BID
309,1712364018.011231,39524525.71163892,7.877,0.0,7.877,BID
310,1712364019.1675262,39524525.71163892,7.877,0.0,7.877,BID
311,1712364020.352896,39524525.71163892,7.877,0.0,7.877,BID
312,1712364021.5151107,39524525.71163892,7.877,0.0,7.877,BID
313,1712364022.694817,39524525.71163892,7.877,0.0,7.877,BID
314,1712364023.886951,39524525.71163892,7.877,0.0,7.877,BID
315,1712364025.0525658,39524525.71163892,7.877,0.0,7.877,BID
316,1712364026.228545,39524525.71163892,7.877,0.0,7.877,BID
317,1712364027.3972876,39524525.71163892,7.877,0.0,7.877,BID
318,1712364028.609851,39524525.71163892,7.877,0.0,7.877,BID
319,1712364029.781813,39524525.71163892,7.877,0.0,7.877,BID
320,1712364030.9511597,39524525.71163892,7.877,0.0,7.877,BID
321,1712364032.1536522,39524525.71163892,7.877,0.0,7.877,BID
322,1712364033.352134,39524525.71163892,7.877,0.0,7.877,BID
323,1712364034.5305963,39524525.71163892,7.877,0.0,7.877,BID
324,1712364035.7214935,39524525.71163892,7.877,0.0,7.877,BID
325,1712364036.8988655,39524525.71163892,7.877,0.0,7.877,BID
326,1712364038.0782073,39524525.71163892,7.877,0.0,7.877,BID
327,1712364039.2584527,39524525.71163892,7.877,0.0,7.877,BID
328,1712364040.4360633,39524525.71163892,7.877,0.0,7.877,BID
329,1712364041.6016953,39524525.71163892,7.877,0.0,7.877,BID
330,1712364042.792134,39524525.71163892,7.877,0.0,7.877,BID
331,1712364043.974417,39524525.71163892,7.877,0.0,7.877,BID
332,1712364045.151432,39524525.71163892,7.877,0.0,7.877,BID
333,1712364046.3328032,39524525.71163892,7.877,0.0,7.877,BID
334,1712364047.4917588,39524525.71163892,7.877,0.0,7.877,BID
335,1712364048.6785388,39524525.71163892,7.877,0.0,7.877,BID
