,time,acc_trade_volume,trade_price,dev,high,ask_bid
0,1712365207.1927483,960106.71289737,205.2,0.0,206.3,BID
1,1712365230.6161368,960106.71289737,205.2,0.0,206.3,BID
2,1712365253.1753907,960179.23198133,205.2,-3.6000744685166444e-08,206.3,ASK
3,1712365260.4257064,960179.23198133,205.2,-0.0,206.3,ASK
4,1712365261.1456027,960300.95346528,205.4,6.042591074631985e-08,206.3,BID
5,1712365280.0655732,964160.95346528,205.4,1.9162107453153727e-06,206.3,BID
6,1712365290.3753965,964160.95346528,205.4,0.0,206.3,BID
7,1712365294.725752,964727.20446528,205.4,2.8098857394405177e-07,206.3,BID
8,1712365320.6054914,964727.20446528,205.4,0.0,206.3,BID
9,1712365333.426362,965011.36446528,205.4,1.409994951678493e-07,206.3,BID
10,1712365339.47558,965498.21938251,205.4,2.415762160383137e-07,206.3,BID
11,1712365350.586625,965498.21938251,205.4,0.0,206.3,BID
12,1712365356.9054828,967608.21838251,205.4,1.046894063513484e-06,206.3,BID
13,1712365357.9456725,968759.33998133,205.4,5.711388338036194e-07,206.3,BID
14,1712365357.9469802,969633.92171975,205.4,4.339312151376792e-07,206.3,BID
15,1712365358.8754413,973493.92071975,205.4,1.915171541914487e-06,206.3,BID
16,1712365358.9555662,974466.21046209,205.4,4.824098775737844e-07,206.3,BID
17,1712365358.9753923,976316.05468359,205.4,9.17816043473526e-07,206.3,BID
18,1712365369.556094,976463.02868359,205.6,7.292240806317069e-08,206.3,BID
19,1712365379.5556247,978532.52768359,205.6,1.0267996418704891e-06,206.3,BID
20,1712365380.4254875,978532.52768359,205.6,0.0,206.3,BID
21,1712365410.4156954,978532.52768359,205.6,0.0,206.3,BID
22,1712365440.5956063,978532.52768359,205.6,0.0,206.3,BID
23,1712365470.5755272,978532.52768359,205.6,0.0,206.3,BID
24,1712365495.8255816,979189.10599098,205.6,3.253347205766323e-07,206.3,BID
25,1712365500.3881822,979189.10599098,205.6,0.0,206.3,BID
26,1712365530.6058085,979189.10599098,205.6,0.0,206.3,BID
27,1712365560.429987,979189.10599098,205.6,0.0,206.3,BID
28,1712365564.4958148,980838.4463373,205.2,-8.205566193133267e-07,206.3,ASK
29,1712365590.4184992,980838.4463373,205.2,-0.0,206.3,ASK
30,1712365620.585698,980838.4463373,205.2,-0.0,206.3,ASK
31,1712365650.6113086,980838.4463373,205.2,-0.0,206.3,ASK
32,1712365680.3782012,980838.4463373,205.2,-0.0,206.3,ASK
33,1712365710.4493086,980838.4463373,205.2,-0.0,206.3,ASK
34,1712365740.5759506,980838.4463373,205.2,-0.0,206.3,ASK
35,1712365770.5761323,980838.4463373,205.2,-0.0,206.3,ASK
36,1712365800.5161464,980838.4463373,205.2,-0.0,206.3,ASK
37,1712365830.4086757,980838.4463373,205.2,-0.0,206.3,ASK
38,1712365860.59877,980838.4463373,205.2,-0.0,206.3,ASK
39,1712365890.5960894,980838.4463373,205.2,-0.0,206.3,ASK
40,1712365920.4001112,980838.4463373,205.2,-0.0,206.3,ASK
41,1712365941.6462774,983353.47493596,205.4,-1.251043181084136e-06,206.3,ASK
42,1712365950.4011614,983353.47493596,205.4,-0.0,206.3,ASK
43,1712365961.048507,986504.50993596,205.7,1.5670072851310477e-06,206.3,BID
44,1712365963.0762084,987816.50993596,205.7,6.524565922282404e-07,206.3,BID
45,1712365964.5076883,988199.67393596,205.7,1.9054716288455402e-07,206.3,BID
46,1712365966.5143402,988381.97493596,205.7,9.065814727117825e-08,206.3,BID
47,1712365967.0700395,999777.6562828,205.7,5.667063580547367e-06,206.3,BID
48,1712365968.8560698,999826.27076991,205.7,2.4175947098074908e-08,206.3,BID
49,1712365968.9159873,1000395.59476991,205.7,2.831243878915894e-07,206.3,BID
50,1712365980.60606,1000395.59476991,205.7,0.0,206.3,BID
51,1712365987.240551,1000975.56376991,205.7,2.8791620976661e-07,206.3,BID
52,1712365996.0000312,1001024.17825702,205.7,2.4133874169895737e-08,206.3,BID
53,1712366010.616162,1001024.17825702,205.7,0.0,206.3,BID
54,1712366040.3663406,1001024.17825702,205.7,0.0,206.3,BID
55,1712366070.4258249,1001024.17825702,205.7,0.0,206.3,BID
56,1712366100.436468,1001024.17825702,205.7,0.0,206.3,BID
57,1712366130.3883276,1001024.17825702,205.7,0.0,206.3,BID
58,1712366160.5758946,1001024.17825702,205.7,0.0,206.3,BID
59,1712366164.6960902,1001466.80925702,205.7,2.200492578595295e-07,206.3,BID
60,1712366166.5104277,1001915.69025702,205.7,2.2315637837661098e-07,206.3,BID
61,1712366175.1060364,1002394.63425702,205.7,2.381018766337333e-07,206.3,BID
62,1712366178.9202502,1002805.52625702,205.7,2.0427055416454225e-07,206.3,BID
63,1712366190.0861063,1005370.20225702,205.7,1.275001187106418e-06,206.3,BID
64,1712366190.150145,1008870.20225702,205.7,1.7399874895980232e-06,206.3,BID
65,1712366190.287492,1009293.90505317,205.7,2.1063930417391413e-07,206.3,BID
66,1712366190.5960925,1009293.90505317,205.7,0.0,206.3,BID
67,1712366197.3960724,1011095.73547762,205.7,8.95003802418467e-07,206.3,BID
68,1712366198.756153,1021077.49052445,205.7,4.958129577842787e-06,206.3,BID
69,1712366200.6060574,1021967.28500717,205.7,4.419780211273442e-07,206.3,BID
70,1712366200.868219,1022402.27400717,205.7,2.1606739664693764e-07,206.3,BID
71,1712366203.2159295,1024191.68600717,205.7,8.888353323160883e-07,206.3,BID
72,1712366203.440038,1024386.33320912,205.5,-9.668500626439933e-08,206.3,ASK
73,1712366205.4262002,1026570.65558653,205.7,1.0849949068245266e-06,206.3,BID
74,1712366205.4461637,1026765.30278848,205.6,-9.668500626439933e-08,206.3,ASK
75,1712366205.5475657,1029377.30178848,205.7,1.2974301050704572e-06,206.3,BID
76,1712366206.7759523,1029700.25178848,205.7,1.6041547199383793e-07,206.3,BID
77,1712366210.3660376,1033902.45766978,205.7,2.087316426270704e-06,206.3,BID
78,1712366210.376215,1034553.01378848,205.7,3.231437276350753e-07,206.3,BID
79,1712366211.7963724,1036883.29092159,205.7,1.1574934391836426e-06,206.3,BID
80,1712366211.8159194,1042960.29092159,205.7,3.0185626979615843e-06,206.3,BID
81,1712366211.8362615,1046331.29092159,205.7,1.6744404895225442e-06,206.3,BID
82,1712366213.6661563,1051182.97592159,205.7,2.409925187306223e-06,206.3,BID
83,1712366213.8263688,1052435.93734659,205.7,6.223700213081125e-07,206.3,BID
84,1712366215.6760285,1057211.93734659,205.7,2.3723309931651352e-06,206.3,BID
85,1712366215.775915,1057871.77694059,205.7,3.277550082419902e-07,206.3,BID
86,1712366220.3859549,1057871.77694059,205.7,0.0,206.3,BID
87,1712366236.3161364,1057871.77694111,205.7,2.569742288789169e-16,206.3,BID
88,1712366236.3223376,1059050.66534779,205.8,5.826844207618648e-07,206.3,BID
89,1712366240.2765164,1082948.18492779,205.8,1.1811730673754045e-05,206.3,BID
90,1712366240.71641,1087801.52992779,205.8,2.3988432696917938e-06,206.3,BID
91,1712366243.126016,1090873.52892779,205.8,1.5183845627397453e-06,206.3,BID
92,1712366245.0759504,1097634.49363279,205.8,3.341714771814686e-06,206.3,BID
93,1712366246.9162445,1099100.07663279,205.8,7.243878017583686e-07,206.3,BID
94,1712366248.5060313,1103952.21763279,205.8,2.398248173465069e-06,206.3,BID
95,1712366250.3968482,1103952.21763279,205.8,0.0,206.3,BID
96,1712366250.9198458,1104867.76963279,205.8,4.5041496667342733e-07,206.3,BID
97,1712366251.7561166,1106049.39183443,205.8,5.813108644536653e-07,206.3,BID
98,1712366271.5460286,1108042.85126018,205.8,9.80702309441829e-07,206.3,BID
99,1712366280.6159792,1108042.85126018,205.8,0.0,206.3,BID
100,1712366280.8102236,1108284.78626018,205.7,1.1897307024165345e-07,206.3,BID
101,1712366292.6963036,1108284.78674405,205.7,2.3794616046101773e-13,206.3,BID
102,1712366292.6982093,1113139.00726018,205.7,2.387093717047503e-06,206.3,BID
103,1712366294.3962064,1117992.14426018,205.7,2.386560891120419e-06,206.3,BID
104,1712366296.6099524,1130860.06208381,205.7,6.327880178949803e-06,206.3,BID
105,1712366310.606109,1130860.06208381,205.7,0.0,206.3,BID
106,1712366313.3459864,1131385.39308381,205.8,2.577399711820028e-07,206.3,BID
107,1712366315.7361226,1131444.71408381,205.8,2.9104303440091043e-08,206.3,BID
108,1712366318.1061008,1135930.66208381,205.8,2.200913534978736e-06,206.3,BID
109,1712366319.6313815,1138350.11079616,205.8,1.1870394882415894e-06,206.3,BID
110,1712366323.4661112,1141455.55579301,205.8,1.5236056962093817e-06,206.3,BID
111,1712366332.0659976,1142178.60979301,205.8,3.547476107883045e-07,206.3,BID
112,1712366336.7260282,1142703.94079301,205.8,2.577399711820028e-07,206.3,BID
113,1712366340.4004445,1142703.94079301,205.8,0.0,206.3,BID
114,1712366346.788126,1142752.48307921,205.8,2.3787561181922312e-08,206.3,BID
115,1712366369.5562325,1144210.20902673,205.8,7.143409978724818e-07,206.3,BID
116,1712366370.4562805,1144210.20902673,205.8,0.0,206.3,BID
117,1712366377.6863506,1147271.20802673,205.8,1.4997777704545834e-06,206.3,BID
118,1712366378.286118,1147295.50345918,205.8,1.1903875013391234e-08,206.3,BID
119,1712366379.1961298,1154925.79691438,205.8,3.7385652547269216e-06,206.3,BID
120,1712366384.175996,1156046.59639733,205.8,5.49150832674358e-07,206.3,BID
121,1712366387.90598,1159688.51172363,205.8,1.784405564412871e-06,206.3,BID
122,1712366400.4560003,1159688.51172363,205.8,0.0,206.3,BID
123,1712366406.3910434,1161002.51072363,205.8,6.48295428095665e-07,206.3,BID
124,1712366411.4562204,1166373.1021139,205.8,2.64972031522233e-06,206.3,BID
125,1712366430.4062135,1166373.1021139,205.8,0.0,206.3,BID
126,1712366449.5865874,1173606.1021139,205.4,-3.56616735282675e-06,206.3,ASK
127,1712366449.749036,1174230.53769201,205.4,3.0787249724860054e-07,206.3,BID
128,1712366452.2154684,1174949.63967194,205.8,3.545469382247032e-07,206.3,BID
129,1712366452.217373,1176764.26269201,205.8,8.946839999809222e-07,206.3,BID
130,1712366454.065651,1178362.44801437,205.8,7.879712872067994e-07,206.3,BID
131,1712366460.6269507,1178362.44801437,205.8,0.0,206.3,BID
132,1712366474.5157087,1178391.64801437,206.0,1.4379333805421744e-08,206.3,BID
133,1712366490.575542,1178391.64801437,206.0,0.0,206.3,BID
134,1712366520.4454489,1178391.64801437,206.0,0.0,206.3,BID
135,1712366550.388827,1178391.64801437,206.0,0.0,206.3,BID
136,1712366580.5754344,1178391.64801437,206.0,0.0,206.3,BID
137,1712366610.5955808,1178391.64801437,206.0,0.0,206.3,BID
138,1712366640.398478,1178391.64801437,206.0,0.0,206.3,BID
139,1712366670.415673,1178391.64801437,206.0,0.0,206.3,BID
140,1712366688.775628,1178878.02933732,205.6,-2.395143384501449e-07,206.3,ASK
141,1712366700.6056037,1178878.02933732,205.6,-0.0,206.3,ASK
142,1712366707.5555997,1178891.64801437,205.6,6.740113289531553e-09,206.3,BID
143,1712366713.8955138,1179376.75301437,205.9,2.4008665785562453e-07,206.3,BID
144,1712366716.9356,1179876.75301437,205.5,-2.474584449299827e-07,206.3,ASK
145,1712366728.8256445,1180119.32001437,205.9,1.200505052225664e-07,206.3,BID
146,1712366730.60551,1180119.32001437,205.9,0.0,206.3,BID
147,1712366738.4056747,1180400.95901437,205.9,1.3937028283303088e-07,206.3,BID
148,1712366751.1802342,1180400.95934524,205.9,1.6373236154357429e-13,206.3,BID
149,1712366751.182357,1184084.05827165,206.0,1.8225975062950864e-06,206.3,BID
150,1712366751.1858103,1187679.02215639,206.2,1.7789834979898994e-06,206.3,BID
151,1712366760.3961017,1187679.02215639,206.2,0.0,206.3,BID
152,1712366790.3859031,1187679.02215639,206.2,0.0,206.3,BID
153,1712366820.6159198,1187679.02215639,206.2,0.0,206.3,BID
154,1712366850.595923,1187679.02215639,206.2,0.0,206.3,BID
155,1712366880.3960829,1187679.02215639,206.2,0.0,206.3,BID
156,1712366910.4141057,1187679.02215639,206.2,0.0,206.3,BID
157,1712366914.7461512,1188279.02215639,205.6,-2.966838702230067e-07,206.3,ASK
158,1712366920.5660057,1188327.02215639,205.5,-2.3734709617840533e-08,206.3,ASK
159,1712366920.5763202,1188521.50518257,205.5,-9.61666281663653e-08,206.3,ASK
160,1712366940.4202385,1188521.50518257,205.5,-0.0,206.3,ASK
161,1712366970.6059518,1188521.50518257,205.5,-0.0,206.3,ASK
162,1712367000.4860651,1188521.50518257,205.5,-0.0,206.3,ASK
163,1712367030.4461222,1188521.50518257,205.5,-0.0,206.3,ASK
164,1712367060.6058886,1188521.50518257,205.5,-0.0,206.3,ASK
165,1712367090.5959826,1188521.50518257,205.5,-0.0,206.3,ASK
166,1712367120.4058304,1188521.50518257,205.5,-0.0,206.3,ASK
167,1712367120.7162318,1188570.14331486,205.6,-2.4064757139586635e-08,206.3,ASK
168,1712367120.7180457,1188584.07671447,205.5,-6.893847727212977e-09,206.3,ASK
169,1712367150.4098632,1188584.07671447,205.5,-0.0,206.3,ASK
170,1712367180.5858598,1188584.07671447,205.5,-0.0,206.3,ASK
171,1712367210.626047,1188584.07671447,205.5,-0.0,206.3,ASK
172,1712367233.6458962,1189564.75888663,205.5,-4.852104099175317e-07,206.3,ASK
173,1712367233.6558876,1191023.883339,205.5,-7.219284634244382e-07,206.3,ASK
174,1712367233.7259967,1194491.58506285,205.5,1.7157087409831093e-06,206.3,BID
175,1712367233.7283857,1194870.37319205,205.5,1.874123428146277e-07,206.3,BID
176,1712367233.8258798,1196573.5362092,205.5,8.426709989921159e-07,206.3,BID
177,1712367233.915061,1201431.8592092,205.5,2.403744007245348e-06,206.3,BID
178,1712367236.275611,1203769.3752092,205.5,1.1565287192392169e-06,206.3,BID
179,1712367238.655811,1208625.4832092,205.5,2.402648095554073e-06,206.3,BID
180,1712367238.7257698,1225718.1440682,205.5,8.456906036856631e-06,206.3,BID
181,1712367238.7521996,1230574.25206862,205.5,2.402648095761889e-06,206.3,BID
182,1712367240.4358966,1230574.25206862,205.5,0.0,206.3,BID
183,1712367254.315911,1231059.21812099,206.2,2.389257522096646e-07,206.3,BID
184,1712367270.4059305,1231059.21812099,206.2,0.0,206.3,BID
185,1712367297.1258342,1231544.18417336,206.2,2.389139817562316e-07,206.3,BID
186,1712367300.5957038,1231544.18417336,206.2,0.0,206.3,BID
187,1712367330.01571,1231592.68077859,206.2,2.4437795716645094e-08,206.3,BID
188,1712367330.6159945,1231592.68077859,206.2,0.0,206.3,BID
189,1712367360.3856945,1231592.68077859,206.2,0.0,206.3,BID
190,1712367390.4357643,1231592.68077859,206.2,0.0,206.3,BID
191,1712367420.585593,1231592.68077859,206.2,0.0,206.3,BID
192,1712367450.5958254,1231592.68077859,206.2,0.0,206.3,BID
193,1712367480.4258857,1231592.68077859,206.2,0.0,206.3,BID
194,1712367510.3955202,1231592.68077859,206.2,0.0,206.3,BID
195,1712367515.4958794,1233675.65965772,206.2,1.0496230732868403e-06,206.3,BID
196,1712367540.5957637,1233675.65965772,206.2,0.0,206.3,BID
197,1712367564.855814,1233875.65965772,206.1,1.0075915417533612e-07,206.3,BID
198,1712367570.5757923,1233875.65965772,206.1,0.0,206.3,BID
199,1712367600.4689984,1233875.65965772,206.1,0.0,206.3,BID
200,1712367630.4265127,1233875.65965772,206.1,0.0,206.3,BID
201,1712367660.5957158,1233875.65965772,206.1,0.0,206.3,BID
202,1712367690.605758,1233875.65965772,206.1,0.0,206.3,BID
203,1712367720.3956654,1233875.65965772,206.1,0.0,206.3,BID
204,1712367750.39589,1233875.65965772,206.1,0.0,206.3,BID
205,1712367780.455535,1233875.65965772,206.1,0.0,206.3,BID
206,1712367810.4356573,1233875.65965772,206.1,0.0,206.3,BID
207,1712367840.445672,1233875.65965772,206.1,0.0,206.3,BID
208,1712367870.4055746,1233875.65965772,206.1,0.0,206.3,BID
209,1712367871.055787,1233920.95727659,206.1,2.2857262407947894e-08,206.3,BID
210,1712367871.1156874,1233972.69992943,206.1,-2.6109438490420082e-08,206.3,ASK
211,1712367900.4257991,1233972.69992943,206.1,-0.0,206.3,ASK
212,1712367930.4157538,1233972.69992943,206.1,-0.0,206.3,ASK
213,1712367960.595687,1233972.69992943,206.1,-0.0,206.3,ASK
214,1712367990.595738,1233972.69992943,206.1,-0.0,206.3,ASK
215,1712368020.406131,1233972.69992943,206.1,-0.0,206.3,ASK
216,1712368050.4000108,1233972.69992943,206.1,-0.0,206.3,ASK
217,1712368080.6055803,1233972.69992943,206.1,-0.0,206.3,ASK
218,1712368110.5756087,1233972.69992943,206.1,-0.0,206.3,ASK
219,1712368137.7966118,1234021.22006528,205.9,2.45170837668738e-08,206.3,BID
220,1712368140.4057362,1234021.22006528,205.9,0.0,206.3,BID
221,1712368170.4055882,1234021.22006528,205.9,0.0,206.3,BID
222,1712368200.485569,1234021.22006528,205.9,0.0,206.3,BID
223,1712368230.4157543,1234021.22006528,205.9,0.0,206.3,BID
224,1712368260.5958712,1234021.22006528,205.9,0.0,206.3,BID
225,1712368290.6056263,1234021.22006528,205.9,0.0,206.3,BID
226,1712368320.4157152,1234021.22006528,205.9,0.0,206.3,BID
227,1712368350.4005382,1234021.22006528,205.9,0.0,206.3,BID
228,1712368380.6057432,1234021.22006528,205.9,0.0,206.3,BID
229,1712368410.5955818,1234021.22006528,205.9,0.0,206.3,BID
230,1712368440.3655934,1234021.22006528,205.9,0.0,206.3,BID
231,1712368470.405621,1234021.22006528,205.9,0.0,206.3,BID
232,1712368500.4326527,1234021.22006528,205.9,0.0,206.3,BID
233,1712368530.425594,1234021.22006528,205.9,0.0,206.3,BID
234,1712368553.355986,1236769.95254702,205.9,1.398524367696496e-06,206.3,BID
235,1712368560.585672,1236769.95254702,205.9,0.0,206.3,BID
236,1712368590.5852954,1236769.95254702,205.9,0.0,206.3,BID
237,1712368620.401188,1236769.95254702,205.9,0.0,206.3,BID
238,1712368650.4356306,1236769.95254702,205.9,0.0,206.3,BID
239,1712368680.5751493,1236769.95254702,205.9,0.0,206.3,BID
240,1712368710.5751014,1236769.95254702,205.9,0.0,206.3,BID
241,1712368740.4150715,1236769.95254702,205.9,0.0,206.3,BID
242,1712368770.3952172,1236769.95254702,205.9,0.0,206.3,BID
243,1712368800.5159369,1236769.95254702,205.9,0.0,206.3,BID
244,1712368830.396303,1236769.95254702,205.9,0.0,206.3,BID
245,1712368834.7562282,1236937.96955842,205.7,8.546241626119407e-08,206.3,BID
246,1712368860.6565363,1236937.96955842,205.7,0.0,206.3,BID
247,1712368888.0072553,1237194.40976527,205.5,-1.3043687810652466e-07,206.3,ASK
248,1712368888.0100374,1239222.90889769,205.5,-1.0317847475034671e-06,206.3,ASK
249,1712368890.617189,1239222.90889769,205.5,-0.0,206.3,ASK
250,1712368920.408131,1239222.90889769,205.5,-0.0,206.3,ASK
251,1712368950.3860998,1239222.90889769,205.5,-0.0,206.3,ASK
252,1712368980.588718,1239222.90889769,205.5,-0.0,206.3,ASK
253,1712368983.4288132,1240340.98365663,205.5,5.685666833083695e-07,206.3,BID
254,1712368983.432417,1240968.00189769,205.5,3.188531704546534e-07,206.3,BID
255,1712368986.6989548,1245684.64789769,205.5,2.3985227741859053e-06,206.3,BID
256,1712369010.609239,1245684.64789769,205.5,0.0,206.3,BID
257,1712369040.3824048,1245684.64789769,205.5,0.0,206.3,BID
258,1712369070.5091765,1245684.64789769,205.5,0.0,206.3,BID
259,1712369100.5926316,1245684.64789769,205.5,0.0,206.3,BID
260,1712369130.6031404,1245684.64789769,205.5,0.0,206.3,BID
261,1712369160.3940785,1245684.64789769,205.5,0.0,206.3,BID
262,1712369173.9916096,1245968.74089769,205.4,1.4483663048455864e-07,206.3,BID
263,1712369183.1716,1248128.65889769,205.4,1.1011719586300666e-06,206.3,BID
264,1712369190.4731195,1248128.65889769,205.4,0.0,206.3,BID
265,1712369204.237224,1248128.6595822,205.4,3.4888840209094374e-13,206.3,BID
266,1712369204.2452576,1248410.05130275,205.5,1.43422754779713e-07,206.3,BID
267,1712369208.0119488,1248898.52630275,205.5,2.489711850943017e-07,206.3,BID
268,1712369220.6118186,1248898.52630275,205.5,0.0,206.3,BID
269,1712369250.6031866,1248898.52630275,205.5,0.0,206.3,BID
270,1712369280.414194,1248898.52630275,205.5,0.0,206.3,BID
271,1712369310.3942935,1248898.52630275,205.5,0.0,206.3,BID
272,1712369340.6130404,1248898.52630275,205.5,0.0,206.3,BID
273,1712369370.6262271,1248898.52630275,205.5,0.0,206.3,BID
274,1712369385.0559587,1248898.52654881,205.5,1.254044328798883e-13,206.3,BID
275,1712369397.2735662,1251343.39632515,205.5,-1.2460270139614792e-06,206.3,ASK
276,1712369399.9439137,1253580.67532515,205.5,1.1402284484623254e-06,206.3,BID
277,1712369400.4733384,1253580.67532515,205.5,0.0,206.3,BID
278,1712369430.3901954,1253580.67532515,205.5,0.0,206.3,BID
279,1712369460.5955482,1253580.67532515,205.5,0.0,206.3,BID
280,1712369490.5841565,1253580.67532515,205.5,0.0,206.3,BID
281,1712369520.430329,1253580.67532515,205.5,0.0,206.3,BID
282,1712369550.713561,1253580.67532515,205.5,0.0,206.3,BID
283,1712369580.584767,1253580.67532515,205.5,0.0,206.3,BID
284,1712369610.6049595,1253580.67532515,205.5,0.0,206.3,BID
285,1712369640.5332165,1253580.67532515,205.5,0.0,206.3,BID
286,1712369648.815886,1257279.58745301,205.3,-1.8878823632662928e-06,206.3,ASK
287,1712369648.8189917,1257429.58745301,205.4,-7.65582811110923e-08,206.3,ASK
288,1712369652.4354663,1258601.59592914,205.3,-5.981796958676056e-07,206.3,ASK
289,1712369652.438724,1259354.04351694,205.2,-3.840406263210275e-07,206.3,ASK
290,1712369656.6852703,1259383.22639631,205.2,-1.4894607216232444e-08,206.3,ASK
291,1712369656.6878307,1260166.52439825,205.2,-3.997863241752623e-07,206.3,ASK
292,1712369656.6956036,1264218.03530843,205.1,-2.067844741241417e-06,206.3,ASK
293,1712369656.69806,1267819.77265943,204.8,-1.8382854707078983e-06,206.3,ASK
294,1712369656.7005298,1267919.77265943,205.0,-5.1038854074061534e-08,206.3,ASK
295,1712369656.7030363,1270504.515064,205.2,-1.319222904058806e-06,206.3,ASK
296,1712369656.7051446,1271962.28200695,205.1,-7.440275427521407e-07,206.3,ASK
297,1712369656.706552,1277472.23942787,205.0,-2.8122191276062943e-06,206.3,ASK
298,1712369656.7079985,1277707.30427428,205.1,-1.1997440393871028e-07,206.3,ASK
299,1712369656.7094333,1278429.48487305,204.8,-3.685927019573034e-07,206.3,ASK
300,1712369670.4051635,1278429.48487305,204.8,-0.0,206.3,ASK
301,1712369670.530872,1279391.71290501,204.8,-4.898361100529306e-07,206.3,ASK
302,1712369674.315556,1280311.40705946,204.8,-4.6818362393425014e-07,206.3,ASK
303,1712369674.31916,1280353.94093697,204.7,-2.1652486118680533e-08,206.3,ASK
304,1712369700.4523106,1280353.94093697,204.7,-0.0,206.3,ASK
305,1712369730.405802,1280353.94093697,204.7,-0.0,206.3,ASK
306,1712369760.6157677,1280353.94093697,204.7,-0.0,206.3,ASK
307,1712369790.596768,1280353.94093697,204.7,-0.0,206.3,ASK
308,1712369802.6762393,1290311.40705946,204.7,-5.088167951659736e-06,206.3,ASK
309,1712369802.6859727,1298519.18405401,204.7,-4.1940938933967705e-06,206.3,ASK
310,1712369820.426099,1298519.18405401,204.7,-0.0,206.3,ASK
311,1712369850.4190283,1298519.18405401,204.7,-0.0,206.3,ASK
312,1712369880.5770073,1298519.18405401,204.7,-0.0,206.3,ASK
313,1712369910.626541,1298519.18405401,204.7,-0.0,206.3,ASK
314,1712369940.399127,1298519.18405401,204.7,-0.0,206.3,ASK
315,1712369957.5970385,1299183.18405401,204.8,-3.386540464464234e-07,206.3,ASK
316,1712369958.52677,1304055.78005401,204.7,2.4851270362931085e-06,206.3,BID
317,1712369958.8670568,1305398.99918901,204.7,6.850701736927447e-07,206.3,BID
318,1712369959.2267122,1306537.46909701,204.7,5.806437365990302e-07,206.3,BID
319,1712369959.6569395,1308920.66148901,204.7,1.2154785346553165e-06,206.3,BID
320,1712369960.4667428,1310743.69553101,204.7,9.297859264048564e-07,206.3,BID
321,1712369961.2969427,1311684.15669201,204.7,4.796550868950848e-07,206.3,BID
322,1712369962.0365987,1316558.53769201,204.7,2.4860374240535865e-06,206.3,BID
323,1712369962.117355,1318844.61911501,204.7,1.1659498861520128e-06,206.3,BID
324,1712369963.386836,1320126.36709101,204.7,6.537185822243628e-07,206.3,BID
325,1712369964.1667616,1324825.84750101,204.7,2.396834423256241e-06,206.3,BID
326,1712369966.996837,1326451.90850101,204.7,8.293255081607128e-07,206.3,BID
327,1712369970.4097466,1326451.90850101,204.7,0.0,206.3,BID
328,1712369976.6368558,1327592.75160881,204.5,-5.801622220959711e-07,206.3,ASK
329,1712369976.6402383,1330451.90850101,204.5,-1.4539903029247753e-06,206.3,ASK
330,1712369991.1778345,1330591.50263303,204.5,-7.09889390317109e-08,206.3,ASK
331,1712369991.25706,1330591.50263361,204.5,2.949425217128987e-16,206.3,BID
332,1712369991.2596352,1331283.89148961,204.5,3.521061349321739e-07,206.3,BID
333,1712370000.342868,1332224.68838061,204.5,4.78431092839773e-07,206.3,BID
334,1712370000.4404364,1332224.68838061,204.5,0.0,206.3,BID
335,1712370005.35525,1332418.17458743,204.5,9.879794550927478e-08,206.3,BID
336,1712370030.4079468,1332418.17458743,204.5,0.0,206.3,BID
337,1712370060.6284332,1332418.17458743,204.5,0.0,206.3,BID
338,1712370090.6275947,1332418.17458743,204.5,0.0,206.3,BID
339,1712370120.4258416,1332418.17458743,204.5,0.0,206.3,BID
340,1712370150.4227428,1332418.17458743,204.5,0.0,206.3,BID
341,1712370180.4476242,1332418.17458743,204.5,0.0,206.3,BID
342,1712370195.5786529,1332418.17510084,204.7,2.6215214798446254e-13,206.3,BID
343,1712370210.4076562,1332418.17510084,204.7,0.0,206.3,BID
344,1712370240.6209192,1332418.17510084,204.7,0.0,206.3,BID
345,1712370270.6149857,1332418.17510084,204.7,0.0,206.3,BID
346,1712370300.4061606,1332418.17510084,204.7,0.0,206.3,BID
347,1712370329.2880604,1333049.86710084,205.5,3.275846199175985e-07,206.3,BID
348,1712370330.390832,1333049.86710084,205.5,0.0,206.3,BID
349,1712370351.975995,1333085.87683321,205.5,1.8672771601934588e-08,206.3,BID
350,1712370351.9776769,1337758.44710084,205.5,2.4229515650068308e-06,206.3,BID
351,1712370360.6048472,1337758.44710084,205.5,0.0,206.3,BID
352,1712370390.6183782,1337758.44710084,205.5,0.0,206.3,BID
353,1712370420.4083462,1337758.44710084,205.5,0.0,206.3,BID
354,1712370450.3880916,1337758.44710084,205.5,0.0,206.3,BID
355,1712370480.6185875,1337758.44710084,205.5,0.0,206.3,BID
356,1712370510.6187863,1337758.44710084,205.5,0.0,206.3,BID
357,1712370540.426524,1337758.44710084,205.5,0.0,206.3,BID
358,1712370570.4188733,1337758.44710084,205.5,0.0,206.3,BID
359,1712370600.5189724,1337758.44710084,205.5,0.0,206.3,BID
360,1712370630.4561274,1337758.44710084,205.5,0.0,206.3,BID
361,1712370660.6137865,1337758.44710084,205.5,0.0,206.3,BID
362,1712370690.643248,1337758.44710084,205.5,0.0,206.3,BID
363,1712370720.3992603,1337758.44710084,205.5,0.0,206.3,BID
364,1712370750.4392812,1337758.44710084,205.5,0.0,206.3,BID
365,1712370780.5894222,1337758.44710084,205.5,0.0,206.3,BID
366,1712370810.6297712,1337758.44710084,205.5,0.0,206.3,BID
367,1712370840.4595764,1337758.44710084,205.5,0.0,206.3,BID
368,1712370870.4404304,1337758.44710084,205.5,0.0,206.3,BID
369,1712370900.6093569,1337758.44710084,205.5,0.0,206.3,BID
370,1712370930.6088724,1337758.44710084,205.5,0.0,206.3,BID
371,1712370950.368903,1337801.76094099,205.2,2.2704024933127653e-08,206.3,BID
372,1712370960.412369,1337801.76094099,205.2,0.0,206.3,BID
373,1712370990.3974285,1337801.76094099,205.2,0.0,206.3,BID
374,1712371020.6283815,1337801.76094099,205.2,0.0,206.3,BID
375,1712371031.6584578,1340243.13917712,204.7,-1.2797030675845017e-06,206.3,ASK
376,1712371031.668327,1340293.13866371,204.7,-2.6208350439112628e-08,206.3,ASK
377,1712371050.6182346,1340293.13866371,204.7,-0.0,206.3,ASK
378,1712371080.3880594,1340293.13866371,204.7,-0.0,206.3,ASK
379,1712371110.4080586,1340293.13866371,204.7,-0.0,206.3,ASK
380,1712371140.637924,1340293.13866371,204.7,-0.0,206.3,ASK
381,1712371170.5977468,1340293.13866371,204.7,-0.0,206.3,ASK
382,1712371200.508114,1340293.13866371,204.7,-0.0,206.3,ASK
383,1712371230.3889198,1340293.13866371,204.7,-0.0,206.3,ASK
384,1712371260.6274948,1340293.13866371,204.7,-0.0,206.3,ASK
385,1712371290.6289735,1340293.13866371,204.7,-0.0,206.3,ASK
386,1712371320.417668,1340293.13866371,204.7,-0.0,206.3,ASK
387,1712371350.4272003,1340293.13866371,204.7,-0.0,206.3,ASK
388,1712371380.5926557,1340293.13866371,204.7,-0.0,206.3,ASK
389,1712371410.6356392,1340293.13866371,204.7,-0.0,206.3,ASK
390,1712371425.04718,1340849.00166371,204.7,2.929428041655033e-07,206.3,BID
391,1712371440.4671392,1340849.00166371,204.7,0.0,206.3,BID
392,1712371470.387013,1340849.00166371,204.7,0.0,206.3,BID
393,1712371500.4268918,1340849.00166371,204.7,0.0,206.3,BID
394,1712371530.40021,1340849.00166371,204.7,0.0,206.3,BID
395,1712371560.432094,1340849.00166371,204.7,0.0,206.3,BID
396,1712371590.3970292,1340849.00166371,204.7,0.0,206.3,BID
397,1712371620.5999863,1340849.00166371,204.7,0.0,206.3,BID
398,1712371650.6089704,1340849.00166371,204.7,0.0,206.3,BID
399,1712371680.4289258,1340849.00166371,204.7,0.0,206.3,BID
400,1712371710.418036,1340849.00166371,204.7,0.0,206.3,BID
401,1712371740.5137744,1340849.00166371,204.7,0.0,206.3,BID
402,1712371770.4438615,1340849.00166371,204.7,0.0,206.3,BID
403,1712371792.8369136,1340849.00224703,204.7,3.090025282832367e-13,206.3,BID
404,1712371800.4777155,1340849.00224703,204.7,0.0,206.3,BID
405,1712371830.3915358,1340849.00224703,204.7,0.0,206.3,BID
406,1712371860.607751,1340849.00224703,204.7,0.0,206.3,BID
407,1712371890.5978436,1340849.00224703,204.7,0.0,206.3,BID
408,1712371920.41823,1340849.00224703,204.7,0.0,206.3,BID
409,1712371943.0869625,1364814.46817383,204.8,-1.2791139652748382e-05,206.3,ASK
410,1712371950.43964,1364814.46817383,204.8,-0.0,206.3,ASK
411,1712371980.6220407,1364814.46817383,204.8,-0.0,206.3,ASK
412,1712372010.600423,1364814.46817383,204.8,-0.0,206.3,ASK
413,1712372017.6620731,1364860.78591352,204.8,2.465667553025341e-08,206.3,BID
414,1712372040.413274,1364860.78591352,204.8,0.0,206.3,BID
415,1712372070.3965116,1364860.78591352,204.8,0.0,206.3,BID
416,1712372086.8265777,1365805.08786496,204.9,-5.026849194730497e-07,206.3,ASK
417,1712372100.596664,1365805.08786496,204.9,-0.0,206.3,ASK
418,1712372130.5968032,1365805.08786496,204.9,-0.0,206.3,ASK
419,1712372160.416607,1365805.08786496,204.9,-0.0,206.3,ASK
420,1712372190.432521,1365805.08786496,204.9,-0.0,206.3,ASK
421,1712372220.626525,1365805.08786496,204.9,-0.0,206.3,ASK
422,1712372250.607269,1365805.08786496,204.9,-0.0,206.3,ASK
423,1712372280.436619,1365805.08786496,204.9,-0.0,206.3,ASK
424,1712372310.4066143,1365805.08786496,204.9,-0.0,206.3,ASK
425,1712372326.6567905,1367119.08686496,205.5,7.146418078474192e-07,206.3,BID
426,1712372328.2568247,1368112.57486496,205.5,5.40326180153027e-07,206.3,BID
427,1712372336.8367548,1368467.41357463,205.5,1.9298536526493905e-07,206.3,BID
428,1712372336.8408282,1370927.89447447,205.5,1.338176450998831e-06,206.3,BID
429,1712372340.451185,1370927.89447447,205.5,0.0,206.3,BID
430,1712372370.4097288,1370927.89447447,205.5,0.0,206.3,BID
431,1712372400.5269325,1370927.89447447,205.5,0.0,206.3,BID
432,1712372430.4875937,1370927.89447447,205.5,0.0,206.3,BID
433,1712372460.6166527,1370927.89447447,205.5,0.0,206.3,BID
434,1712372490.606932,1370927.89447447,205.5,0.0,206.3,BID
435,1712372520.4722688,1370927.89447447,205.5,0.0,206.3,BID
436,1712372550.4109623,1370927.89447447,205.5,0.0,206.3,BID
437,1712372580.596793,1370927.89447447,205.5,0.0,206.3,BID
438,1712372610.626922,1370927.89447447,205.5,0.0,206.3,BID
439,1712372640.4431703,1370927.89447447,205.5,0.0,206.3,BID
440,1712372653.7069342,1370976.48533938,205.8,2.6526261015143373e-08,206.3,BID
441,1712372670.4854643,1370976.48533938,205.8,0.0,206.3,BID
442,1712372700.6168418,1370976.48533938,205.8,0.0,206.3,BID
443,1712372715.886994,1371025.14713986,205.5,-2.659368728313382e-08,206.3,ASK
444,1712372715.8913682,1371073.57444938,205.2,-2.6465537909228212e-08,206.3,ASK
445,1712372730.5868688,1371073.57444938,205.2,-0.0,206.3,ASK
446,1712372760.4453497,1371073.57444938,205.2,-0.0,206.3,ASK
447,1712372790.4045794,1371073.57444938,205.2,-0.0,206.3,ASK
448,1712372820.6074617,1371073.57444938,205.2,-0.0,206.3,ASK
449,1712372832.5870836,1372605.76244938,205.8,8.373320380809291e-07,206.3,BID
450,1712372835.0569582,1377454.96244938,205.8,2.6500602530902115e-06,206.3,BID
451,1712372850.6269984,1377454.96244938,205.8,0.0,206.3,BID
452,1712372880.393509,1377454.96244938,205.8,0.0,206.3,BID
453,1712372909.2579577,1377480.22969913,205.8,1.3798505191615042e-08,206.3,BID
454,1712372910.476091,1377480.22969913,205.8,0.0,206.3,BID
455,1712372912.886357,1377631.53264431,205.8,8.26266636292419e-08,206.3,BID
456,1712372912.8905628,1382480.22969913,205.9,2.647877475959397e-06,206.3,BID
457,1712372940.6003177,1382480.22969913,205.9,0.0,206.3,BID
458,1712372951.5054224,1383063.03688708,205.9,3.180926553572072e-07,206.3,BID
459,1712372970.5940762,1383063.03688708,205.9,0.0,206.3,BID
460,1712372987.8547091,1384762.52711282,205.9,9.27510788664592e-07,206.3,BID
461,1712373000.4540627,1384762.52711282,205.9,0.0,206.3,BID
462,1712373010.8043168,1395884.52711282,205.3,-6.069466853173024e-06,206.3,ASK
463,1712373010.9439676,1404763.76737682,205.3,4.845554258560343e-06,206.3,BID
464,1712373010.9642043,1404763.76737751,205.3,3.764778619708759e-16,206.3,BID
465,1712373030.4265418,1404763.76737751,205.3,0.0,206.3,BID
466,1712373060.583048,1404763.76737751,205.3,0.0,206.3,BID
467,1712373090.6045177,1404763.76737751,205.3,0.0,206.3,BID
468,1712373120.4195173,1404763.76737751,205.3,0.0,206.3,BID
469,1712373150.4254086,1404763.76737751,205.3,0.0,206.3,BID
470,1712373177.0714934,1404834.09161202,205.9,3.8291340031477456e-08,206.3,BID
471,1712373177.076042,1404883.03837751,205.9,2.665137066718256e-08,206.3,BID
472,1712373180.5810142,1404883.03837751,205.9,0.0,206.3,BID
473,1712373210.5905244,1404883.03837751,205.9,0.0,206.3,BID
474,1712373240.3842535,1404883.03837751,205.9,0.0,206.3,BID
475,1712373270.423274,1404883.03837751,205.9,0.0,206.3,BID
476,1712373300.4300537,1404883.03837751,205.9,0.0,206.3,BID
477,1712373330.399501,1404883.03837751,205.9,0.0,206.3,BID
478,1712373339.041673,1404883.03923806,205.9,4.71422285548172e-13,206.3,BID
479,1712373339.1489477,1406278.98627681,205.9,-7.647208906944862e-07,206.3,ASK
480,1712373341.0795658,1406812.96685934,206.0,2.925226354227879e-07,206.3,BID
481,1712373341.0833347,1408382.86707898,206.0,8.600150728780118e-07,206.3,BID
482,1712373360.568613,1408382.86707898,206.0,0.0,206.3,BID
483,1712373378.2881565,1409750.21356445,206.0,7.487574067477197e-07,206.3,BID
484,1712373390.6081605,1409750.21356445,206.0,0.0,206.3,BID
485,1712373404.208068,1410750.21256445,206.1,5.475138836539141e-07,206.3,BID
486,1712373404.2881482,1412709.94185191,206.1,1.072980066067524e-06,206.3,BID
487,1712373420.423844,1412709.94185191,206.1,0.0,206.3,BID
488,1712373450.498592,1412709.94185191,206.1,0.0,206.3,BID
489,1712373468.817519,1414216.99186591,206.2,8.248561425659032e-07,206.3,BID
490,1712373468.937493,1416447.83570695,206.2,1.2210113986218966e-06,206.3,BID
491,1712373469.6207442,1417843.66815495,206.2,7.639832507414949e-07,206.3,BID
492,1712373474.2025526,1419196.89820895,206.2,7.4066561293744e-07,206.3,BID
493,1712373480.457394,1419196.89820895,206.2,0.0,206.3,BID
494,1712373500.6557436,1422696.89820895,206.2,1.914259248691911e-06,206.3,BID
495,1712373510.4091818,1422696.89820895,206.2,0.0,206.3,BID
496,1712373514.404775,1427539.27020895,206.2,2.6473994139960554e-06,206.3,BID
497,1712373514.4595797,1429366.42202811,206.2,9.989320637336354e-07,206.3,BID
498,1712373514.4619355,1430584.72941895,206.2,6.660674298829095e-07,206.3,BID
499,1712373514.4971547,1430584.72941907,206.2,6.568272452795952e-17,206.3,BID
500,1712373540.631876,1430584.72941907,206.2,0.0,206.3,BID
501,1712373570.5765004,1430584.72941907,206.2,0.0,206.3,BID
502,1712373600.4570513,1430584.72941907,206.2,0.0,206.3,BID
503,1712373617.0162332,1430675.51041907,206.3,5.029711349110572e-08,206.3,BID
504,1712373619.417343,1430742.62341907,206.3,3.718388404759648e-08,206.3,BID
505,1712373630.4041166,1430742.62341907,206.3,0.0,206.3,BID
506,1712373660.5858023,1430742.62341907,206.3,0.0,206.3,BID
507,1712373690.58341,1430742.62341907,206.3,0.0,206.3,BID
508,1712373705.7755947,1430742.62415591,206.3,4.0823806469812093e-13,206.3,BID
509,1712373706.1756518,1431324.31215591,206.4,3.222777822135677e-07,206.4,BID
510,1712373720.4520972,1431324.31215591,206.4,0.0,206.4,BID
511,1712373738.0853248,1431324.31313877,206.4,5.445063861754796e-13,206.4,BID
512,1712373738.9157171,1431349.50745482,206.5,1.3957702819550422e-08,206.5,BID
513,1712373738.9204023,1431446.35915591,206.5,5.3656041255451774e-08,206.5,BID
514,1712373742.205792,1431446.35975507,206.5,3.319357921208555e-13,206.5,BID
515,1712373742.2105136,1431471.45066416,206.6,1.3900415151448788e-08,206.6,BID
516,1712373742.2150774,1432415.99956613,206.7,5.232820309964567e-07,206.7,BID
517,1712373743.3303976,1432932.72656613,206.7,2.862678189204665e-07,206.7,BID
518,1712373750.3976903,1432932.72656613,206.7,0.0,206.7,BID
519,1712373780.5765977,1432932.72656613,206.7,0.0,206.7,BID
520,1712373803.6062229,1432932.72684535,206.7,1.5465987073856344e-13,206.7,BID
521,1712373804.20502,1433133.72656613,206.8,1.1133375385883209e-07,206.8,BID
522,1712373805.165249,1433181.72559735,206.8,2.6586665426958853e-08,206.8,BID
523,1712373805.169842,1433302.81656613,206.8,6.70722927392644e-08,206.8,BID
524,1712373810.594955,1433302.81656613,206.8,0.0,206.8,BID
525,1712373840.3947668,1433302.81656613,206.8,0.0,206.8,BID
526,1712373848.5648556,1433351.95506613,206.7,-2.7216663449552883e-08,206.8,ASK
527,1712373849.8146389,1433351.95603491,206.8,5.365844821066798e-13,206.8,BID
528,1712373870.4043727,1433351.95603491,206.8,0.0,206.8,BID
529,1712373888.3327231,1435376.10062623,206.8,-1.1211199403551256e-06,206.8,ASK
530,1712373888.4046414,1437570.33785693,206.8,-1.2153297366978252e-06,206.8,ASK
531,1712373888.4076052,1438187.5450081,206.8,-3.418546518237269e-07,206.8,ASK
532,1712373888.4102695,1443709.08210465,206.7,-3.058232779860675e-06,206.8,ASK
533,1712373888.5043993,1444134.34364672,206.6,-2.355410758328629e-07,206.8,ASK
534,1712373900.5743778,1444134.34364672,206.6,-0.0,206.8,ASK
535,1712373930.5948615,1444134.34364672,206.6,-0.0,206.8,ASK
536,1712373937.3946283,1444234.10872614,206.6,-5.5201050354227447e-08,206.8,ASK
537,1712373942.8345385,1444661.86072614,206.6,2.366796060141873e-07,206.8,BID
538,1712373960.4420328,1444661.86072614,206.6,0.0,206.8,BID
539,1712373962.6450746,1449675.12369775,206.6,2.7737229938738183e-06,206.8,BID
540,1712373973.0043037,1452014.12369775,206.2,-1.294114854818249e-06,206.8,ASK
541,1712373973.1243606,1454348.40281066,206.2,1.2915028966689582e-06,206.8,BID
542,1712373973.144685,1456299.6624187,206.2,1.079587021963029e-06,206.8,BID
543,1712373973.224442,1456821.05001928,206.2,2.884717567458823e-07,206.8,BID
544,1712373990.388201,1456821.05001928,206.2,0.0,206.8,BID
545,1712374020.5741158,1456821.05001928,206.2,0.0,206.8,BID
546,1712374050.6040215,1456821.05001928,206.2,0.0,206.8,BID
547,1712374080.4038048,1456821.05001928,206.2,0.0,206.8,BID
548,1712374110.4170403,1456821.05001928,206.2,0.0,206.8,BID
549,1712374140.603566,1456821.05001928,206.2,0.0,206.8,BID
550,1712374157.863616,1457307.05001928,206.2,-2.685198261098889e-07,206.8,ASK
551,1712374157.8683786,1457573.78134808,206.2,-1.4737170787530177e-07,206.8,ASK
552,1712374159.6835935,1458149.54834808,206.2,3.181169850201861e-07,206.8,BID
553,1712374170.5971315,1458149.54834808,206.2,0.0,206.8,BID
554,1712374175.5135355,1458149.54901928,206.2,3.7078853908893494e-13,206.8,BID
555,1712374200.484717,1458149.54901928,206.2,0.0,206.8,BID
556,1712374230.3989797,1458149.54901928,206.2,0.0,206.8,BID
557,1712374260.5929306,1458149.54901928,206.2,0.0,206.8,BID
558,1712374283.003112,1458292.06901928,206.5,7.877531655477395e-08,206.8,BID
559,1712374290.612259,1458292.06901928,206.5,0.0,206.8,BID
560,1712374320.430467,1458292.06901928,206.5,0.0,206.8,BID
561,1712374337.3825035,1460078.39401928,206.5,9.873423260075442e-07,206.8,BID
562,1712374350.4024155,1460078.39401928,206.5,0.0,206.8,BID
563,1712374372.7371962,1460368.88227135,206.5,1.6052671351733642e-07,206.8,BID
564,1712374372.739603,1460589.08401928,206.5,1.2168568833380912e-07,206.8,BID
565,1712374380.58242,1460589.08401928,206.5,0.0,206.8,BID
566,1712374410.6457586,1460589.08401928,206.5,0.0,206.8,BID
567,1712374440.4435542,1460589.08401928,206.5,0.0,206.8,BID
568,1712374470.408294,1460589.08401928,206.5,0.0,206.8,BID
569,1712374500.5920606,1460589.08401928,206.5,0.0,206.8,BID
570,1712374530.616649,1460589.08401928,206.5,0.0,206.8,BID
571,1712374532.4319458,1461525.17287557,206.5,-5.172633493580361e-07,206.8,ASK
572,1712374560.421516,1461525.17287557,206.5,-0.0,206.8,ASK
573,1712374590.4128482,1461525.17287557,206.5,-0.0,206.8,ASK
574,1712374620.59164,1461525.17287557,206.5,-0.0,206.8,ASK
575,1712374636.3718596,1462683.48787557,206.6,6.399925613567628e-07,206.8,BID
576,1712374650.6216652,1462683.48787557,206.6,0.0,206.8,BID
577,1712374655.5616453,1466433.68487557,206.6,2.071786067419633e-06,206.8,BID
578,1712374657.741511,1471267.71187557,206.6,2.670544984204969e-06,206.8,BID
579,1712374670.4116125,1472348.93987557,206.6,5.973214490075595e-07,206.8,BID
580,1712374672.6015377,1473528.28587557,206.6,6.51526469534108e-07,206.8,BID
581,1712374677.1217654,1474937.28587557,206.6,7.783981932134016e-07,206.8,BID
582,1712374678.9114676,1479770.44487557,206.6,2.6700654599808936e-06,206.8,BID
583,1712374680.2703354,1480024.59760894,206.6,1.4040598187042358e-07,206.8,BID
584,1712374680.2731016,1480833.24402657,206.6,4.467344999515893e-07,206.8,BID
585,1712374680.3317106,1480858.85202657,206.7,1.4147069504352985e-08,206.8,BID
586,1712374680.3361604,1480858.85202662,206.7,2.7654730130695802e-17,206.8,BID
587,1712374680.4262495,1480858.85202662,206.7,0.0,206.8,BID
588,1712374710.4123173,1480858.85202662,206.7,0.0,206.8,BID
589,1712374740.4624736,1480858.85202662,206.7,0.0,206.8,BID
590,1712374746.8115494,1481858.85202662,206.5,-5.51303606798186e-07,206.8,ASK
591,1712374770.4578233,1481858.85202662,206.5,-0.0,206.8,ASK
592,1712374800.4612205,1481858.85202662,206.5,-0.0,206.8,ASK
593,1712374830.4310217,1481858.85202662,206.5,-0.0,206.8,ASK
594,1712374860.5813122,1481858.85202662,206.5,-0.0,206.8,ASK
595,1712374890.5917313,1481858.85202662,206.5,-0.0,206.8,ASK
596,1712374920.3982573,1481858.85202662,206.5,-0.0,206.8,ASK
597,1712374950.4105835,1481858.85202662,206.5,-0.0,206.8,ASK
598,1712374980.5726137,1481858.85202662,206.5,-0.0,206.8,ASK
599,1712375010.604948,1481858.85202662,206.5,-0.0,206.8,ASK
600,1712375039.6541312,1482206.84622671,206.9,1.919343976476059e-07,206.9,BID
601,1712375040.3980122,1482206.84622671,206.9,0.0,206.9,BID
602,1712375070.4257183,1482206.84622671,206.9,0.0,206.9,BID
603,1712375098.655356,1482659.63073034,206.5,-2.497210297814351e-07,206.9,ASK
604,1712375098.665422,1482685.26874486,206.5,-1.4139952529667236e-08,206.9,ASK
605,1712375100.4256823,1482685.26874486,206.5,-0.0,206.9,ASK
606,1712375112.5160046,1483545.17480556,206.5,4.780041651057808e-07,206.9,BID
607,1712375130.3956745,1483545.17480556,206.5,0.0,206.9,BID
608,1712375160.5674548,1483545.17480556,206.5,0.0,206.9,BID
609,1712375163.5468457,1485606.93875804,206.2,-1.1459792315209831e-06,206.9,ASK
610,1712375163.5666702,1487414.41866672,206.2,-1.0046418913507872e-06,206.9,ASK
611,1712375163.6069374,1491172.70586314,206.2,-2.0889486732987844e-06,206.9,ASK
612,1712375163.6166368,1493132.43515129,206.2,-1.089265849721342e-06,206.9,ASK
613,1712375163.6470704,1493244.49585308,206.2,-6.22861005822535e-08,206.9,ASK
614,1712375163.6567411,1493292.99245831,206.1,-2.6955608728162892e-08,206.9,ASK
615,1712375190.6285808,1493292.99245831,206.1,-0.0,206.9,ASK
616,1712375220.514063,1493292.99245831,206.1,-0.0,206.9,ASK
617,1712375250.3882146,1493292.99245831,206.1,-0.0,206.9,ASK
618,1712375280.5798862,1493292.99245831,206.1,-0.0,206.9,ASK
619,1712375310.5890183,1493292.99245831,206.1,-0.0,206.9,ASK
620,1712375310.6490448,1493372.33226413,206.0,-4.4049807305983984e-08,206.9,ASK
621,1712375310.659237,1495923.42686524,206.0,-1.4163788836734438e-06,206.9,ASK
622,1712375323.5950956,1496336.27536609,206.0,-2.2921529389996105e-07,206.9,ASK
623,1712375340.4306493,1496336.27536609,206.0,-0.0,206.9,ASK
624,1712375370.3973272,1496336.27536609,206.0,-0.0,206.9,ASK
625,1712375400.44023,1496336.27536609,206.0,-0.0,206.9,ASK
626,1712375430.4203646,1496336.27536609,206.0,-0.0,206.9,ASK
627,1712375460.580606,1496336.27536609,206.0,-0.0,206.9,ASK
628,1712375490.610916,1496336.27536609,206.0,-0.0,206.9,ASK
629,1712375520.416463,1496336.27536609,206.0,-0.0,206.9,ASK
630,1712375550.4122007,1496336.27536609,206.0,-0.0,206.9,ASK
631,1712375580.6218565,1496336.27536609,206.0,-0.0,206.9,ASK
632,1712375594.2120993,1496541.20114348,206.0,-1.1421616428227077e-07,206.9,ASK
633,1712375610.5920568,1496541.20114348,206.0,-0.0,206.9,ASK
634,1712375640.4344094,1496541.20114348,206.0,-0.0,206.9,ASK
635,1712375670.4226005,1496541.20114348,206.0,-0.0,206.9,ASK
636,1712375700.4227111,1496541.20114348,206.0,-0.0,206.9,ASK
637,1712375730.4447114,1496541.20114348,206.0,-0.0,206.9,ASK
638,1712375760.613771,1496541.20114348,206.0,-0.0,206.9,ASK
639,1712375790.5910132,1496541.20114348,206.0,-0.0,206.9,ASK
640,1712375820.414101,1496541.20114348,206.0,-0.0,206.9,ASK
641,1712375850.4553545,1496541.20114348,206.0,-0.0,206.9,ASK
642,1712375852.5438468,1497452.11814348,206.5,5.092793191398325e-07,206.9,BID
643,1712375880.624132,1497452.11814348,206.5,0.0,206.9,BID
644,1712375910.6257782,1497452.11814348,206.5,0.0,206.9,BID
645,1712375940.4250596,1497452.11814348,206.5,0.0,206.9,BID
646,1712375944.0342386,1497749.26314348,206.5,1.6611161080765e-07,206.9,BID
647,1712375970.4143207,1497749.26314348,206.5,0.0,206.9,BID
648,1712375990.2846005,1498250.94714348,206.5,2.804444930080663e-07,206.9,BID
649,1712376000.534574,1498250.94714348,206.5,0.0,206.9,BID
650,1712376004.2347088,1498250.94759338,206.5,2.517123021327184e-13,206.9,BID
651,1712376004.2446404,1498702.46359829,206.5,2.526164047266638e-07,206.9,BID
652,1712376004.3446493,1498974.97875871,206.6,-1.524681280623219e-07,206.9,ASK
653,1712376004.4648087,1499846.22754861,206.6,-4.874505765767119e-07,206.9,ASK
654,1712376030.483092,1499846.22754861,206.6,-0.0,206.9,ASK
655,1712376060.5954342,1499846.22754861,206.6,-0.0,206.9,ASK
656,1712376090.6175816,1499846.22754861,206.6,-0.0,206.9,ASK
657,1712376120.415504,1499846.22754861,206.6,-0.0,206.9,ASK
658,1712376123.9755151,1505396.73817823,206.6,-3.1048546543022723e-06,206.9,ASK
659,1712376124.055569,1506112.9865646,206.6,-4.006563151487411e-07,206.9,ASK
660,1712376124.0680437,1510234.59030734,206.6,-2.305550140836785e-06,206.9,ASK
661,1712376124.0706005,1511237.11003572,206.6,-5.60791295143182e-07,206.9,ASK
662,1712376150.4355457,1511237.11003572,206.6,-0.0,206.9,ASK
663,1712376180.5958354,1511237.11003572,206.6,-0.0,206.9,ASK
664,1712376210.5959728,1511237.11003572,206.6,-0.0,206.9,ASK
665,1712376240.459451,1511237.11003572,206.6,-0.0,206.9,ASK
666,1712376270.4267552,1511237.11003572,206.6,-0.0,206.9,ASK
667,1712376285.3160698,1511285.48932938,206.7,2.702691770670524e-08,206.9,BID
668,1712376300.5961597,1511285.48932938,206.7,0.0,206.9,BID
669,1712376330.6064403,1511285.48932938,206.7,0.0,206.9,BID
670,1712376360.413179,1511285.48932938,206.7,0.0,206.9,BID
671,1712376390.5757194,1511285.48932938,206.7,0.0,206.9,BID
672,1712376420.596383,1511285.48932938,206.7,0.0,206.9,BID
673,1712376423.6765904,1516123.41869561,206.7,2.7053742127715225e-06,206.9,BID
674,1712376423.681918,1518898.00303231,206.7,1.5515499188689126e-06,206.9,BID
675,1712376423.7566528,1522087.83368211,206.7,-1.783756010022571e-06,206.9,ASK
676,1712376450.6112878,1522087.83368211,206.7,-0.0,206.9,ASK
677,1712376480.4179535,1522087.83368211,206.7,-0.0,206.9,ASK
678,1712376510.409691,1522087.83368211,206.7,-0.0,206.9,ASK
679,1712376540.6068172,1522087.83368211,206.7,-0.0,206.9,ASK
680,1712376570.6169748,1522087.83368211,206.7,-0.0,206.9,ASK
681,1712376600.446175,1522087.83368211,206.7,-0.0,206.9,ASK
682,1712376630.4270966,1522087.83368211,206.7,-0.0,206.9,ASK
683,1712376660.596993,1522087.83368211,206.7,-0.0,206.9,ASK
684,1712376663.9972525,1522136.21297577,206.7,-2.7131054392771266e-08,206.9,ASK
685,1712376690.5986452,1522136.21297577,206.7,-0.0,206.9,ASK
686,1712376720.4898643,1522136.21297577,206.7,-0.0,206.9,ASK
687,1712376750.428774,1522136.21297577,206.7,-0.0,206.9,ASK
688,1712376780.6072783,1522136.21297577,206.7,-0.0,206.9,ASK
689,1712376810.617271,1522136.21297577,206.7,-0.0,206.9,ASK
690,1712376840.4059486,1522136.21297577,206.7,-0.0,206.9,ASK
691,1712376870.4237037,1522136.21297577,206.7,-0.0,206.9,ASK
692,1712376900.4854684,1522136.21297577,206.7,-0.0,206.9,ASK
693,1712376930.4171224,1522136.21297577,206.7,-0.0,206.9,ASK
694,1712376944.247229,1522542.57738019,206.7,-2.29964368130807e-07,206.9,ASK
695,1712376960.6071904,1522542.57738019,206.7,-0.0,206.9,ASK
696,1712376984.967193,1522908.30534417,206.7,-2.069580938484674e-07,206.9,ASK
697,1712376990.6069458,1522908.30534417,206.7,-0.0,206.9,ASK
698,1712377020.396062,1522908.30534417,206.7,-0.0,206.9,ASK
699,1712377023.9461696,1526445.54832779,206.7,-2.0015689871227028e-06,206.9,ASK
700,1712377050.4057148,1526445.54832779,206.7,-0.0,206.9,ASK
701,1712377058.2051544,1528933.99937526,206.7,-1.4075218007747566e-06,206.9,ASK
702,1712377058.2091851,1529270.73158461,206.7,-1.9046302966861562e-07,206.9,ASK
703,1712377080.6045969,1529270.73158461,206.7,-0.0,206.9,ASK
704,1712377110.6571958,1529270.73158461,206.7,-0.0,206.9,ASK
705,1712377140.3950317,1529270.73158461,206.7,-0.0,206.9,ASK
706,1712377170.412828,1529270.73158461,206.7,-0.0,206.9,ASK
707,1712377189.782654,1530355.61675398,206.7,6.134319266938583e-07,206.9,BID
708,1712377189.7926574,1535233.66553446,206.7,2.75821897690226e-06,206.9,BID
709,1712377200.442114,1535233.66553446,206.7,0.0,206.9,BID
710,1712377230.407988,1535233.66553446,206.7,0.0,206.9,BID
711,1712377260.5909853,1535233.66553446,206.7,0.0,206.9,BID
712,1712377290.5909705,1535233.66553446,206.7,0.0,206.9,BID
713,1712377320.450748,1535233.66553446,206.7,0.0,206.9,BID
714,1712377321.060752,1537120.28505448,206.7,-1.0691946842807995e-06,206.9,ASK
715,1712377332.220549,1537686.27091048,206.7,-3.207584052809015e-07,206.9,ASK
716,1712377350.5585434,1537686.27091048,206.7,-0.0,206.9,ASK
717,1712377380.58118,1537686.27091048,206.7,-0.0,206.9,ASK
718,1712377410.5892012,1537686.27091048,206.7,-0.0,206.9,ASK
719,1712377440.415028,1537686.27091048,206.7,-0.0,206.9,ASK
720,1712377470.3917649,1537686.27091048,206.7,-0.0,206.9,ASK
721,1712377500.5780766,1537686.27091048,206.7,-0.0,206.9,ASK
722,1712377530.567691,1537686.27091048,206.7,-0.0,206.9,ASK
723,1712377533.137662,1539642.72991055,206.7,-1.1115184528032872e-06,206.9,ASK
724,1712377558.2174857,1541523.3975448,206.7,1.0684592822973845e-06,206.9,BID
725,1712377560.5031867,1541523.3975448,206.7,0.0,206.9,BID
726,1712377590.3873005,1541523.3975448,206.7,0.0,206.9,BID
727,1712377620.6171975,1541523.3975448,206.7,0.0,206.9,BID
728,1712377650.6063778,1541523.3975448,206.7,0.0,206.9,BID
729,1712377669.156493,1541571.82369492,206.5,-2.7499843367893604e-08,206.9,ASK
730,1712377669.296332,1543404.06517905,206.5,1.040478206527208e-06,206.9,BID
731,1712377680.4087598,1543404.06517905,206.5,0.0,206.9,BID
732,1712377710.4299214,1543404.06517905,206.5,0.0,206.9,BID
733,1712377740.455029,1543404.06517905,206.5,0.0,206.9,BID
734,1712377770.673758,1543404.06517905,206.5,0.0,206.9,BID
735,1712377800.4706106,1543404.06517905,206.5,0.0,206.9,BID
736,1712377830.4148457,1543404.06517905,206.5,0.0,206.9,BID
737,1712377860.584682,1543404.06517905,206.5,0.0,206.9,BID
738,1712377890.5745456,1543404.06517905,206.5,0.0,206.9,BID
739,1712377912.695059,1544525.81885224,206.5,-6.374913927835516e-07,206.9,ASK
740,1712377912.701372,1546876.16380721,206.5,-1.335698482363561e-06,206.9,ASK
741,1712377920.4142585,1546876.16380721,206.5,-0.0,206.9,ASK
742,1712377938.964138,1547460.19180721,206.7,3.317672942500656e-07,206.9,BID
743,1712377939.0642643,1547876.96653913,206.7,2.367561574461227e-07,206.9,BID
744,1712377939.067332,1549705.22918318,206.8,1.0385764905021514e-06,206.9,BID
745,1712377950.4350982,1549705.22918318,206.8,0.0,206.9,BID
746,1712377978.183906,1549945.83905232,206.8,1.3663723042381984e-07,206.9,BID
747,1712377980.593894,1549945.83905232,206.8,0.0,206.9,BID
748,1712378005.4540086,1550351.55769313,206.8,2.303924822976699e-07,206.9,BID
749,1712378005.460217,1551154.73653781,206.8,4.560953063070411e-07,206.9,BID
750,1712378010.603727,1551154.73653781,206.8,0.0,206.9,BID
751,1712378019.2438743,1551179.39804651,206.8,1.4002363030416176e-08,206.9,BID
752,1712378031.2535822,1553099.36285197,206.8,1.0901216360517733e-06,206.9,BID
753,1712378040.3851748,1553099.36285197,206.8,0.0,206.9,BID
754,1712378070.4177084,1553099.36285197,206.8,0.0,206.9,BID
755,1712378100.553064,1553099.36285197,206.8,0.0,206.9,BID
756,1712378130.5828018,1553099.36285197,206.8,0.0,206.9,BID
757,1712378160.385749,1553099.36285197,206.8,0.0,206.9,BID
758,1712378190.3988814,1553099.36285197,206.8,0.0,206.9,BID
759,1712378220.4424884,1553099.36285197,206.8,0.0,206.9,BID
760,1712378250.4013553,1553099.36285197,206.8,0.0,206.9,BID
761,1712378280.5822031,1553099.36285197,206.8,0.0,206.9,BID
762,1712378310.602937,1553099.36285197,206.8,0.0,206.9,BID
763,1712378311.1321206,1553314.13525016,206.8,-1.249189233202637e-07,206.9,ASK
764,1712378340.401783,1553314.13525016,206.8,-0.0,206.9,ASK
765,1712378341.3018866,1554622.90225016,206.9,7.612036860167082e-07,206.9,BID
766,1712378370.4209487,1554622.90225016,206.9,0.0,206.9,BID
767,1712378398.2623096,1555781.53506383,206.9,6.737766833303234e-07,206.9,BID
768,1712378400.3915253,1555781.53506383,206.9,0.0,206.9,BID
769,1712378402.2419894,1556049.44406383,206.9,1.565204695491156e-07,206.9,BID
770,1712378403.5417745,1556845.82876319,206.9,4.652718164957717e-07,206.9,BID
771,1712378403.5482442,1557973.43905861,206.9,6.587837396562733e-07,206.9,BID
772,1712378416.2116816,1559723.43805861,207.0,1.0224018797073215e-06,207.0,BID
773,1712378421.4918876,1559752.62093798,206.9,-1.7049513012919556e-08,207.0,ASK
774,1712378430.4157035,1559752.62093798,206.9,-0.0,207.0,ASK
775,1712378460.591438,1559752.62093798,206.9,-0.0,207.0,ASK
776,1712378463.151164,1559799.44306383,206.9,-2.7341762405254325e-08,207.0,ASK
777,1712378469.471221,1564585.87371711,206.9,2.795034341465504e-06,207.0,BID
778,1712378473.8512695,1569419.12649624,206.9,-2.822376103870895e-06,207.0,ASK
779,1712378473.9789598,1571638.42932227,206.9,-1.2959610328031283e-06,207.0,ASK
780,1712378490.5933611,1571638.42932227,206.9,-0.0,207.0,ASK
781,1712378520.4174235,1571638.42932227,206.9,-0.0,207.0,ASK
782,1712378530.7413068,1572367.41069143,206.9,4.250779642854469e-07,207.0,BID
783,1712378530.7470453,1586128.7107516,207.0,8.024382601489275e-06,207.0,BID
784,1712378550.4134288,1586128.7107516,207.0,0.0,207.0,BID
785,1712378579.1908052,1586660.36855731,206.9,-3.0947490746821455e-07,207.0,ASK
786,1712378580.591203,1586660.36855731,206.9,-0.0,207.0,ASK
787,1712378610.5606208,1586660.36855731,206.9,-0.0,207.0,ASK
788,1712378640.400417,1586660.36855731,206.9,-0.0,207.0,ASK
789,1712378670.3904169,1586660.36855731,206.9,-0.0,207.0,ASK
790,1712378685.7406454,1587660.36855731,206.9,5.820568975462242e-07,207.0,BID
791,1712378685.7463338,1593493.62133644,206.9,3.3952850152233705e-06,207.0,BID
792,1712378700.5091214,1593493.62133644,206.9,0.0,207.0,BID
793,1712378730.402479,1593493.62133644,206.9,0.0,207.0,BID
794,1712378760.5600889,1593493.62133644,206.9,0.0,207.0,BID
795,1712378790.5900252,1593493.62133644,206.9,0.0,207.0,BID
796,1712378797.6997793,1599027.75279323,206.8,-3.223900113868812e-06,207.0,ASK
797,1712378815.079958,1600326.87411557,206.5,-7.568012093175336e-07,207.0,ASK
798,1712378820.411503,1600326.87411557,206.5,-0.0,207.0,ASK
799,1712378850.4196413,1600326.87411557,206.5,-0.0,207.0,ASK
800,1712378880.5594623,1600326.87411557,206.5,-0.0,207.0,ASK
801,1712378910.6002283,1600326.87411557,206.5,-0.0,207.0,ASK
802,1712378940.4194548,1600326.87411557,206.5,-0.0,207.0,ASK
803,1712378970.4443188,1600326.87411557,206.5,-0.0,207.0,ASK
804,1712379000.429096,1600326.87411557,206.5,-0.0,207.0,ASK
805,1712379030.4292498,1600326.87411557,206.5,-0.0,207.0,ASK
806,1712379060.5605,1600326.87411557,206.5,-0.0,207.0,ASK
807,1712379090.5850475,1600326.87411557,206.5,-0.0,207.0,ASK
808,1712379120.4230392,1600326.87411557,206.5,-0.0,207.0,ASK
809,1712379150.4025662,1600326.87411557,206.5,-0.0,207.0,ASK
810,1712379180.5732834,1600326.87411557,206.5,-0.0,207.0,ASK
811,1712379210.5780494,1600326.87411557,206.5,-0.0,207.0,ASK
812,1712379240.3981018,1600326.87411557,206.5,-0.0,207.0,ASK
813,1712379270.418502,1600326.87411557,206.5,-0.0,207.0,ASK
814,1712379300.5759163,1600326.87411557,206.5,-0.0,207.0,ASK
815,1712379330.60287,1600326.87411557,206.5,-0.0,207.0,ASK
816,1712379360.397015,1600326.87411557,206.5,-0.0,207.0,ASK
817,1712379390.400464,1600326.87411557,206.5,-0.0,207.0,ASK
818,1712379420.5781002,1600326.87411557,206.5,-0.0,207.0,ASK
819,1712379429.5581994,1600810.89360703,206.5,-2.853275199243876e-07,207.0,ASK
820,1712379429.638343,1606655.87411557,206.5,3.445592216705484e-06,207.0,BID
821,1712379439.6388512,1609077.18162157,206.5,-1.4273509184049882e-06,207.0,ASK
822,1712379439.7589934,1611322.94564957,206.5,1.3238687527064734e-06,207.0,BID
823,1712379439.7659678,1611322.94565017,206.5,3.537002508162557e-16,207.0,BID
824,1712379440.9100466,1613568.70965017,206.9,1.3238687362004616e-06,207.0,BID
825,1712379450.598497,1613568.70965017,206.9,0.0,207.0,BID
826,1712379480.429242,1613568.70965017,206.9,0.0,207.0,BID
827,1712379510.434586,1613568.70965017,206.9,0.0,207.0,BID
828,1712379533.4198673,1614535.360206,206.5,-5.689192024542999e-07,207.0,ASK
829,1712379540.5998125,1614535.360206,206.5,-0.0,207.0,ASK
830,1712379570.6001537,1614535.360206,206.5,-0.0,207.0,ASK
831,1712379600.5131145,1614535.360206,206.5,-0.0,207.0,ASK
832,1712379629.8209865,1616738.615206,206.9,1.306772022270955e-06,207.0,BID
833,1712379630.4007237,1616738.615206,206.9,0.0,207.0,BID
834,1712379659.72124,1617122.84898513,206.9,2.2783120170766015e-07,207.0,BID
835,1712379659.7244022,1618485.40185428,206.9,8.079249520214419e-07,207.0,BID
836,1712379660.5811758,1618485.40185428,206.9,0.0,207.0,BID
837,1712379690.6213949,1618485.40185428,206.9,0.0,207.0,BID
838,1712379720.433531,1618485.40185428,206.9,0.0,207.0,BID
839,1712379750.620825,1618485.40185428,206.9,0.0,207.0,BID
840,1712379780.6022382,1618485.40185428,206.9,0.0,207.0,BID
841,1712379810.5924509,1618485.40185428,206.9,0.0,207.0,BID
842,1712379840.3950305,1618485.40185428,206.9,0.0,207.0,BID
843,1712379870.3853283,1618485.40185428,206.9,0.0,207.0,BID
844,1712379900.5930705,1618485.40185428,206.9,0.0,207.0,BID
845,1712379930.6121943,1618485.40185428,206.9,0.0,207.0,BID
846,1712379960.4182675,1618485.40185428,206.9,0.0,207.0,BID
847,1712379984.9538317,1628485.40185428,206.9,5.94803604526576e-06,207.0,BID
848,1712379984.9606898,1629823.716681,206.9,7.960344829245119e-07,207.0,BID
849,1712379984.966098,1635401.7865812,207.0,3.31785608294016e-06,207.0,BID
850,1712379990.4037402,1635401.7865812,207.0,0.0,207.0,BID
851,1712380020.4606073,1635401.7865812,207.0,0.0,207.0,BID
852,1712380050.423872,1635401.7865812,207.0,0.0,207.0,BID
853,1712380051.9213612,1636201.7855812,206.8,4.748535751046455e-07,207.0,BID
854,1712380080.8295298,1636201.7855812,206.8,0.0,207.0,BID
855,1712380086.324095,1636673.4836944,206.5,-2.79957277533873e-07,207.0,ASK
856,1712380110.6042747,1636673.4836944,206.5,-0.0,207.0,ASK
857,1712380140.3790236,1636673.4836944,206.5,-0.0,207.0,ASK
858,1712380143.9745383,1636773.4836944,206.5,-5.934751188856552e-08,207.0,ASK
859,1712380151.2647338,1636773.4846944,206.8,5.934752161638078e-13,207.0,BID
860,1712380170.4244158,1636773.4846944,206.8,0.0,207.0,BID
861,1712380185.4752233,1645173.4846944,207.0,4.9851299039585614e-06,207.0,BID
862,1712380185.482301,1671523.4846944,207.0,1.563787773444144e-05,207.0,BID
863,1712380185.4947257,1678023.4846944,207.0,3.857540997110791e-06,207.0,BID
864,1712380185.5149314,1690389.52623318,207.0,7.338848031972048e-06,207.0,BID
865,1712380185.5202532,1690438.61995859,207.0,2.9135547456953167e-08,207.0,BID
866,1712380185.525637,1691478.59897501,207.3,6.171941064576884e-07,207.3,BID
867,1712380185.5291576,1695284.88617143,207.3,2.2589090626104094e-06,207.3,BID
868,1712380185.5949192,1695332.88617143,207.5,2.8486456594048923e-08,207.5,BID
869,1712380185.600382,1695428.88617143,207.5,5.6972913188097846e-08,207.5,BID
870,1712380185.605785,1695476.88617143,207.7,2.8486456594048923e-08,207.7,BID
871,1712380185.6109772,1695524.88617143,207.6,2.8486456594048923e-08,207.7,BID
872,1712380185.6140916,1695572.88617143,207.7,2.8486456594048923e-08,207.7,BID
873,1712380185.617251,1695620.88617143,207.6,2.8486456594048923e-08,207.7,BID
874,1712380185.6206024,1695668.88617143,207.5,2.8486456594048923e-08,207.7,BID
875,1712380185.623757,1695741.84218316,207.7,4.329704711295732e-08,207.7,BID
876,1712380185.6269655,1696083.96932216,207.6,2.0304145614102785e-07,207.7,BID
877,1712380185.630159,1696131.96932216,207.7,2.8486456594048923e-08,207.7,BID
878,1712380186.975028,1700088.97762671,207.9,2.348357193955353e-06,207.9,BID
879,1712380186.9812694,1700956.73332216,207.9,5.149851031808035e-07,207.9,BID
880,1712380192.8994706,1701005.32418707,207.2,-2.883711591918078e-08,207.9,ASK
881,1712380200.4645302,1701005.32418707,207.2,-0.0,207.9,ASK
882,1712380230.414822,1701005.32418707,207.2,-0.0,207.9,ASK
883,1712380260.5948477,1701005.32418707,207.2,-0.0,207.9,ASK
884,1712380290.5914583,1701005.32418707,207.2,-0.0,207.9,ASK
885,1712380320.4254508,1701005.32418707,207.2,-0.0,207.9,ASK
886,1712380330.9651084,1701234.0616471,207.2,-1.3560041140862974e-07,207.9,ASK
887,1712380350.421426,1701234.0616471,207.2,-0.0,207.9,ASK
888,1712380380.810213,1701234.0616471,207.2,-0.0,207.9,ASK
889,1712380410.5956385,1701234.0616471,207.2,-0.0,207.9,ASK
890,1712380437.425496,1701262.92167596,207.9,1.7108355736366618e-08,207.9,BID
891,1712380440.405348,1701262.92167596,207.9,0.0,207.9,BID
892,1712380440.7354891,1702223.96087749,207.9,5.697063622355086e-07,207.9,BID
893,1712380444.515599,1702253.12956976,207.3,-1.7291271300784638e-08,207.9,ASK
894,1712380451.706086,1702281.98959862,207.9,1.7108294884980732e-08,207.9,BID
895,1712380470.415607,1702281.98959862,207.9,0.0,207.9,BID
896,1712380472.1656291,1702304.11178912,207.3,-1.3112441311676598e-08,207.9,ASK
897,1712380472.2456348,1702311.12995801,207.3,4.159865077009426e-09,207.9,BID
898,1712380500.459036,1702311.12995801,207.3,0.0,207.9,BID
899,1712380530.5936496,1702311.12995801,207.3,0.0,207.9,BID
900,1712380546.695542,1702410.59450215,207.3,-5.944655708280139e-08,207.9,ASK
901,1712380560.5856042,1702410.59450215,207.3,-0.0,207.9,ASK
902,1712380590.5954185,1702410.59450215,207.3,-0.0,207.9,ASK
903,1712380620.4155562,1702410.59450215,207.3,-0.0,207.9,ASK
904,1712380640.0203838,1702850.59350215,207.9,2.6296911695773364e-07,207.9,BID
905,1712380642.9255722,1703720.58150215,207.9,5.199556729082198e-07,207.9,BID
906,1712380644.9357357,1706506.89550215,207.9,1.665264085025755e-06,207.9,BID
907,1712380648.165511,1707851.89550215,207.9,8.038506049065647e-07,207.9,BID
908,1712380650.4155104,1707851.89550215,207.9,0.0,207.9,BID
909,1712380650.5215628,1709005.18848369,207.9,6.888095833979007e-07,207.9,BID
910,1712380662.0458071,1712365.39448369,207.9,2.0068986216328147e-06,207.9,BID
911,1712380665.19567,1712631.77348369,207.9,1.5909609349316916e-07,207.9,BID
912,1712380667.6456769,1717332.78548369,207.9,2.807701225186506e-06,207.9,BID
913,1712380680.595729,1717332.78548369,207.9,0.0,207.9,BID
914,1712380710.6058486,1717332.78548369,207.9,0.0,207.9,BID
915,1712380720.6562653,1717846.6595151,207.3,-3.065527645296856e-07,207.9,ASK
916,1712380733.9058845,1717895.27400221,207.3,-2.900108685945931e-08,207.9,ASK
917,1712380740.4158173,1717895.27400221,207.3,-0.0,207.9,ASK
918,1712380770.4460502,1717895.27400221,207.3,-0.0,207.9,ASK
919,1712380800.4609418,1717895.27400221,207.3,-0.0,207.9,ASK
920,1712380830.4060724,1717895.27400221,207.3,-0.0,207.9,ASK
921,1712380860.5976126,1717895.27400221,207.3,-0.0,207.9,ASK
922,1712380890.6290915,1717895.27400221,207.3,-0.0,207.9,ASK
923,1712380920.426635,1717895.27400221,207.3,-0.0,207.9,ASK
924,1712380946.78662,1719099.51292321,207.6,7.236278877832501e-07,207.9,BID
925,1712380950.4265082,1719099.51292321,207.6,0.0,207.9,BID
926,1712380969.2068715,1719123.96280096,206.9,-1.4689739393178944e-08,207.9,ASK
927,1712380980.5965831,1719123.96280096,206.9,-0.0,207.9,ASK
928,1712381010.5967088,1719123.96280096,206.9,-0.0,207.9,ASK
929,1712381040.426504,1719123.96280096,206.9,-0.0,207.9,ASK
930,1712381070.3966458,1719123.96280096,206.9,-0.0,207.9,ASK
931,1712381100.597132,1719123.96280096,206.9,-0.0,207.9,ASK
932,1712381104.1760871,1719310.11180096,207.5,1.1285455514060313e-07,207.9,BID
933,1712381106.8065877,1719682.14380096,207.5,2.255478453177934e-07,207.9,BID
934,1712381130.6054652,1719682.14380096,207.5,0.0,207.9,BID
935,1712381140.8355324,1719943.75380096,207.5,1.5859234910413922e-07,207.9,BID
936,1712381160.405175,1719943.75380096,207.5,0.0,207.9,BID
937,1712381190.4349537,1719943.75380096,207.5,0.0,207.9,BID
938,1712381217.6137435,1721871.46464433,207.4,1.1685720376180006e-06,207.9,BID
939,1712381220.443637,1721871.46464433,207.4,0.0,207.9,BID
940,1712381250.4242413,1721871.46464433,207.4,0.0,207.9,BID
941,1712381264.022962,1721971.46464433,207.4,6.060498611555703e-08,207.9,BID
942,1712381280.592671,1721971.46464433,207.4,0.0,207.9,BID
943,1712381310.5922463,1721971.46464433,207.4,0.0,207.9,BID
944,1712381340.417658,1721971.46464433,207.4,0.0,207.9,BID
945,1712381370.4375784,1721971.46464433,207.4,0.0,207.9,BID
946,1712381373.801293,1722354.55364433,207.4,2.321681170290392e-07,207.9,BID
947,1712381373.9075682,1722354.55418669,207.4,3.28693005913752e-13,207.9,BID
948,1712381373.9147012,1722500.74268346,207.5,8.859640455984905e-08,207.9,BID
949,1712381373.918074,1723062.97783425,207.5,3.407382521724636e-07,207.9,BID
950,1712381400.4989934,1723062.97783425,207.5,0.0,207.9,BID
951,1712381415.6806843,1723687.23383425,207.6,3.8154655392634267e-07,207.9,BID
952,1712381418.0306149,1728498.61583425,207.6,2.940726595697676e-06,207.9,BID
953,1712381421.4307745,1729458.73891325,207.6,5.868292049057317e-07,207.9,BID
954,1712381430.3775458,1729458.73891325,207.6,0.0,207.9,BID
955,1712381456.681563,1729507.23491325,207.7,2.9616820233034853e-08,207.9,BID
956,1712381457.6807694,1729507.23551848,207.7,3.6961785960937203e-13,207.9,BID
957,1712381457.9200788,1736667.75248248,207.8,4.372973929771438e-06,207.9,BID
958,1712381457.9608347,1736667.75248311,207.8,3.847693248526552e-16,207.9,BID
959,1712381460.6003182,1736667.75248311,207.8,0.0,207.9,BID
960,1712381467.4000125,1736994.60648311,207.9,1.994293985074525e-07,207.9,BID
961,1712381473.5701227,1740494.60648311,207.9,2.135518900720125e-06,207.9,BID
962,1712381475.3399522,1740975.60696411,207.9,2.934816052659536e-07,207.9,BID
963,1712381476.640226,1741869.67796411,207.9,5.455158625959244e-07,207.9,BID
964,1712381480.600088,1745902.67696411,207.9,2.460727311738717e-06,207.9,BID
965,1712381480.7997656,1747652.67696411,207.9,1.0677594503600627e-06,207.9,BID
966,1712381490.5800097,1747652.67696411,207.9,0.0,207.9,BID
967,1712381498.039689,1747831.96116163,207.7,-1.0923772493876184e-07,207.9,ASK
968,1712381500.2297597,1748020.95013357,207.7,-1.1515083659807313e-07,207.9,ASK
969,1712381500.8101494,1748715.84613357,207.9,4.2339960330621314e-07,207.9,BID
970,1712381503.201007,1749211.84813357,207.9,3.022136406586652e-07,207.9,BID
971,1712381505.9506934,1750270.23013357,207.9,6.448713461387917e-07,207.9,BID
972,1712381509.8828351,1757270.23013357,207.9,4.265094666171207e-06,207.9,BID
973,1712381510.869377,1760770.22913357,207.9,2.132546723786407e-06,207.9,BID
974,1712381513.619328,1769749.05938426,207.9,5.470794430096366e-06,207.9,BID
975,1712381520.3009577,1770852.81180898,207.9,6.725155113495295e-07,207.9,BID
976,1712381520.5281892,1770852.81180898,207.9,0.0,207.9,BID
977,1712381536.3328683,1770972.35330898,208.0,7.262312054155721e-08,208.0,BID
978,1712381536.3384807,1772129.00072692,208.0,7.026793612032664e-07,208.0,BID
979,1712381536.3419805,1772177.00072692,208.1,2.916066626234461e-08,208.1,BID
980,1712381536.3456123,1772201.842422,208.0,1.50916745752781e-08,208.1,BID
981,1712381550.3823886,1772201.842422,208.0,0.0,208.1,BID
982,1712381580.5788462,1772201.842422,208.0,0.0,208.1,BID
983,1712381610.618198,1772201.842422,208.0,0.0,208.1,BID
984,1712381613.0991406,1772256.8624573,207.8,-3.3419738075140346e-08,208.1,ASK
985,1712381640.3780758,1772256.8624573,207.8,-0.0,208.1,ASK
986,1712381670.4046104,1772256.8624573,207.8,-0.0,208.1,ASK
987,1712381700.587509,1772256.8624573,207.8,-0.0,208.1,ASK
988,1712381730.607366,1772256.8624573,207.8,-0.0,208.1,ASK
989,1712381746.3471544,1772439.59337717,207.8,-1.1435625110740925e-07,208.1,ASK
990,1712381760.4167838,1772439.59337717,207.8,-0.0,208.1,ASK
991,1712381790.4131413,1772439.59337717,207.8,-0.0,208.1,ASK
992,1712381790.9267657,1772660.00121555,207.8,-1.3793185735333286e-07,208.1,ASK
993,1712381790.934532,1778254.75161553,207.8,-3.501210845175297e-06,208.1,ASK
994,1712381820.596944,1778254.75161553,207.8,-0.0,208.1,ASK
995,1712381850.567185,1778254.75161553,207.8,-0.0,208.1,ASK
996,1712381880.3908672,1778254.75161553,207.8,-0.0,208.1,ASK
997,1712381910.407438,1778254.75161553,207.8,-0.0,208.1,ASK
998,1712381912.7658377,1781385.51838008,207.7,-1.9577623328057645e-06,208.1,ASK
999,1712381912.7736826,1784160.02925918,207.7,-1.7349848454274942e-06,208.1,ASK
1000,1712381940.5955353,1784160.02925918,207.7,-0.0,208.1,ASK
1201,1712381970.595273,1784160.02925918,207.7,-0.0,208.1,ASK
1202,1712382000.445166,1784160.02925918,207.7,-0.0,208.1,ASK
1203,1712382030.3849697,1784160.02925918,207.7,-0.0,208.1,ASK
1204,1712382044.605615,1784260.66710195,207.8,-6.431856998848244e-08,208.1,ASK
1205,1712382044.6153288,1784638.11150858,207.7,-2.412281882878153e-07,208.1,ASK
1206,1712382060.5952458,1784638.11150858,207.7,-0.0,208.1,ASK
1207,1712382090.596555,1784638.11150858,207.7,-0.0,208.1,ASK
1208,1712382120.2718616,1784701.88539172,207.7,-4.0755887963194825e-08,208.1,ASK
1209,1712382120.422456,1784701.88539172,207.7,-0.0,208.1,ASK
1210,1712382148.3449633,1789701.95231366,207.7,-3.195358856071352e-06,208.1,ASK
1211,1712382150.3958902,1789701.95231366,207.7,-0.0,208.1,ASK
1212,1712382180.614742,1789701.95231366,207.7,-0.0,208.1,ASK
1213,1712382210.5955598,1789701.95231366,207.7,-0.0,208.1,ASK
1214,1712382240.384243,1789701.95231366,207.7,-0.0,208.1,ASK
1215,1712382270.4193285,1789701.95231366,207.7,-0.0,208.1,ASK
1216,1712382272.584226,1789749.95231366,208.2,3.065468966884757e-08,208.2,BID
1217,1712382272.5942247,1789749.98305333,208.2,1.9631563522596505e-11,208.2,BID
1218,1712382300.4240675,1789749.98305333,208.2,0.0,208.2,BID
1219,1712382330.5652547,1789749.98305333,208.2,0.0,208.2,BID
1220,1712382360.593847,1789749.98305333,208.2,0.0,208.2,BID
1221,1712382379.774119,1789798.05814956,207.8,-3.122345821285928e-08,208.2,ASK
1222,1712382379.7768843,1790108.42841226,207.8,-2.0157698450797545e-07,208.2,ASK
1223,1712382390.6039343,1790108.42841226,207.8,-0.0,208.2,ASK
1224,1712382420.4075162,1790108.42841226,207.8,-0.0,208.2,ASK
1225,1712382450.4260218,1790108.42841226,207.8,-0.0,208.2,ASK
1226,1712382480.5954697,1790108.42841226,207.8,-0.0,208.2,ASK
1227,1712382505.0232842,1791809.30950174,207.8,-1.1046222429466554e-06,208.2,ASK
1228,1712382505.0330265,1792551.11422554,207.8,-4.817585443807373e-07,208.2,ASK
1229,1712382510.593006,1792551.11422554,207.8,-0.0,208.2,ASK
1230,1712382526.203131,1795108.11422554,207.7,-1.6600738858270616e-06,208.2,ASK
1231,1712382526.2729874,1797357.6404653,207.7,-1.460453565157724e-06,208.2,ASK
1232,1712382533.1431267,1797487.24613224,207.2,-8.41435209785194e-08,208.2,ASK
1233,1712382540.383356,1797487.24613224,207.2,-0.0,208.2,ASK
1234,1712382570.644377,1797487.24613224,207.2,-0.0,208.2,ASK
1235,1712382590.1729474,1804285.03253173,207.3,-4.410372255637272e-06,208.2,ASK
1236,1712382595.2328265,1804490.89624576,207.3,-1.3356342189106358e-07,208.2,ASK
1237,1712382600.578298,1804490.89624576,207.3,-0.0,208.2,ASK
1238,1712382605.3967564,1818119.30890779,207.3,-8.834882494233435e-06,208.2,ASK
1239,1712382630.412599,1818119.30890779,207.3,-0.0,208.2,ASK
1240,1712382660.5823083,1818119.30890779,207.3,-0.0,208.2,ASK
1241,1712382690.5931325,1818119.30890779,207.3,-0.0,208.2,ASK
1242,1712382720.404706,1818119.30890779,207.3,-0.0,208.2,ASK
1243,1712382750.392421,1818119.30890779,207.3,-0.0,208.2,ASK
1244,1712382780.66664,1818119.30890779,207.3,-0.0,208.2,ASK
1245,1712382810.586492,1818119.30890779,207.3,-0.0,208.2,ASK
1246,1712382824.2718463,1818147.29108161,207.7,1.8106824075274072e-08,208.2,BID
1247,1712382836.881744,1818854.85729493,207.7,4.578549553977381e-07,208.2,BID
1248,1712382836.884421,1818902.85729493,207.7,3.1060044198509406e-08,208.2,BID
1249,1712382840.4525363,1818902.85729493,207.7,0.0,208.2,BID
1250,1712382850.1119852,1821310.17554241,207.7,-1.5575737069916838e-06,208.2,ASK
1251,1712382850.1918037,1823555.21291839,207.7,-1.452575367507186e-06,208.2,ASK
1252,1712382850.271856,1824925.20207796,207.7,-8.86405067565656e-07,208.2,ASK
1253,1712382870.3925743,1824925.20207796,207.7,-0.0,208.2,ASK
1254,1712382889.0216498,1824949.47392262,207.3,-1.5691575289663208e-08,208.2,ASK
1255,1712382900.5616024,1824949.47392262,207.3,-0.0,208.2,ASK
1256,1712382930.5816135,1824949.47392262,207.3,-0.0,208.2,ASK
1257,1712382960.3913229,1824949.47392262,207.3,-0.0,208.2,ASK
1258,1712382990.4020154,1824949.47392262,207.3,-0.0,208.2,ASK
1259,1712383010.1119382,1825190.08379176,206.7,-1.557477465677918e-07,208.2,ASK
1260,1712383020.5824592,1825190.08379176,206.7,-0.0,208.2,ASK
1261,1712383035.1919851,1825218.07938628,207.6,1.8121078784469293e-08,208.2,BID
1262,1712383050.5817783,1825218.07938628,207.6,0.0,208.2,BID
1263,1712383080.4117768,1825218.07938628,207.6,0.0,208.2,BID
1264,1712383110.411628,1825218.07938628,207.6,0.0,208.2,BID
1265,1712383140.434252,1825218.07938628,207.6,0.0,208.2,BID
1266,1712383170.4029577,1825218.07938628,207.6,0.0,208.2,BID
1267,1712383200.50373,1825218.07938628,207.6,0.0,208.2,BID
1268,1712383230.40434,1825218.07938628,207.6,0.0,208.2,BID
1269,1712383260.6051838,1825218.07938628,207.6,0.0,208.2,BID
1270,1712383288.9558632,1825246.0749808,207.6,1.845921494569176e-08,208.2,BID
1271,1712383290.5937943,1825246.0749808,207.6,0.0,208.2,BID
1272,1712383320.3870556,1825246.0749808,207.6,0.0,208.2,BID
1273,1712383338.1267788,1825466.07229219,207.6,1.4505718367068852e-07,208.2,BID
1274,1712383338.129951,1826722.4960208,207.6,8.284341586615459e-07,208.2,BID
1275,1712383350.4069135,1826722.4960208,207.6,0.0,208.2,BID
1276,1712383380.6075222,1826722.4960208,207.6,0.0,208.2,BID
1277,1712383410.597833,1826722.4960208,207.6,0.0,208.2,BID
1278,1712383415.4380407,1827125.81902882,207.5,2.6588087835831744e-07,208.2,BID
1279,1712383440.4391167,1827125.81902882,207.5,0.0,208.2,BID
1280,1712383470.4490256,1827125.81902882,207.5,0.0,208.2,BID
1281,1712383500.6017606,1827125.81902882,207.5,0.0,208.2,BID
1282,1712383529.2897198,1827153.80120264,207.7,1.8449784044055524e-08,208.2,BID
1283,1712383530.600575,1827153.80120264,207.7,0.0,208.2,BID
1284,1712383560.3897495,1827153.80120264,207.7,0.0,208.2,BID
1285,1712383590.4600365,1827153.80120264,207.7,0.0,208.2,BID
1286,1712383620.5903697,1827153.80120264,207.7,0.0,208.2,BID
1287,1712383650.5819006,1827153.80120264,207.7,0.0,208.2,BID
1288,1712383680.4065397,1827153.80120264,207.7,0.0,208.2,BID
1289,1712383710.4112988,1827153.80120264,207.7,0.0,208.2,BID
1290,1712383740.5917058,1827153.80120264,207.7,0.0,208.2,BID
1291,1712383770.5737853,1827153.80120264,207.7,0.0,208.2,BID
1292,1712383772.2817984,1827181.81023075,207.4,1.8467419400903626e-08,208.2,BID
1293,1712383800.4266756,1827181.81023075,207.4,0.0,208.2,BID
1294,1712383830.411975,1827181.81023075,207.4,0.0,208.2,BID
1295,1712383860.6123054,1827181.81023075,207.4,0.0,208.2,BID
1296,1712383890.582832,1827181.81023075,207.4,0.0,208.2,BID
1297,1712383916.5129044,1827254.13424232,207.4,-4.802515108956245e-08,208.2,ASK
1298,1712383916.9128664,1827550.1475883,206.5,-1.9656107780258298e-07,208.2,ASK
1299,1712383920.4011614,1827550.1475883,206.5,-0.0,208.2,ASK
1300,1712383924.6827755,1837209.67164789,206.5,-6.413867860073197e-06,208.2,ASK
1301,1712383950.398582,1837209.67164789,206.5,-0.0,208.2,ASK
1302,1712383980.6031013,1837209.67164789,206.5,-0.0,208.2,ASK
1303,1712384010.6033206,1837209.67164789,206.5,-0.0,208.2,ASK
1304,1712384040.4433718,1837209.67164789,206.5,-0.0,208.2,ASK
1305,1712384070.42352,1837209.67164789,206.5,-0.0,208.2,ASK
1306,1712384100.4744158,1837209.67164789,206.5,-0.0,208.2,ASK
1307,1712384130.4044144,1837209.67164789,206.5,-0.0,208.2,ASK
1308,1712384160.5846562,1837209.67164789,206.5,-0.0,208.2,ASK
1309,1712384187.3852756,1837595.8203973,206.5,-2.57405507460731e-07,208.2,ASK
1310,1712384190.704434,1837595.8203973,206.5,-0.0,208.2,ASK
1311,1712384220.4249449,1837595.8203973,206.5,-0.0,208.2,ASK
1312,1712384225.225319,1839590.43813908,207.3,1.3295350651850756e-06,208.2,BID
1313,1712384250.3900344,1839590.43813908,207.3,0.0,208.2,BID
1314,1712384280.5955114,1839590.43813908,207.3,0.0,208.2,BID
1315,1712384310.605466,1839590.43813908,207.3,0.0,208.2,BID
1316,1712384340.3954046,1839590.43813908,207.3,0.0,208.2,BID
1317,1712384370.4224896,1839590.43813908,207.3,0.0,208.2,BID
1318,1712384400.4457746,1839590.43813908,207.3,0.0,208.2,BID
1319,1712384430.420159,1839590.43813908,207.3,0.0,208.2,BID
1320,1712384460.4754152,1839590.43813908,207.3,0.0,208.2,BID
1321,1712384490.4121425,1839590.43813908,207.3,0.0,208.2,BID
1322,1712384510.6158016,1840120.39506124,207.3,3.532289895107909e-07,208.2,BID
1323,1712384520.605678,1840120.39506124,207.3,0.0,208.2,BID
1324,1712384550.6057656,1840120.39506124,207.3,0.0,208.2,BID
1325,1712384554.676623,1840169.05686172,206.7,-3.2431881439364706e-08,208.2,ASK
1326,1712384580.3858647,1840169.05686172,206.7,-0.0,208.2,ASK
1327,1712384610.4235387,1840169.05686172,206.7,-0.0,208.2,ASK
1328,1712384640.575997,1840169.05686172,206.7,-0.0,208.2,ASK
1329,1712384670.6075916,1840169.05686172,206.7,-0.0,208.2,ASK
1330,1712384700.4174004,1840169.05686172,206.7,-0.0,208.2,ASK
1331,1712384730.4361854,1840169.05686172,206.7,-0.0,208.2,ASK
1332,1712384760.5723548,1840169.05686172,206.7,-0.0,208.2,ASK
1333,1712384773.256308,1840735.46401839,206.8,-3.777698768345282e-07,208.2,ASK
1334,1712384773.2593582,1840817.63337417,206.7,-5.48035226020728e-08,208.2,ASK
1335,1712384790.61627,1840817.63337417,206.7,-0.0,208.2,ASK
1336,1712384820.4163682,1840817.63337417,206.7,-0.0,208.2,ASK
1337,1712384850.402662,1840817.63337417,206.7,-0.0,208.2,ASK
1338,1712384880.58851,1840817.63337417,206.7,-0.0,208.2,ASK
1339,1712384884.9069738,1841498.5590837,206.7,-4.5410834019378123e-07,208.2,ASK
1340,1712384884.9101608,1845655.56274041,206.7,-2.772299539153864e-06,208.2,ASK
1341,1712384910.6166053,1845655.56274041,206.7,-0.0,208.2,ASK
1342,1712384940.4217796,1845655.56274041,206.7,-0.0,208.2,ASK
1343,1712384970.399079,1845655.56274041,206.7,-0.0,208.2,ASK
1344,1712385000.53698,1845655.56274041,206.7,-0.0,208.2,ASK
1345,1712385030.3971584,1845655.56274041,206.7,-0.0,208.2,ASK
1346,1712385060.597252,1845655.56274041,206.7,-0.0,208.2,ASK
1347,1712385090.5873675,1845655.56274041,206.7,-0.0,208.2,ASK
1348,1712385120.4316945,1845655.56274041,206.7,-0.0,208.2,ASK
1349,1712385150.404574,1845655.56274041,206.7,-0.0,208.2,ASK
1350,1712385180.5972457,1845655.56274041,206.7,-0.0,208.2,ASK
1351,1712385210.6164386,1845655.56274041,206.7,-0.0,208.2,ASK
1352,1712385240.4155762,1845655.56274041,206.7,-0.0,208.2,ASK
1353,1712385270.454933,1845655.56274041,206.7,-0.0,208.2,ASK
1354,1712385300.5843177,1845655.56274041,206.7,-0.0,208.2,ASK
1355,1712385330.5936687,1845655.56274041,206.7,-0.0,208.2,ASK
1356,1712385360.444744,1845655.56274041,206.7,-0.0,208.2,ASK
1357,1712385390.4026816,1845655.56274041,206.7,-0.0,208.2,ASK
1358,1712385394.432623,1847170.2933376,206.7,-1.0106766776382236e-06,208.2,ASK
1359,1712385394.4373507,1848081.6848372,206.8,-6.081095440681558e-07,208.2,ASK
1360,1712385420.571927,1848081.6848372,206.8,-0.0,208.2,ASK
1361,1712385450.6116002,1848081.6848372,206.8,-0.0,208.2,ASK
1362,1712385480.4009802,1848081.6848372,206.8,-0.0,208.2,ASK
1363,1712385506.8507252,1848393.28476858,206.8,2.078398789927776e-07,208.2,BID
1364,1712385510.3911345,1848393.28476858,206.8,0.0,208.2,BID
1365,1712385540.6002543,1848393.28476858,206.8,0.0,208.2,BID
1366,1712385570.5995104,1848393.28476858,206.8,0.0,208.2,BID
1367,1712385586.3899207,1848994.01376858,206.9,-4.006742745338941e-07,208.2,ASK
1368,1712385600.449103,1848994.01376858,206.9,-0.0,208.2,ASK
1369,1712385616.438837,1848994.01388686,206.9,-7.894506449980278e-14,208.2,ASK
1370,1712385616.4428368,1849994.01376858,206.8,-6.674417778079921e-07,208.2,ASK
1371,1712385630.4285097,1849994.01376858,206.8,-0.0,208.2,ASK
1372,1712385660.6508932,1849994.01376858,206.8,-0.0,208.2,ASK
1373,1712385690.587814,1849994.01376858,206.8,-0.0,208.2,ASK
1374,1712385720.4072638,1849994.01376858,206.8,-0.0,208.2,ASK
1375,1712385740.0072255,1850046.51975919,206.8,-3.5039859417557484e-08,208.2,ASK
1376,1712385750.436991,1850046.51975919,206.8,-0.0,208.2,ASK
1377,1712385780.586776,1850046.51975919,206.8,-0.0,208.2,ASK
1378,1712385810.556392,1850046.51975919,206.8,-0.0,208.2,ASK
1379,1712385840.386133,1850046.51975919,206.8,-0.0,208.2,ASK
1380,1712385867.1760323,1851943.72375148,206.8,-1.2660894251007922e-06,208.2,ASK
1381,1712385870.4308784,1851943.72375148,206.8,-0.0,208.2,ASK
1382,1712385900.4551096,1851943.72375148,206.8,-0.0,208.2,ASK
1383,1712385930.4558494,1851943.72375148,206.8,-0.0,208.2,ASK
1384,1712385960.6050177,1851943.72375148,206.8,-0.0,208.2,ASK
1385,1712385990.5751798,1851943.72375148,206.8,-0.0,208.2,ASK
1386,1712386020.4174275,1851943.72375148,206.8,-0.0,208.2,ASK
1387,1712386037.8449123,1852057.77111137,206.8,-7.718488489308208e-08,208.2,ASK
1388,1712386050.3850193,1852057.77111137,206.8,-0.0,208.2,ASK
1389,1712386080.584558,1852057.77111137,206.8,-0.0,208.2,ASK
1390,1712386110.603704,1852057.77111137,206.8,-0.0,208.2,ASK
1391,1712386140.3840544,1852057.77111137,206.8,-0.0,208.2,ASK
1392,1712386144.8239858,1855374.81611137,206.8,-2.244871342763356e-06,208.2,ASK
1393,1712386165.9742916,1855496.52827039,206.8,-8.237094698734106e-08,208.2,ASK
1394,1712386170.4038067,1855496.52827039,206.8,-0.0,208.2,ASK
1395,1712386170.993783,1856778.48427039,206.8,-8.671700055973514e-07,208.2,ASK
1396,1712386200.4481409,1856778.48427039,206.8,-0.0,208.2,ASK
1397,1712386230.5635805,1856778.48427039,206.8,-0.0,208.2,ASK
1398,1712386230.8034642,1856779.31369345,206.8,-5.615399494223498e-10,208.2,ASK
1399,1712386230.8056858,1858528.16327039,206.8,-1.1840144675683958e-06,208.2,ASK
1400,1712386245.663618,1860941.28462497,207.3,1.6337429093362537e-06,208.2,BID
1401,1712386245.666596,1861095.24449492,207.3,1.0423464421939696e-07,208.2,BID
1402,1712386245.6734087,1863352.0899467,207.3,1.5279402535290452e-06,208.2,BID
1403,1712386246.0234249,1865541.6519467,206.8,-1.4823876906407554e-06,208.2,ASK
1404,1712386246.113464,1865833.43426942,206.8,-1.975438574230591e-07,208.2,ASK
1405,1712386246.223477,1867240.95078009,206.8,9.529235298158614e-07,208.2,BID
1406,1712386260.419951,1867240.95078009,206.8,0.0,208.2,BID
1407,1712386270.41317,1869179.61218009,206.7,-1.310599817116993e-06,208.2,ASK
1408,1712386270.6029534,1871118.27358009,206.7,-1.3105998171168354e-06,208.2,ASK
1409,1712386280.8729224,1871245.07525865,206.7,-8.572216722880198e-08,208.2,ASK
1410,1712386280.876353,1873056.93498009,206.7,-1.2248776498881907e-06,208.2,ASK
1411,1712386290.3891964,1873056.93498009,206.7,-0.0,208.2,ASK
1412,1712386320.572623,1873056.93498009,206.7,-0.0,208.2,ASK
1413,1712386350.582386,1873056.93498009,206.7,-0.0,208.2,ASK
1414,1712386376.262457,1873664.03994176,206.7,-4.100899373881871e-07,208.2,ASK
1415,1712386377.822395,1873760.89119235,206.5,-6.54215099497628e-08,208.2,ASK
1416,1712386377.8257575,1873905.67394176,206.5,-9.779849019372353e-08,208.2,ASK
1417,1712386380.5085073,1873905.67394176,206.5,-0.0,208.2,ASK
1418,1712386410.4025364,1873905.67394176,206.5,-0.0,208.2,ASK
1419,1712386440.5820174,1873905.67394176,206.5,-0.0,208.2,ASK
1420,1712386470.5817833,1873905.67394176,206.5,-0.0,208.2,ASK
1421,1712386500.4215584,1873905.67394176,206.5,-0.0,208.2,ASK
1422,1712386530.4014957,1873905.67394176,206.5,-0.0,208.2,ASK
1423,1712386560.5814157,1873905.67394176,206.5,-0.0,208.2,ASK
1424,1712386590.5812287,1873905.67394176,206.5,-0.0,208.2,ASK
1425,1712386619.3312883,1873930.21500456,207.0,1.6689507152177712e-08,208.2,BID
1426,1712386620.4053636,1873930.21500456,207.0,0.0,208.2,BID
1427,1712386650.409549,1873930.21500456,207.0,0.0,208.2,BID
1428,1712386680.5908377,1873930.21500456,207.0,0.0,208.2,BID
1429,1712386710.590783,1873930.21500456,207.0,0.0,208.2,BID
1430,1712386740.3724675,1873930.21500456,207.0,0.0,208.2,BID
1431,1712386770.403309,1873930.21500456,207.0,0.0,208.2,BID
1432,1712386779.7305846,1873978.5241833,207.0,3.285324703668254e-08,208.2,BID
1433,1712386800.4603407,1873978.5241833,207.0,0.0,208.2,BID
1434,1712386830.4102914,1873978.5241833,207.0,0.0,208.2,BID
1435,1712386860.580027,1873978.5241833,207.0,0.0,208.2,BID
1436,1712386884.2602403,1874040.49440523,207.0,4.2201510594245446e-08,208.2,BID
1437,1712386884.264227,1875978.5241833,207.0,1.319791694527686e-06,208.2,BID
1438,1712386887.0404477,1876463.28138546,206.5,-3.301180077378145e-07,208.2,ASK
1439,1712386887.0452793,1877728.4631833,206.5,-8.615845059511282e-07,208.2,ASK
1440,1712386887.8600962,1878120.42479638,206.5,-2.669245268417949e-07,208.2,ASK
1441,1712386888.6801963,1878400.3273903,206.5,-1.9061271550752664e-07,208.2,ASK
1442,1712386888.6828902,1878676.07979638,206.5,-1.8778645168834729e-07,208.2,ASK
1443,1712386888.8001292,1879465.7026923,206.5,-5.37730509425996e-07,208.2,ASK
1444,1712386890.576924,1879465.7026923,206.5,-0.0,208.2,ASK
1445,1712386920.3898463,1879465.7026923,206.5,-0.0,208.2,ASK
1446,1712386950.4701111,1879465.7026923,206.5,-0.0,208.2,ASK
1447,1712386980.569742,1879465.7026923,206.5,-0.0,208.2,ASK
1448,1712387010.569553,1879465.7026923,206.5,-0.0,208.2,ASK
1449,1712387040.3998263,1879465.7026923,206.5,-0.0,208.2,ASK
1450,1712387070.4286172,1879465.7026923,206.5,-0.0,208.2,ASK
1451,1712387096.2460015,1879562.55499255,206.5,6.590518753552755e-08,208.2,BID
1452,1712387100.569176,1879562.55499255,206.5,0.0,208.2,BID
1453,1712387130.589436,1879562.55499255,206.5,0.0,208.2,BID
1454,1712387160.394197,1879562.55499255,206.5,0.0,208.2,BID
1455,1712387182.269383,1881809.14959569,206.5,-1.54696004484068e-06,208.2,ASK
1456,1712387190.4005024,1881809.14959569,206.5,-0.0,208.2,ASK
1457,1712387220.5693843,1881809.14959569,206.5,-0.0,208.2,ASK
1458,1712387250.5396974,1881809.14959569,206.5,-0.0,208.2,ASK
1459,1712387280.3997536,1881809.14959569,206.5,-0.0,208.2,ASK
1460,1712387288.0104313,1883021.90309155,206.6,-8.34811087911574e-07,208.2,ASK
1461,1712387310.4078436,1883021.90309155,206.6,-0.0,208.2,ASK
1462,1712387321.310177,1883259.66063622,206.6,-1.6363457900918594e-07,208.2,ASK
1463,1712387340.5607252,1883259.66063622,206.6,-0.0,208.2,ASK
1464,1712387348.208074,1883528.34363622,206.6,-1.8491250553029934e-07,208.2,ASK
1465,1712387353.4104545,1883964.26963622,206.6,-3.000121663288672e-07,208.2,ASK
1466,1712387357.510647,1884232.98263622,206.6,-1.849331520733557e-07,208.2,ASK
1467,1712387370.5605116,1884232.98263622,206.6,-0.0,208.2,ASK
1468,1712387384.0008554,1885491.11392622,206.6,-8.657489209654905e-07,208.2,ASK
1469,1712387384.3607972,1886922.91892622,206.6,-9.85257773680364e-07,208.2,ASK
1470,1712387388.9208264,1887286.99150726,206.6,-2.505266713368968e-07,208.2,ASK
1471,1712387388.9249718,1887528.64692622,206.6,-1.6628862176237596e-07,208.2,ASK
1472,1712387400.470713,1887528.64692622,206.6,-0.0,208.2,ASK
1473,1712387404.461334,1887529.00506001,206.6,-2.4632704626784287e-10,208.2,ASK
1474,1712387404.4660573,1890527.44692622,206.5,-2.0623502982444807e-06,208.2,ASK
1475,1712387430.390545,1890527.44692622,206.5,-0.0,208.2,ASK
1476,1712387452.1006734,1926581.76359355,206.5,-2.4787865529006107e-05,208.2,ASK
1477,1712387460.560706,1926581.76359355,206.5,-0.0,208.2,ASK
1478,1712387490.6202843,1926581.76359355,206.5,-0.0,208.2,ASK
1479,1712387520.3710842,1926581.76359355,206.5,-0.0,208.2,ASK
1480,1712387545.12122,1928522.42361355,206.5,-1.32743716014164e-06,208.2,ASK
1481,1712387545.441383,1930463.08363355,206.5,-1.3274371601417994e-06,208.2,ASK
1482,1712387545.7013247,1932403.74365355,206.5,-1.3274371601417994e-06,208.2,ASK
1483,1712387550.4339595,1932403.74365355,206.5,-0.0,208.2,ASK
1484,1712387551.9818516,1977403.74365355,207.0,3.075530453882495e-05,208.2,BID
1485,1712387551.9868927,2002981.26649185,207.0,1.7480988983125834e-05,208.2,BID
1486,1712387552.1612782,2015781.26649185,207.0,-8.748175513265764e-06,208.2,ASK
1487,1712387552.171258,2022403.74365355,207.0,-4.526140042433352e-06,208.2,ASK
1488,1712387552.1813414,2024424.26280823,206.8,1.380926265082475e-06,208.2,BID
1489,1712387552.221542,2029434.28283832,206.8,3.4241042615783868e-06,208.2,BID
1490,1712387552.24132,2040879.60215881,206.8,7.822317361017126e-06,208.2,BID
1491,1712387552.261303,2043073.83938951,206.8,1.4996540946801253e-06,208.2,BID
1492,1712387552.3011906,2043502.72636822,207.0,2.9312332539921654e-07,208.2,BID
1493,1712387552.38121,2046812.59099707,207.1,2.262130992057046e-06,208.2,BID
1494,1712387552.391294,2048323.36472836,207.0,1.032540137668393e-06,208.2,BID
1495,1712387552.394704,2048394.29057206,207.1,4.8474353837082055e-08,208.2,BID
1496,1712387580.571411,2048394.29057206,207.1,0.0,208.2,BID
1497,1712387610.5713964,2048394.29057206,207.1,0.0,208.2,BID
1498,1712387640.4014504,2048394.29057206,207.1,0.0,208.2,BID
1499,1712387670.3955674,2048394.29057206,207.1,0.0,208.2,BID
1500,1712387692.0818827,2048444.29057206,207.1,3.3620938538578065e-08,208.2,BID
1501,1712387700.5350947,2048444.29057206,207.1,0.0,208.2,BID
1502,1712387730.4023356,2048444.29057206,207.1,0.0,208.2,BID
1503,1712387760.5918574,2048444.29057206,207.1,0.0,208.2,BID
1504,1712387790.601941,2048444.29057206,207.1,0.0,208.2,BID
1505,1712387820.394132,2048444.29057206,207.1,0.0,208.2,BID
1506,1712387850.4020815,2048444.29057206,207.1,0.0,208.2,BID
1507,1712387850.9821506,2048555.24180335,207.1,7.548532387884042e-08,208.2,BID
1508,1712387851.1422937,2049195.40114666,207.1,-4.355304109927248e-07,208.2,ASK
1509,1712387880.592491,2049195.40114666,207.1,-0.0,208.2,ASK
1510,1712387910.5821345,2049195.40114666,207.1,-0.0,208.2,ASK
1511,1712387940.3831923,2049195.40114666,207.1,-0.0,208.2,ASK
1512,1712387970.392131,2049195.40114666,207.1,-0.0,208.2,ASK
1513,1712388000.4303603,2049195.40114666,207.1,-0.0,208.2,ASK
1514,1712388030.4098735,2049195.40114666,207.1,-0.0,208.2,ASK
1515,1712388060.5827415,2049195.40114666,207.1,-0.0,208.2,ASK
1516,1712388090.563679,2049195.40114666,207.1,-0.0,208.2,ASK
1517,1712388120.404557,2049195.40114666,207.1,-0.0,208.2,ASK
1518,1712388150.4023018,2049195.40114666,207.1,-0.0,208.2,ASK
1519,1712388180.5643282,2049195.40114666,207.1,-0.0,208.2,ASK
1520,1712388210.5523672,2049195.40114666,207.1,-0.0,208.2,ASK
1521,1712388240.4043396,2049195.40114666,207.1,-0.0,208.2,ASK
1522,1712388270.402325,2049195.40114666,207.1,-0.0,208.2,ASK
1523,1712388300.563164,2049195.40114666,207.1,-0.0,208.2,ASK
1524,1712388306.2524588,2049843.60472199,206.6,-4.450630308344832e-07,208.2,ASK
1525,1712388330.5922997,2049843.60472199,206.6,-0.0,208.2,ASK
1526,1712388360.3922486,2049843.60472199,206.6,-0.0,208.2,ASK
1527,1712388390.3922975,2049843.60472199,206.6,-0.0,208.2,ASK
1528,1712388420.5722454,2049843.60472199,206.6,-0.0,208.2,ASK
1529,1712388450.5822148,2049843.60472199,206.6,-0.0,208.2,ASK
1530,1712388480.394913,2049843.60472199,206.6,-0.0,208.2,ASK
1531,1712388494.9722936,2049891.98401565,206.6,-3.3214650789898455e-08,208.2,ASK
1532,1712388510.3823354,2049891.98401565,206.6,-0.0,208.2,ASK
1533,1712388540.5629818,2049891.98401565,206.6,-0.0,208.2,ASK
1534,1712388558.63241,2050144.89601565,206.6,-1.7363474083153673e-07,208.2,ASK
1535,1712388560.4889054,2051791.54401565,206.6,-1.1304932099743255e-06,208.2,ASK
1536,1712388567.9724903,2055121.23101565,206.6,-2.2859703742632613e-06,208.2,ASK
1537,1712388570.572299,2055121.23101565,206.6,-0.0,208.2,ASK
1538,1712388600.6928136,2055121.23101565,206.6,-0.0,208.2,ASK
1539,1712388630.572152,2055121.23101565,206.6,-0.0,208.2,ASK
1540,1712388660.3928888,2055121.23101565,206.6,-0.0,208.2,ASK
1541,1712388690.4121892,2055121.23101565,206.6,-0.0,208.2,ASK
1542,1712388720.56209,2055121.23101565,206.6,-0.0,208.2,ASK
1543,1712388747.7421188,2058456.01401565,206.6,-2.289664442925287e-06,208.2,ASK
1544,1712388750.552055,2058456.01401565,206.6,-0.0,208.2,ASK
1545,1712388780.409211,2058456.01401565,206.6,-0.0,208.2,ASK
1546,1712388787.0020795,2058871.10540488,206.6,-2.848672959962224e-07,208.2,ASK
1547,1712388787.0120158,2059871.10540488,206.6,-6.862760909703861e-07,208.2,ASK
1548,1712388787.015906,2061275.18101565,206.6,-9.635835215861928e-07,208.2,ASK
1549,1712388797.0319598,2061772.80001565,206.6,-3.415040221125568e-07,208.2,ASK
1550,1712388798.853309,2062291.11501565,206.6,-3.557071920912773e-07,208.2,ASK
1551,1712388810.3950772,2062291.11501565,206.6,-0.0,208.2,ASK
1552,1712388840.566398,2062291.11501565,206.6,-0.0,208.2,ASK
1553,1712388861.352216,2065790.85909884,206.6,-2.400485404666782e-06,208.2,ASK
1554,1712388861.3574886,2065790.98501565,206.6,-8.636673352136173e-11,208.2,ASK
1555,1712388870.571896,2065790.98501565,206.6,-0.0,208.2,ASK
1556,1712388873.3619602,2066064.07201565,206.6,-1.8721837432440428e-07,208.2,ASK
1557,1712388880.4722402,2066096.50472723,206.6,-2.2234670771248963e-08,208.2,ASK
1558,1712388880.4777253,2066241.64401565,206.6,-9.950214264540029e-08,208.2,ASK
1559,1712388886.6518557,2066241.71285888,206.6,-4.719637912591375e-11,208.2,ASK
1560,1712388886.7721398,2066290.04672621,206.6,3.3135916635913154e-08,208.2,BID
1561,1712388900.3820896,2066290.04672621,206.6,0.0,208.2,BID
1562,1712388930.3616917,2066290.04672621,206.6,0.0,208.2,BID
1563,1712388960.4238818,2066290.04672621,206.6,0.0,208.2,BID
1564,1712388990.4019284,2066290.04672621,206.6,0.0,208.2,BID
1565,1712389020.592934,2066290.04672621,206.6,0.0,208.2,BID
1566,1712389050.5817506,2066290.04672621,206.6,0.0,208.2,BID
1567,1712389080.383594,2066290.04672621,206.6,0.0,208.2,BID
1568,1712389110.406522,2066290.04672621,206.6,0.0,208.2,BID
1569,1712389140.5716052,2066290.04672621,206.6,0.0,208.2,BID
1570,1712389170.6014805,2066290.04672621,206.6,0.0,208.2,BID
1571,1712389200.4514575,2066290.04672621,206.6,0.0,208.2,BID
1572,1712389212.8116045,2068710.18225379,206.6,-1.6809106805316276e-06,208.2,ASK
1573,1712389212.822768,2068784.76866434,206.6,-5.180416248889427e-08,208.2,ASK
1574,1712389230.3813567,2068784.76866434,206.6,-0.0,208.2,ASK
1575,1712389251.4413874,2068833.17137556,206.6,3.360618377068211e-08,208.2,BID
1576,1712389252.4014795,2069091.55762852,206.6,-1.793985436333771e-07,208.2,ASK
1577,1712389260.572142,2069091.55762852,206.6,-0.0,208.2,ASK
1578,1712389290.632759,2069091.55762852,206.6,-0.0,208.2,ASK
1579,1712389309.1326933,2071282.84162852,206.6,1.52134974249709e-06,208.2,BID
1580,1712389310.6726296,2072842.00962852,206.6,1.0824885479517102e-06,208.2,BID
1581,1712389312.9626603,2072915.23562852,206.6,5.083884893230421e-08,208.2,BID
1582,1712389317.4030411,2073116.36043378,206.6,1.3963556101904457e-07,208.2,BID
1583,1712389320.3927813,2073116.36043378,206.6,0.0,208.2,BID
1584,1712389329.1331112,2073733.6862837,206.6,-4.283455038011636e-07,208.2,ASK
1585,1712389350.3934717,2073733.6862837,206.6,-0.0,208.2,ASK
1586,1712389380.634877,2073733.6862837,206.6,-0.0,208.2,ASK
1587,1712389391.3447258,2074002.66401845,206.6,-1.8661976992670529e-07,208.2,ASK
1588,1712389410.564878,2074002.66401845,206.6,-0.0,208.2,ASK
1589,1712389440.4097462,2074002.66401845,206.6,-0.0,208.2,ASK
1590,1712389455.3059292,2074319.86864476,206.6,2.2007164332566775e-07,208.2,BID
1591,1712389470.4059992,2074319.86864476,206.6,0.0,208.2,BID
1592,1712389500.416571,2074319.86864476,206.6,0.0,208.2,BID
1593,1712389530.410732,2074319.86864476,206.6,0.0,208.2,BID
1594,1712389560.5890088,2074319.86864476,206.6,0.0,208.2,BID
1595,1712389590.5783746,2074319.86864476,206.6,0.0,208.2,BID
1596,1712389620.408452,2074319.86864476,206.6,0.0,208.2,BID
1597,1712389650.40656,2074319.86864476,206.6,0.0,208.2,BID
1598,1712389680.5795329,2074319.86864476,206.6,0.0,208.2,BID
1599,1712389710.5808778,2074319.86864476,206.6,0.0,208.2,BID
1600,1712389740.3900733,2074319.86864476,206.6,0.0,208.2,BID
1601,1712389770.3904352,2074319.86864476,206.6,0.0,208.2,BID
1602,1712389795.170998,2074367.90736596,206.6,-3.33464855980134e-08,208.2,ASK
1603,1712389795.1759071,2074899.66208137,206.6,-3.691220439702399e-07,208.2,ASK
1604,1712389800.420716,2074899.66208137,206.6,-0.0,208.2,ASK
1605,1712389815.8110085,2091840.6107745,206.6,-1.1767730367085764e-05,208.2,ASK
1606,1712389830.0711374,2092477.33149086,206.6,-4.422867836380914e-07,208.2,ASK
1607,1712389830.0761814,2094333.51974135,206.6,-1.2893683369206295e-06,208.2,ASK
1608,1712389830.2373693,2094333.51974214,206.6,5.487556188365453e-16,208.2,BID
1609,1712389830.242102,2103695.57761314,206.6,6.5031879089307296e-06,208.2,BID
1610,1712389830.377882,2103695.57761314,206.6,0.0,208.2,BID
1611,1712389860.5914383,2103695.57761314,206.6,0.0,208.2,BID
1612,1712389873.982029,2103720.66203186,207.0,1.73527370485947e-08,208.2,BID
1613,1712389890.6152148,2103720.66203186,207.0,0.0,208.2,BID
1614,1712389920.3953197,2103720.66203186,207.0,0.0,208.2,BID
1615,1712389950.4251242,2103720.66203186,207.0,0.0,208.2,BID
1616,1712389971.1624868,2104312.48750783,207.0,4.094077318923277e-07,208.2,BID
1617,1712389980.5925937,2104312.48750783,207.0,0.0,208.2,BID
1618,1712390010.59472,2104312.48750783,207.0,0.0,208.2,BID
1619,1712390040.4462185,2104312.48750783,207.0,0.0,208.2,BID
1620,1712390070.4214094,2104312.48750783,207.0,0.0,208.2,BID
1621,1712390100.5834415,2104312.48750783,207.0,0.0,208.2,BID
1622,1712390130.5938096,2104312.48750783,207.0,0.0,208.2,BID
1623,1712390160.407498,2104312.48750783,207.0,0.0,208.2,BID
1624,1712390190.4449978,2104312.48750783,207.0,0.0,208.2,BID
1625,1712390220.604115,2104312.48750783,207.0,0.0,208.2,BID
1626,1712390250.604344,2104312.48750783,207.0,0.0,208.2,BID
1627,1712390280.424533,2104312.48750783,207.0,0.0,208.2,BID
1628,1712390310.445024,2104312.48750783,207.0,0.0,208.2,BID
1629,1712390340.5946586,2104312.48750783,207.0,0.0,208.2,BID
1630,1712390370.5948775,2104312.48750783,207.0,0.0,208.2,BID
1631,1712390400.456347,2104312.48750783,207.0,0.0,208.2,BID
1632,1712390430.4070349,2104312.48750783,207.0,0.0,208.2,BID
1633,1712390432.845285,2106414.16111934,207.0,1.4688420848726557e-06,208.2,BID
1634,1712390432.8499577,2106508.88243536,207.0,6.619993444402524e-08,208.2,BID
1635,1712390460.5769055,2106508.88243536,207.0,0.0,208.2,BID
1636,1712390486.7455037,2108454.91201909,207.0,1.3596317494109496e-06,208.2,BID
1637,1712390486.75132,2108875.42275796,207.3,2.937980780540219e-07,208.2,BID
1638,1712390490.6066155,2108875.42275796,207.3,0.0,208.2,BID
1639,1712390493.6954708,2112461.78551724,207.3,2.504825183363921e-06,208.2,BID
1640,1712390497.6156635,2113456.40653113,207.4,6.946736654143799e-07,208.2,BID
1641,1712390497.6212611,2114456.40653113,207.4,6.984305134449863e-07,208.2,BID
1642,1712390497.6268065,2115688.367948,207.3,8.604394449288501e-07,208.2,BID
1643,1712390501.3453755,2118591.59842051,207.4,2.02770474956444e-06,208.2,BID
1644,1712390505.5055056,2121203.09721569,207.5,1.823950444378612e-06,208.2,BID
1645,1712390506.3462615,2122436.37024993,207.3,-8.613555185218573e-07,208.2,ASK
1646,1712390507.1854515,2123669.64324993,206.6,-8.613554946078699e-07,208.2,ASK
1647,1712390513.6156716,2124901.79247993,207.3,8.605706193498124e-07,208.2,BID
1648,1712390513.621957,2126021.05255039,207.5,7.817253856897915e-07,208.2,BID
1649,1712390520.3855212,2126021.05255039,207.5,0.0,208.2,BID
1650,1712390550.418469,2126021.05255039,207.5,0.0,208.2,BID
