,time,acc_trade_volume,trade_price,dev,high,ask_bid
0,1712365207.2108574,200398.98011555,1562.0,0.0,1575.0,ASK
1,1712365226.9687047,200646.79137026,1562.0,-2.7778607365914664e-08,1575.0,ASK
2,1712365226.9701486,200659.51711555,1562.0,-1.4265029337067063e-09,1575.0,ASK
3,1712365230.8785832,200659.51711555,1562.0,-0.0,1575.0,ASK
4,1712365233.7586248,200659.59546757,1562.0,-8.782533780700332e-12,1575.0,ASK
5,1712365233.759913,204021.20827986,1561.0,-3.7680557667084834e-07,1575.0,ASK
6,1712365235.4384642,204661.82327025,1561.0,7.180699097629079e-08,1575.0,BID
7,1712365260.6086671,204661.82327025,1561.0,0.0,1575.0,BID
8,1712365290.5602548,204661.82327025,1561.0,0.0,1575.0,BID
9,1712365295.1295154,204722.15533325,1560.0,-6.757931387845668e-09,1575.0,ASK
10,1712365320.8702118,204722.15533325,1560.0,-0.0,1575.0,ASK
11,1712365325.681286,204722.15533339,1560.0,-1.5680368038861632e-17,1575.0,ASK
12,1712365325.6840336,207049.95202131,1558.0,-2.6073904452003653e-07,1575.0,ASK
13,1712365350.8503485,207049.95202131,1558.0,-0.0,1575.0,ASK
14,1712365380.601604,207049.95202131,1558.0,-0.0,1575.0,ASK
15,1712365410.578583,207049.95202131,1558.0,-0.0,1575.0,ASK
16,1712365411.3203535,207562.82340019,1559.0,-5.7423954808564255e-08,1575.0,ASK
17,1712365420.3590617,207582.06650474,1559.0,-2.154565864971103e-09,1575.0,ASK
18,1712365420.3604116,209047.62585988,1559.0,-1.640922415335539e-07,1575.0,ASK
19,1712365420.3617363,209111.81071225,1558.0,-7.1864959006644435e-09,1575.0,ASK
20,1712365420.4787755,210577.37006739,1558.0,1.640922415335539e-07,1575.0,BID
21,1712365420.5253365,211577.37006739,1558.0,1.119656061407894e-07,1575.0,BID
22,1712365420.5266814,213078.45578379,1558.0,1.680699721060076e-07,1575.0,BID
23,1712365420.5389435,217578.15643279,1558.0,5.03811710617389e-07,1575.0,BID
24,1712365420.5401454,217894.6011924,1558.0,3.5430929319809216e-08,1575.0,BID
25,1712365420.5609536,221800.64143312,1558.0,4.373421631625299e-07,1575.0,BID
26,1712365434.0997071,221864.8262855,1558.0,-7.186495901782151e-09,1575.0,ASK
27,1712365440.8586218,221864.8262855,1558.0,-0.0,1575.0,ASK
28,1712365448.9385958,221871.24477074,1558.0,-7.167969812221713e-10,1575.0,ASK
29,1712365466.1887517,223634.8262855,1558.0,-1.9695143926435057e-07,1575.0,ASK
30,1712365466.190262,224871.24477074,1558.0,-1.380794696264507e-07,1575.0,ASK
31,1712365470.8384187,224871.24477074,1558.0,-0.0,1575.0,ASK
32,1712365488.879022,226136.46477074,1560.0,1.4122206297106274e-07,1575.0,BID
33,1712365488.880371,229813.76416988,1560.0,4.104549464194368e-07,1575.0,BID
34,1712365488.9188426,232424.26111689,1560.0,-2.913799688879495e-07,1575.0,ASK
35,1712365488.938748,232532.46111689,1557.0,-1.2077130628243713e-08,1575.0,ASK
36,1712365489.379101,232650.242556,1558.0,1.3146597280171357e-08,1575.0,BID
37,1712365500.55278,232650.242556,1558.0,0.0,1575.0,BID
38,1712365509.0294092,233022.4768,1559.0,-4.158273169456992e-08,1575.0,ASK
39,1712365511.29881,233249.1518,1559.0,-2.5322134808387896e-08,1575.0,ASK
40,1712365522.9689424,233320.0978,1559.0,-7.925462340866375e-09,1575.0,ASK
41,1712365523.076157,233320.15451009,1559.0,-6.335151845357876e-12,1575.0,ASK
42,1712365530.8715353,233320.15451009,1559.0,-0.0,1575.0,ASK
43,1712365535.3390265,233326.56887827,1559.0,7.16473134371849e-10,1575.0,BID
44,1712365560.5617342,233326.56887827,1559.0,0.0,1575.0,BID
45,1712365590.6108537,233326.56887827,1559.0,0.0,1575.0,BID
46,1712365620.8415363,233326.56887827,1559.0,0.0,1575.0,BID
47,1712365636.268914,233968.00569674,1558.0,7.164723346131004e-08,1575.0,BID
48,1712365650.8713322,233968.00569674,1558.0,0.0,1575.0,BID
49,1712365654.639068,233988.25784831,1557.0,-2.261873089994477e-09,1575.0,ASK
50,1712365654.6404157,234085.74584874,1557.0,-1.0888002887395133e-08,1575.0,ASK
51,1712365654.7190387,234085.74584946,1556.0,-8.041357254839077e-17,1575.0,ASK
52,1712365654.720157,234150.01320093,1556.0,-7.177735775519661e-09,1575.0,ASK
53,1712365654.7289617,234588.35298346,1556.0,-4.895622842600768e-08,1575.0,ASK
54,1712365664.2392323,234621.55860286,1555.0,-3.7085885268961315e-09,1575.0,ASK
55,1712365664.2507205,234685.86728453,1555.0,-7.182351762462132e-09,1575.0,ASK
56,1712365679.9391427,235328.95410125,1555.0,7.182351762686415e-08,1575.0,BID
57,1712365680.544871,235328.95410125,1555.0,0.0,1575.0,BID
58,1712365704.4391062,236328.95410125,1554.0,1.116591637744609e-07,1575.0,BID
59,1712365704.4618878,237038.64426515,1554.0,7.924341024003399e-08,1575.0,BID
60,1712365708.1289716,237712.99086382,1555.0,7.529697730164452e-08,1575.0,BID
61,1712365708.199198,237738.7143365,1555.0,2.872261448823354e-09,1575.0,BID
62,1712365710.6216488,237738.7143365,1555.0,0.0,1575.0,BID
63,1712365740.8412013,237738.7143365,1555.0,0.0,1575.0,BID
64,1712365763.5172503,239038.8703415,1554.0,-1.4511364348103804e-07,1575.0,ASK
65,1712365763.5180905,239038.87034219,1554.0,-7.701190218623825e-17,1575.0,ASK
66,1712365767.8492243,239227.04291141,1553.0,-2.100240818616525e-08,1575.0,ASK
67,1712365767.8509924,239352.69367435,1553.0,-1.4024193978472353e-08,1575.0,ASK
68,1712365770.8391547,239352.69367435,1553.0,-0.0,1575.0,ASK
69,1712365774.4191844,239355.82591206,1553.0,-3.4949901074062435e-10,1575.0,ASK
70,1712365774.4206855,239812.88927335,1553.0,-5.0999702898224334e-08,1575.0,ASK
71,1712365774.4392776,239812.88927429,1553.0,-1.0488587820960158e-16,1575.0,ASK
72,1712365800.692106,239812.88927429,1553.0,-0.0,1575.0,ASK
73,1712365811.5194588,239829.20713356,1552.0,-1.8272263167591161e-09,1575.0,ASK
74,1712365811.5211897,240328.96176629,1552.0,-5.5961067057702854e-08,1575.0,ASK
75,1712365830.5892377,240328.96176629,1552.0,-0.0,1575.0,ASK
76,1712365842.5892398,240393.39475598,1553.0,7.214371333827683e-09,1575.0,BID
77,1712365860.868996,240393.39475598,1553.0,0.0,1575.0,BID
78,1712365890.857592,240393.39475598,1553.0,0.0,1575.0,BID
79,1712365897.396687,240393.39475624,1552.0,-2.911263016778791e-17,1575.0,ASK
80,1712365912.085568,240456.86464224,1553.0,7.106455841303004e-09,1575.0,BID
81,1712365912.3510618,242253.09321824,1553.0,2.011161491015653e-07,1575.0,BID
82,1712365912.4091694,242750.64548324,1553.0,5.5708831743669743e-08,1575.0,BID
83,1712365912.7292025,243367.52562124,1553.0,6.906947115165038e-08,1575.0,BID
84,1712365912.7314525,243434.31208473,1553.0,7.477799055580027e-09,1575.0,BID
85,1712365913.2291086,243532.84223873,1554.0,1.1032006398090724e-08,1575.0,BID
86,1712365913.5889864,243532.84223933,1554.0,6.717998472566772e-17,1575.0,BID
87,1712365920.5645366,243532.84223933,1554.0,0.0,1575.0,BID
88,1712365946.8358874,244848.79769533,1556.0,1.472615992920511e-07,1575.0,BID
89,1712365946.889017,245219.28250033,1556.0,4.1458990613209645e-08,1575.0,BID
90,1712365950.5943298,245219.28250033,1556.0,0.0,1575.0,BID
91,1712365956.328966,245868.31064943,1556.0,7.260797843489261e-08,1575.0,BID
92,1712365956.829259,246261.47260165,1556.0,4.3983754152720695e-08,1575.0,BID
93,1712365959.3190994,247410.12959737,1556.0,1.2850238081349682e-07,1575.0,BID
94,1712365980.8791282,247410.12959737,1556.0,0.0,1575.0,BID
95,1712366010.8990953,247410.12959737,1556.0,0.0,1575.0,BID
96,1712366040.529137,247410.12959737,1556.0,0.0,1575.0,BID
97,1712366051.33104,247971.70542859,1555.0,-6.280057599085775e-08,1575.0,ASK
98,1712366051.3320065,251086.68531901,1555.0,-3.483457094179524e-07,1575.0,ASK
99,1712366051.829151,251197.48531901,1555.0,-1.239067536911492e-08,1575.0,ASK
100,1712366054.2992387,251299.38531901,1555.0,-1.1395395488380318e-08,1575.0,ASK
101,1712366070.6119072,251299.38531901,1555.0,-0.0,1575.0,ASK
102,1712366071.4490345,251490.3345478,1556.0,2.13392673425885e-08,1575.0,BID
103,1712366082.8593826,251531.89270975,1556.0,-4.644274992557959e-09,1575.0,ASK
104,1712366086.14939,251675.1730956,1555.0,1.6012101635481152e-08,1575.0,BID
105,1712366100.6290903,251675.1730956,1555.0,0.0,1575.0,BID
106,1712366113.429134,251681.93049586,1554.0,-7.595904642590059e-10,1575.0,ASK
107,1712366113.4306326,251789.37293958,1554.0,-1.2077463605295169e-08,1575.0,ASK
108,1712366113.7893713,252104.36586058,1554.0,-3.5407939428640175e-08,1575.0,ASK
109,1712366113.7912807,252104.36586107,1554.0,-5.5079365507367283e-17,1575.0,ASK
110,1712366119.0092268,252111.12761252,1553.0,-7.600795758000361e-10,1575.0,ASK
111,1712366121.9791532,252117.88936397,1553.0,-7.600795757967645e-10,1575.0,ASK
112,1712366125.5392802,252122.39548116,1553.0,-5.06526699125184e-10,1575.0,ASK
113,1712366125.6429267,252124.65111542,1553.0,2.5355287667485184e-10,1575.0,BID
114,1712366130.5619197,252124.65111542,1553.0,0.0,1575.0,BID
115,1712366142.6518886,252137.48808589,1558.0,1.442873642142249e-09,1575.0,BID
116,1712366160.849131,252137.48808589,1558.0,0.0,1575.0,BID
117,1712366190.869229,252137.48808589,1558.0,0.0,1575.0,BID
118,1712366207.499265,252151.23558965,1560.0,1.5452139798801904e-09,1575.0,BID
119,1712366207.501245,253128.27515789,1561.0,1.0981886065276297e-07,1575.0,BID
120,1712366215.349216,253873.24025789,1559.0,-8.373378230263839e-08,1575.0,ASK
121,1712366215.3502822,255338.79961303,1559.0,-1.6472829129161514e-07,1575.0,ASK
122,1712366215.4491832,256338.79961303,1559.0,1.1239960409237729e-07,1575.0,BID
123,1712366215.5091398,256503.51936861,1559.0,1.8514435313386133e-08,1575.0,BID
124,1712366215.5107422,256583.88049753,1559.0,9.032559075023447e-09,1575.0,BID
125,1712366215.6130908,257128.27515789,1559.0,6.11897442944688e-08,1575.0,BID
126,1712366220.5589724,257128.27515789,1559.0,0.0,1575.0,BID
127,1712366250.5897868,257128.27515789,1559.0,0.0,1575.0,BID
128,1712366280.8893898,257128.27515789,1559.0,0.0,1575.0,BID
129,1712366310.8767965,257128.27515789,1559.0,0.0,1575.0,BID
130,1712366340.5731912,257128.27515789,1559.0,0.0,1575.0,BID
131,1712366352.471777,257154.18002521,1560.0,-2.909152016051954e-09,1575.0,ASK
132,1712366370.6029966,257154.18002521,1560.0,-0.0,1575.0,ASK
133,1712366400.6591413,257154.18002521,1560.0,-0.0,1575.0,ASK
134,1712366430.606652,257154.18002521,1560.0,-0.0,1575.0,ASK
135,1712366457.8988028,257176.65542457,1565.0,2.5606646683141398e-09,1575.0,BID
136,1712366460.8713045,257176.65542457,1565.0,0.0,1575.0,BID
137,1712366461.1999493,258070.60864883,1565.0,1.0184936989859993e-07,1575.0,BID
138,1712366461.2009332,258097.94167857,1565.0,3.114091186082586e-09,1575.0,BID
139,1712366461.2788377,258485.34544158,1565.0,4.4137465012865146e-08,1575.0,BID
140,1712366466.0275333,258501.937656,1567.0,1.89037472883265e-09,1575.0,BID
141,1712366490.848781,258501.937656,1567.0,0.0,1575.0,BID
142,1712366520.638661,258501.937656,1567.0,0.0,1575.0,BID
143,1712366535.3788686,258741.63261451,1567.0,2.73023378925091e-08,1575.0,BID
144,1712366550.5692828,258741.63261451,1567.0,0.0,1575.0,BID
145,1712366580.8487935,258741.63261451,1567.0,0.0,1575.0,BID
146,1712366592.173648,258745.56693439,1563.0,-4.4811762436099265e-10,1575.0,ASK
147,1712366610.854424,258745.56693439,1563.0,-0.0,1575.0,ASK
148,1712366627.7588184,258751.60011689,1563.0,-6.87176843291275e-10,1575.0,ASK
149,1712366640.5819938,258751.60011689,1563.0,-0.0,1575.0,ASK
150,1712366670.5742476,258751.60011689,1563.0,-0.0,1575.0,ASK
151,1712366700.8787844,258751.60011689,1563.0,-0.0,1575.0,ASK
152,1712366730.86872,258751.60011689,1563.0,-0.0,1575.0,ASK
153,1712366760.5747907,258751.60011689,1563.0,-0.0,1575.0,ASK
154,1712366775.6592808,259089.00959848,1566.0,3.883467389377695e-08,1575.0,BID
155,1712366775.6615655,259177.86386589,1566.0,1.0226821376435843e-08,1575.0,BID
156,1712366790.5727923,259177.86386589,1566.0,0.0,1575.0,BID
157,1712366820.8788323,259177.86386589,1566.0,0.0,1575.0,BID
158,1712366850.8690665,259177.86386589,1566.0,0.0,1575.0,BID
159,1712366880.5690064,259177.86386589,1566.0,0.0,1575.0,BID
160,1712366901.8591528,259252.41986712,1563.0,-8.580480746453438e-09,1575.0,ASK
161,1712366910.586646,259252.41986712,1563.0,-0.0,1575.0,ASK
162,1712366928.7615268,259267.02068067,1567.0,1.6803519141363027e-09,1575.0,BID
163,1712366928.76344,259373.44344078,1567.0,1.224778934725134e-08,1575.0,BID
164,1712366928.7689087,259379.88959306,1567.0,7.4186306711165e-10,1575.0,BID
165,1712366940.604984,259379.88959306,1567.0,0.0,1575.0,BID
166,1712366970.876582,259379.88959306,1567.0,0.0,1575.0,BID
167,1712367000.6613736,259379.88959306,1567.0,0.0,1575.0,BID
168,1712367024.3289995,259507.42697306,1565.0,1.4786545640697874e-08,1575.0,BID
169,1712367027.8197324,259594.75284586,1563.0,-1.0124467068171922e-08,1575.0,ASK
170,1712367028.6490462,260084.57199539,1563.0,-5.6789101440012773e-08,1575.0,ASK
171,1712367030.6319427,260084.57199539,1563.0,-0.0,1575.0,ASK
172,1712367060.8688917,260084.57199539,1563.0,-0.0,1575.0,ASK
173,1712367090.8806696,260084.57199539,1563.0,-0.0,1575.0,ASK
174,1712367113.1089826,260115.98482328,1563.0,3.6415041095133934e-09,1575.0,BID
175,1712367120.5889604,260115.98482328,1563.0,0.0,1575.0,BID
176,1712367128.8991694,260822.19437428,1563.0,8.186624757759552e-08,1575.0,BID
177,1712367128.9994123,260822.19437492,1563.0,7.41935972192709e-17,1575.0,BID
178,1712367143.7392411,261069.2089604,1562.0,-2.8634782950112785e-08,1575.0,ASK
179,1712367150.5690634,261112.8718968,1564.0,5.061558224788459e-09,1575.0,BID
180,1712367150.570981,261576.1755364,1564.0,5.3707756301777175e-08,1575.0,BID
181,1712367150.5925288,261576.1755364,1564.0,0.0,1575.0,BID
182,1712367175.1290846,261581.1755364,1562.0,-5.79512589609187e-10,1575.0,ASK
183,1712367180.864612,261581.1755364,1562.0,-0.0,1575.0,ASK
184,1712367210.894807,261581.1755364,1562.0,-0.0,1575.0,ASK
185,1712367221.9189966,261591.1755364,1566.0,1.158926799125374e-09,1575.0,BID
186,1712367240.601324,261591.1755364,1566.0,0.0,1575.0,BID
187,1712367270.568891,261591.1755364,1566.0,0.0,1575.0,BID
188,1712367300.8687966,261591.1755364,1566.0,0.0,1575.0,BID
189,1712367309.519171,263446.1755364,1565.0,2.181297373114684e-07,1575.0,BID
190,1712367309.521696,263771.6627303,1565.0,3.8274089543747124e-08,1575.0,BID
191,1712367309.5241733,267168.31859426,1565.0,3.994132891337264e-07,1575.0,BID
192,1712367330.898893,267168.31859426,1565.0,0.0,1575.0,BID
193,1712367360.5755568,267168.31859426,1565.0,0.0,1575.0,BID
194,1712367372.639449,267181.1155032,1565.0,1.503247640389418e-09,1575.0,BID
195,1712367390.6187766,267181.1155032,1565.0,0.0,1575.0,BID
196,1712367397.5389178,267188.1155032,1565.0,-8.22285192194334e-10,1575.0,ASK
197,1712367420.8488371,267188.1155032,1565.0,-0.0,1575.0,ASK
198,1712367426.0290303,267209.4730962,1565.0,-2.5088585520961703e-09,1575.0,ASK
199,1712367426.1289375,267209.47309688,1565.0,-7.98837409630236e-17,1575.0,ASK
200,1712367428.518926,267345.20736797,1564.0,-1.5944591079941573e-08,1575.0,ASK
201,1712367450.8688197,267345.20736797,1564.0,-0.0,1575.0,ASK
202,1712367480.6336882,267345.20736797,1564.0,-0.0,1575.0,ASK
203,1712367495.7507403,267650.98345631,1562.0,-3.591822412465223e-08,1575.0,ASK
204,1712367495.7519867,267686.98297615,1562.0,-4.228711371816954e-09,1575.0,ASK
205,1712367510.583888,267686.98297615,1562.0,-0.0,1575.0,ASK
206,1712367519.55831,267700.50691015,1562.0,1.5884997270483943e-09,1575.0,BID
207,1712367540.8988595,267700.50691015,1562.0,0.0,1575.0,BID
208,1712367570.8451054,267700.50691015,1562.0,0.0,1575.0,BID
209,1712367600.6738715,267700.50691015,1562.0,0.0,1575.0,BID
210,1712367630.6077406,267700.50691015,1562.0,0.0,1575.0,BID
211,1712367658.4136298,267732.53765966,1561.0,-3.7810063422629434e-09,1575.0,ASK
212,1712367660.8776274,267732.53765966,1561.0,-0.0,1575.0,ASK
213,1712367690.8687172,267732.53765966,1561.0,-0.0,1575.0,ASK
214,1712367699.059101,267744.20277817,1561.0,1.376977667594751e-09,1575.0,BID
215,1712367720.591308,267744.20277817,1561.0,0.0,1575.0,BID
216,1712367723.7089496,269184.58700629,1561.0,1.7002593244027773e-07,1575.0,BID
217,1712367724.1988204,269281.15019352,1561.0,1.1398518275655041e-08,1575.0,BID
218,1712367748.558889,271294.52983437,1561.0,2.3766349569004015e-07,1575.0,BID
219,1712367750.6315508,271294.52983437,1561.0,0.0,1575.0,BID
220,1712367780.6487825,271294.52983437,1561.0,0.0,1575.0,BID
221,1712367810.6251218,271294.52983437,1561.0,0.0,1575.0,BID
222,1712367829.89671,271358.59133337,1561.0,-7.557008029589829e-09,1575.0,ASK
223,1712367829.904674,272554.69279437,1561.0,-1.4109798375121642e-07,1575.0,ASK
224,1712367829.9718456,272554.6927944,1561.0,-3.536227225450149e-18,1575.0,ASK
225,1712367840.6316068,272554.6927944,1561.0,-0.0,1575.0,ASK
226,1712367870.6117733,272554.6927944,1561.0,-0.0,1575.0,ASK
227,1712367885.6187987,273780.49580529,1561.0,-1.445681768682579e-07,1575.0,ASK
228,1712367885.620411,273839.69580529,1561.0,-6.981901655135002e-09,1575.0,ASK
229,1712367891.879002,274319.40775129,1561.0,-5.6576041043323386e-08,1575.0,ASK
230,1712367891.9588876,274706.93827806,1561.0,-4.5704392335645014e-08,1575.0,ASK
231,1712367900.6219804,274706.93827806,1561.0,-0.0,1575.0,ASK
232,1712367903.569016,274755.00718831,1560.0,-5.682781858168898e-09,1575.0,ASK
233,1712367903.5718572,281099.59130649,1560.0,-7.500666717202954e-07,1575.0,ASK
234,1712367930.601539,281099.59130649,1560.0,-0.0,1575.0,ASK
235,1712367943.7191126,282386.61018472,1558.0,-1.5197421468035202e-07,1575.0,ASK
236,1712367943.7220705,283231.81402649,1558.0,-9.980365655122729e-08,1575.0,ASK
237,1712367943.8307014,283231.81402694,1558.0,-5.313058917957432e-17,1575.0,ASK
238,1712367960.8535843,283231.81402694,1558.0,-0.0,1575.0,ASK
239,1712367990.9451528,283231.81402694,1558.0,-0.0,1575.0,ASK
240,1712368020.6039774,283231.81402694,1558.0,-0.0,1575.0,ASK
241,1712368039.9589727,283371.91402694,1558.0,-1.653685043965782e-08,1575.0,ASK
242,1712368039.978783,284363.79938214,1558.0,-1.170782282100273e-07,1575.0,ASK
243,1712368050.5819805,284363.79938214,1558.0,-0.0,1575.0,ASK
244,1712368080.874316,284363.79938214,1558.0,-0.0,1575.0,ASK
245,1712368104.1793635,284376.66111764,1555.0,-1.517832468719195e-09,1575.0,ASK
246,1712368104.182237,284482.33689711,1555.0,-1.2470955357225444e-08,1575.0,ASK
247,1712368104.1850853,284550.4860593,1556.0,-8.042383633852785e-09,1575.0,ASK
248,1712368104.1878996,284583.67048814,1555.0,-3.916143630018286e-09,1575.0,ASK
249,1712368110.8524454,284583.67048814,1555.0,-0.0,1575.0,ASK
250,1712368114.2620027,284583.67048897,1555.0,-9.794357568687016e-17,1575.0,ASK
251,1712368140.5982974,284583.67048897,1555.0,-0.0,1575.0,ASK
252,1712368170.5856168,284583.67048897,1555.0,-0.0,1575.0,ASK
253,1712368178.8390048,285312.2363717,1555.0,8.597566998351165e-08,1575.0,BID
254,1712368200.683501,285312.2363717,1555.0,0.0,1575.0,BID
255,1712368202.29908,287557.94829651,1554.0,-2.653574225547944e-07,1575.0,ASK
256,1712368215.899033,288206.63166209,1557.0,7.664961121808006e-08,1575.0,BID
257,1712368215.9019852,288842.9513074,1557.0,7.518869145014228e-08,1575.0,BID
258,1712368230.6289115,288842.9513074,1557.0,0.0,1575.0,BID
259,1712368248.5321436,289364.55160754,1555.0,-6.159328375670426e-08,1575.0,ASK
260,1712368248.5349677,289604.67945319,1555.0,-2.83555483596122e-08,1575.0,ASK
261,1712368253.8804808,289976.26820477,1557.0,4.3879137743446905e-08,1575.0,BID
262,1712368253.9387128,290192.54983253,1557.0,2.5539662585337328e-08,1575.0,BID
263,1712368260.8588088,290192.54983253,1557.0,0.0,1575.0,BID
264,1712368275.5066538,290224.68350862,1556.0,-3.7935714234149964e-09,1575.0,ASK
265,1712368290.900329,290224.68350862,1556.0,-0.0,1575.0,ASK
266,1712368320.6003966,290224.68350862,1556.0,-0.0,1575.0,ASK
267,1712368350.5790577,290224.68350862,1556.0,-0.0,1575.0,ASK
268,1712368351.6289492,290289.07500895,1553.0,-7.601754402103231e-09,1575.0,ASK
269,1712368351.7387617,290885.29417058,1553.0,7.038679970665107e-08,1575.0,BID
270,1712368351.741573,291568.35852824,1553.0,8.06393306748613e-08,1575.0,BID
271,1712368355.1489546,291586.38814833,1552.0,-2.128491232302491e-09,1575.0,ASK
272,1712368355.1518133,292318.44795381,1552.0,-8.642350031277703e-08,1575.0,ASK
273,1712368380.8686972,292318.44795381,1552.0,-0.0,1575.0,ASK
274,1712368389.128781,292390.45559598,1552.0,-8.49761866809855e-09,1575.0,ASK
275,1712368403.21674,292589.14840643,1552.0,-2.3447729774437825e-08,1575.0,ASK
276,1712368410.888644,292589.14840643,1552.0,-0.0,1575.0,ASK
277,1712368440.5387633,292589.14840643,1552.0,-0.0,1575.0,ASK
278,1712368449.1994448,292768.36163443,1552.0,-2.1147896615573186e-08,1575.0,ASK
279,1712368449.200838,292768.36163486,1552.0,-5.073940412467481e-17,1575.0,ASK
280,1712368469.368853,292771.64330688,1555.0,3.872507703834901e-10,1575.0,BID
281,1712368470.591676,292771.64330688,1555.0,0.0,1575.0,BID
282,1712368500.61185,292771.64330688,1555.0,0.0,1575.0,BID
283,1712368530.7362957,292771.64330688,1555.0,0.0,1575.0,BID
284,1712368560.8689284,292771.64330688,1555.0,0.0,1575.0,BID
285,1712368590.8485904,292771.64330688,1555.0,0.0,1575.0,BID
286,1712368620.564349,292771.64330688,1555.0,0.0,1575.0,BID
287,1712368650.6013758,292771.64330688,1555.0,0.0,1575.0,BID
288,1712368680.854255,292771.64330688,1555.0,0.0,1575.0,BID
289,1712368689.8753407,295025.57823496,1551.0,-2.664737420046941e-07,1575.0,ASK
290,1712368689.878368,295112.61079376,1551.0,-1.0289512501338817e-08,1575.0,ASK
291,1712368689.879753,295212.61079376,1550.0,-1.1822601384135516e-08,1575.0,ASK
292,1712368689.8811462,295244.84806003,1551.0,-3.811283488248768e-09,1575.0,ASK
293,1712368689.8825564,295297.11327929,1550.0,-6.179108535648185e-09,1575.0,ASK
294,1712368702.2492974,295307.11327929,1550.0,-1.1822601384135516e-09,1575.0,ASK
295,1712368702.2540162,295649.43076866,1550.0,-4.047083223639618e-08,1575.0,ASK
296,1712368702.2571802,296429.09863449,1550.0,-9.217702389727837e-08,1575.0,ASK
297,1712368705.3985271,296622.64702159,1550.0,2.288245429225524e-08,1575.0,BID
298,1712368706.4884903,296635.51703446,1554.0,1.521570319707063e-09,1575.0,BID
299,1712368708.8284698,296648.42026027,1551.0,-1.5254969532152343e-09,1575.0,ASK
300,1712368710.8440046,296648.42026027,1551.0,-0.0,1575.0,ASK
301,1712368740.5884223,296648.42026027,1551.0,-0.0,1575.0,ASK
302,1712368761.278682,296689.73100365,1551.0,-4.880535878796388e-09,1575.0,ASK
303,1712368761.282096,297821.70895127,1551.0,-1.3373419443334898e-07,1575.0,ASK
304,1712368761.398504,297821.70895161,1551.0,-4.017410402281616e-17,1575.0,ASK
305,1712368770.5824256,297821.70895161,1551.0,-0.0,1575.0,ASK
306,1712368772.4484763,297833.70274399,1551.0,1.4166666387934315e-09,1575.0,BID
307,1712368776.3282912,297944.98915792,1551.0,-1.3144778979903172e-08,1575.0,ASK
308,1712368782.2687752,298044.98915792,1551.0,1.1811665517563069e-08,1575.0,BID
309,1712368788.9385092,298387.75096956,1549.0,-4.048587871285602e-08,1575.0,ASK
310,1712368797.2289307,298392.67388854,1550.0,5.814787236193915e-10,1575.0,BID
311,1712368797.2322948,300382.74909116,1551.0,2.350610264814407e-07,1575.0,BID
312,1712368800.7244265,300382.74909116,1551.0,0.0,1575.0,BID
313,1712368804.279386,302626.09798216,1551.0,2.6593406240971933e-07,1575.0,BID
314,1712368804.3421965,304374.00061816,1551.0,2.072022102995063e-07,1575.0,BID
315,1712368804.379076,305033.66891743,1551.0,7.819928116022062e-08,1575.0,BID
316,1712368830.5758011,305033.66891743,1551.0,0.0,1575.0,BID
317,1712368860.9199915,305033.66891743,1551.0,0.0,1575.0,BID
318,1712368876.2003944,305525.87621319,1554.0,5.829804316835088e-08,1575.0,BID
319,1712368876.203088,305801.57274643,1554.0,3.2654063713897545e-08,1575.0,BID
320,1712368876.2603948,305801.57274728,1554.0,1.0067651260662232e-16,1575.0,BID
321,1712368877.2404866,305833.74777863,1554.0,-3.8108768048404994e-09,1575.0,ASK
322,1712368877.243851,309614.81425298,1552.0,-4.4783728002997014e-07,1575.0,ASK
323,1712368884.8708951,309630.98883459,1551.0,-1.9157506706087222e-09,1575.0,ASK
324,1712368888.8307917,309663.20532944,1552.0,3.815787826952598e-09,1575.0,BID
325,1712368890.8851838,309663.20532944,1552.0,0.0,1575.0,BID
326,1712368920.6111417,309663.20532944,1552.0,0.0,1575.0,BID
327,1712368950.5482728,309663.20532944,1552.0,0.0,1575.0,BID
328,1712368980.8620238,309663.20532944,1552.0,0.0,1575.0,BID
329,1712369010.8753512,309663.20532944,1552.0,0.0,1575.0,BID
330,1712369040.556177,309663.20532944,1552.0,0.0,1575.0,BID
331,1712369071.0934803,309663.20532944,1552.0,0.0,1575.0,BID
332,1712369100.854024,309663.20532944,1552.0,0.0,1575.0,BID
333,1712369130.8641913,309663.20532944,1552.0,0.0,1575.0,BID
334,1712369136.66424,309965.60760744,1552.0,-3.608231360953837e-08,1575.0,ASK
335,1712369136.66633,309965.60760768,1552.0,-2.8642315384938056e-17,1575.0,ASK
336,1712369160.5746188,309965.60760768,1552.0,-0.0,1575.0,ASK
337,1712369190.1104093,310141.28179168,1552.0,2.0960080375814423e-08,1575.0,BID
338,1712369190.366491,310141.28179186,1552.0,2.147358874777403e-17,1575.0,BID
339,1712369190.5671325,310141.28179186,1552.0,0.0,1575.0,BID
340,1712369204.6351352,310463.03500936,1554.0,3.8387848298526906e-08,1575.0,BID
341,1712369220.8697178,310463.03500936,1554.0,0.0,1575.0,BID
342,1712369250.8754878,310463.03500936,1554.0,0.0,1575.0,BID
343,1712369280.5999908,310463.03500936,1554.0,0.0,1575.0,BID
344,1712369293.5165937,310635.30489307,1553.0,2.0552011061003546e-08,1575.0,BID
345,1712369293.5217028,310648.76017023,1552.0,1.605231274703604e-09,1575.0,BID
346,1712369309.6862464,311067.18913223,1552.0,-4.991909479514124e-08,1575.0,ASK
347,1712369309.6898494,311067.18913285,1552.0,-7.39631666224948e-17,1575.0,ASK
348,1712369310.559715,311067.18913285,1552.0,-0.0,1575.0,ASK
349,1712369340.862629,311067.18913285,1552.0,-0.0,1575.0,ASK
350,1712369370.9014304,311067.18913285,1552.0,-0.0,1575.0,ASK
351,1712369373.3299892,311131.62212254,1552.0,-7.686075745098059e-09,1575.0,ASK
352,1712369373.3318417,311241.75272387,1551.0,-1.3137247669978289e-08,1575.0,ASK
353,1712369400.6668682,311241.75272387,1551.0,-0.0,1575.0,ASK
354,1712369405.8671737,311254.63102393,1553.0,1.5405699472787768e-09,1575.0,BID
355,1712369407.643794,311337.92402027,1551.0,-9.963946047417958e-09,1575.0,ASK
356,1712369407.6471498,319746.59294353,1551.0,-1.0058891763232584e-06,1575.0,ASK
357,1712369407.6502764,320688.08230521,1551.0,-1.126259063331325e-07,1575.0,ASK
358,1712369408.667035,320851.83481415,1551.0,1.9588935875794265e-08,1575.0,BID
359,1712369411.136892,321710.13481415,1551.0,1.0267435760849557e-07,1575.0,BID
360,1712369411.157116,322383.80680258,1551.0,8.058818437713116e-08,1575.0,BID
361,1712369411.1613944,323241.40680258,1551.0,1.0259061992898124e-07,1575.0,BID
362,1712369411.2969782,325374.64513058,1551.0,2.551891820496619e-07,1575.0,BID
363,1712369411.3171177,325676.89177358,1551.0,3.61563321791318e-08,1575.0,BID
364,1712369411.3570237,326460.38295434,1551.0,9.3725333422415e-08,1575.0,BID
365,1712369411.464565,328230.38295434,1551.0,2.1173670391126602e-07,1575.0,BID
366,1712369411.4688363,329552.18295434,1551.0,1.5812066397169998e-07,1575.0,BID
367,1712369412.097093,329850.90295434,1551.0,3.5734456605857336e-08,1575.0,BID
368,1712369415.947184,329850.90576316,1551.0,3.3600581168971773e-13,1575.0,BID
369,1712369430.552276,329850.90576316,1551.0,0.0,1575.0,BID
370,1712369460.8674614,329850.90576316,1551.0,0.0,1575.0,BID
371,1712369486.76857,330200.45663516,1551.0,-4.167123349887446e-08,1575.0,ASK
372,1712369490.8627038,330200.45663516,1551.0,-0.0,1575.0,ASK
373,1712369501.5977862,333442.70733316,1551.0,-3.864955430957126e-07,1575.0,ASK
374,1712369501.6878784,336041.90908216,1551.0,-3.098402884807069e-07,1575.0,ASK
375,1712369501.710314,337395.07784568,1551.0,-1.6130575482008304e-07,1575.0,ASK
376,1712369502.9712403,339158.62623278,1550.0,-2.102254437228551e-07,1575.0,ASK
377,1712369502.9775903,339165.07784568,1550.0,-7.69070582102525e-10,1575.0,ASK
378,1712369518.6013558,343853.1423618,1550.0,-5.588451387621735e-07,1575.0,ASK
379,1712369518.603375,344400.87929668,1550.0,-6.529349635134764e-08,1575.0,ASK
380,1712369518.6477306,344400.87929728,1550.0,-7.152410878687724e-17,1575.0,ASK
381,1712369520.6118295,344400.87929728,1550.0,-0.0,1575.0,ASK
382,1712369529.5245488,344407.3350752,1549.0,-7.67552514013229e-10,1575.0,ASK
383,1712369550.8246546,344407.3350752,1549.0,-0.0,1575.0,ASK
384,1712369563.7082026,344420.24663104,1549.0,1.5351032028757108e-09,1575.0,BID
385,1712369577.9383385,344426.70657936,1548.0,-7.680474359044e-10,1575.0,ASK
386,1712369577.941393,344529.7424545,1548.0,-1.2250320867495164e-08,1575.0,ASK
387,1712369580.8381894,344529.7424545,1548.0,-0.0,1575.0,ASK
388,1712369609.3592632,345036.3947689,1548.0,-6.023643295655766e-08,1575.0,ASK
389,1712369610.8710868,345036.3947689,1548.0,-0.0,1575.0,ASK
390,1712369616.2800946,349140.7619979,1548.0,-4.879270914318217e-07,1575.0,ASK
391,1712369616.2972867,351293.84139848,1548.0,-2.559580346816942e-07,1575.0,ASK
392,1712369616.2990594,351420.97744286,1548.0,-1.5113930330645796e-08,1575.0,ASK
393,1712369640.638548,351420.97744286,1548.0,-0.0,1575.0,ASK
394,1712369648.2279165,351427.44156697,1547.0,-7.67553119118299e-10,1575.0,ASK
395,1712369648.2309773,353338.34348547,1547.0,-2.2690138724347642e-07,1575.0,ASK
396,1712369652.5887747,353486.18126711,1548.0,1.755432731338029e-08,1575.0,BID
397,1712369657.0507653,353634.01904876,1548.0,-1.7554327314569085e-08,1575.0,ASK
398,1712369670.5935557,353634.01904876,1548.0,-0.0,1575.0,ASK
399,1712369675.6690607,361147.63313821,1546.0,-8.918074838069916e-07,1575.0,ASK
400,1712369675.6731102,361154.10144351,1546.0,-7.67737470331227e-10,1575.0,ASK
401,1712369675.6769276,361181.42329624,1548.0,-3.242891163428734e-09,1575.0,ASK
402,1712369675.6806247,365464.42124759,1547.0,-5.083585050644448e-07,1575.0,ASK
403,1712369700.6289625,365464.42124759,1547.0,-0.0,1575.0,ASK
404,1712369711.4443705,365496.76277411,1546.0,-3.8559566541818515e-09,1575.0,ASK
405,1712369711.44895,368748.25048059,1546.0,-3.8766245773917393e-07,1575.0,ASK
406,1712369719.9991405,368748.25048098,1546.0,-4.6497176186381844e-17,1575.0,ASK
407,1712369729.2991626,369823.92351121,1546.0,1.2824838605161498e-07,1575.0,BID
408,1712369730.5738878,369823.92351121,1546.0,0.0,1575.0,BID
409,1712369737.7292056,369828.6267761,1549.0,5.60302069139658e-10,1575.0,BID
410,1712369741.2702963,369841.53833194,1549.0,1.5381594747795858e-09,1575.0,BID
411,1712369741.3008356,369846.24159683,1545.0,-5.60302069139658e-10,1575.0,ASK
412,1712369748.4940937,369890.15460491,1545.0,-5.231376472467658e-09,1575.0,ASK
413,1712369760.8895628,369890.15460491,1545.0,-0.0,1575.0,ASK
414,1712369790.8493123,369890.15460491,1545.0,-0.0,1575.0,ASK
415,1712369820.6149418,369890.15460491,1545.0,-0.0,1575.0,ASK
416,1712369821.739763,369955.48707748,1549.0,7.782992002649087e-09,1575.0,BID
417,1712369826.0381908,369959.35804522,1550.0,4.611445086636215e-10,1575.0,BID
418,1712369835.089711,369972.26127102,1550.0,1.537148362200514e-09,1575.0,BID
419,1712369850.5696514,369972.26127102,1550.0,0.0,1575.0,BID
420,1712369880.840062,369972.26127102,1550.0,0.0,1575.0,BID
421,1712369906.1100185,370165.80965811,1549.0,2.305687605814567e-08,1575.0,BID
422,1712369910.8900414,370165.80965811,1549.0,0.0,1575.0,BID
423,1712369924.5700495,370230.36743732,1549.0,7.69031236145869e-09,1575.0,BID
424,1712369930.6999016,370235.05392558,1549.0,5.582682526983509e-10,1575.0,BID
425,1712369933.2900746,370239.74041384,1546.0,-5.582682526983509e-10,1575.0,ASK
426,1712369940.5835714,370239.74041384,1546.0,-0.0,1575.0,ASK
427,1712369957.1401656,370448.41328041,1546.0,-2.4857385989506605e-08,1575.0,ASK
428,1712369957.144441,370632.14861084,1546.0,-2.1886793925249865e-08,1575.0,ASK
429,1712369957.1600225,370632.14861153,1546.0,-8.219294552923151e-17,1575.0,ASK
430,1712369961.2800777,370636.82456812,1548.0,5.570060915822654e-10,1575.0,BID
431,1712369964.010386,370641.50052471,1545.0,-5.570060915822654e-10,1575.0,ASK
432,1712369970.5901449,370641.50052471,1545.0,-0.0,1575.0,ASK
433,1712369974.3601742,370731.50052471,1545.0,-1.0720125053962788e-08,1575.0,ASK
434,1712369974.3700614,371411.64194864,1545.0,-8.101334576566657e-08,1575.0,ASK
435,1712369974.373787,371525.10316071,1545.0,-1.3514648690719897e-08,1575.0,ASK
436,1712369974.4502692,371525.1031615,1545.0,-9.409820533692768e-17,1575.0,ASK
437,1712369987.2802608,371528.41015632,1544.0,-3.939044224817045e-10,1575.0,ASK
438,1712369987.2845914,372169.13284187,1544.0,-7.631808126674192e-08,1575.0,ASK
439,1712369990.2500548,372706.1963857,1544.0,-6.397098168646797e-08,1575.0,ASK
440,1712369997.320398,372715.64781057,1544.0,-1.1257828504947927e-09,1575.0,ASK
441,1712369997.3229563,374361.72146904,1544.0,-1.960679496314722e-07,1575.0,ASK
442,1712369999.1203794,374368.20235043,1543.0,-7.719539884506983e-10,1575.0,ASK
443,1712369999.1301413,374608.73605453,1543.0,-2.8650570973832266e-08,1575.0,ASK
444,1712370000.6101887,374608.73605453,1543.0,-0.0,1575.0,ASK
445,1712370003.5602798,374691.23605453,1544.0,9.8868423137788e-09,1575.0,BID
446,1712370008.1867657,374704.1894224,1544.0,1.5523382492503923e-09,1575.0,BID
447,1712370009.270354,376995.3421134,1544.0,2.745729136085653e-07,1575.0,BID
448,1712370009.350347,379099.9707304,1544.0,2.522197729132782e-07,1575.0,BID
449,1712370010.370471,381111.7317574,1544.0,2.410904732964172e-07,1575.0,BID
450,1712370010.6102824,381244.89294167,1544.0,1.5958104620533812e-08,1575.0,BID
451,1712370010.6502712,381391.12342172,1544.0,1.7524335729966383e-08,1575.0,BID
452,1712370030.5804431,381391.12342172,1544.0,0.0,1575.0,BID
453,1712370033.4749837,381394.66629412,1543.0,-4.2404747842721615e-10,1575.0,ASK
454,1712370034.8103523,381523.94877634,1547.0,1.5473859738735108e-08,1575.0,BID
455,1712370060.9016602,381523.94877634,1547.0,0.0,1575.0,BID
456,1712370076.7305706,381532.14441995,1547.0,9.809149610121263e-10,1575.0,BID
457,1712370080.300434,381536.24224175,1545.0,-4.904574799034418e-10,1575.0,ASK
458,1712370090.8961968,381536.24224175,1545.0,-0.0,1575.0,ASK
459,1712370100.7425103,381549.17048997,1547.0,1.5473444001205396e-09,1575.0,BID
460,1712370107.5110018,381561.49757465,1547.0,1.4753928857776283e-09,1575.0,BID
461,1712370120.598955,381561.49757465,1547.0,0.0,1575.0,BID
462,1712370150.6106532,381561.49757465,1547.0,0.0,1575.0,BID
463,1712370150.8108556,381565.04044705,1545.0,-4.240341027146895e-10,1575.0,ASK
464,1712370180.6264615,381565.04044705,1545.0,-0.0,1575.0,ASK
465,1712370184.1707845,381571.50457116,1547.0,7.736680753956649e-10,1575.0,BID
466,1712370190.3758264,381612.48877985,1546.0,-4.905254496852715e-09,1575.0,ASK
467,1712370196.190968,381625.41702807,1547.0,1.5473361507913295e-09,1575.0,BID
468,1712370200.4311342,381628.41729544,1546.0,-3.5909135441877827e-10,1575.0,ASK
469,1712370200.4356694,381629.51484988,1546.0,-1.3136239601965196e-10,1575.0,ASK
470,1712370203.2411191,381635.97897399,1547.0,7.736680753956649e-10,1575.0,BID
471,1712370209.480962,381639.52184638,1546.0,-4.2403382371800246e-10,1575.0,ASK
472,1712370210.57673,381639.52184638,1546.0,-0.0,1575.0,ASK
473,1712370240.9010038,381639.52184638,1546.0,-0.0,1575.0,ASK
474,1712370257.151332,381643.02184638,1546.0,-4.1889680509941264e-10,1575.0,ASK
475,1712370266.866226,381671.48657522,1547.0,3.406795419740414e-09,1575.0,BID
476,1712370266.8686974,381675.02944762,1547.0,4.2402797977718797e-10,1575.0,BID
477,1712370270.8911748,381675.02944762,1547.0,0.0,1575.0,BID
478,1712370274.051272,381905.67688975,1547.0,-2.7604811846666345e-08,1575.0,ASK
479,1712370289.981553,381908.9543091,1550.0,3.9225470555270336e-10,1575.0,BID
480,1712370300.5613718,381908.9543091,1550.0,0.0,1575.0,BID
481,1712370330.5913768,381908.9543091,1550.0,0.0,1575.0,BID
482,1712370348.5651915,382211.0028971,1548.0,-3.622726736196675e-08,1575.0,ASK
483,1712370348.6214695,382211.0028972,1548.0,-1.1993945561584048e-17,1575.0,ASK
484,1712370359.641592,382405.05205548,1546.0,-2.3273973187302763e-08,1575.0,ASK
485,1712370359.64525,382431.15169204,1546.0,-3.1303523647251673e-09,1575.0,ASK
486,1712370360.871497,382431.15169204,1546.0,-0.0,1575.0,ASK
487,1712370369.9414585,383088.56546028,1546.0,7.88416092573081e-08,1575.0,BID
488,1712370385.0216525,383734.10362228,1546.0,-7.74174043621554e-08,1575.0,ASK
489,1712370385.0262847,383734.10362263,1546.0,-4.1974742075377385e-17,1575.0,ASK
490,1712370385.5816078,383740.58030657,1544.0,-7.76728765273888e-10,1575.0,ASK
491,1712370390.8915262,383740.58030657,1544.0,-0.0,1575.0,ASK
492,1712370391.1517687,383753.51691717,1546.0,1.5510713191246667e-09,1575.0,BID
493,1712370419.9517002,383879.92332908,1544.0,-1.515585234253154e-08,1575.0,ASK
494,1712370419.9737988,384255.78332068,1544.0,-4.5064791002949954e-08,1575.0,ASK
495,1712370420.5918076,384255.78332068,1544.0,-0.0,1575.0,ASK
496,1712370432.731982,384708.56469196,1546.0,5.428231882959102e-08,1575.0,BID
497,1712370440.3217795,384713.28420115,1544.0,-5.65804864822316e-10,1575.0,ASK
498,1712370450.533839,384713.28420115,1544.0,-0.0,1575.0,ASK
499,1712370462.1821537,384719.75250645,1546.0,7.753959481084223e-10,1575.0,BID
500,1712370477.8219798,384732.68911705,1546.0,1.550791896216845e-09,1575.0,BID
501,1712370480.88473,384732.68911705,1546.0,0.0,1575.0,BID
502,1712370510.9119337,384732.68911705,1546.0,0.0,1575.0,BID
503,1712370522.821966,384739.15742235,1546.0,7.753931595795205e-10,1575.0,BID
504,1712370540.593681,384739.15742235,1546.0,0.0,1575.0,BID
505,1712370566.69231,384752.09403295,1546.0,1.550784460130079e-09,1575.0,BID
506,1712370570.6039722,384752.09403295,1546.0,0.0,1575.0,BID
507,1712370600.7041326,384752.09403295,1546.0,0.0,1575.0,BID
508,1712370612.3558867,384809.37473384,1546.0,6.889722283422175e-09,1575.0,BID
509,1712370612.359831,385613.57923995,1546.0,9.672971210347077e-08,1575.0,BID
510,1712370613.3522534,385742.94534603,1546.0,1.5560154291593472e-08,1575.0,BID
511,1712370622.5721438,385983.07319168,1544.0,-2.8882575515655892e-08,1575.0,ASK
512,1712370629.309279,386173.68629263,1546.0,2.292694238586897e-08,1575.0,BID
513,1712370629.3118997,386616.17319168,1546.0,5.322232097616601e-08,1575.0,BID
514,1712370630.5941036,386616.17319168,1546.0,0.0,1575.0,BID
515,1712370660.4520428,386629.10980228,1546.0,1.5554763419408982e-09,1575.0,BID
516,1712370660.886103,386629.10980228,1546.0,0.0,1575.0,BID
517,1712370663.3625245,390076.98987328,1544.0,-4.1456631486707333e-07,1575.0,ASK
518,1712370663.367335,390122.39532985,1544.0,-5.4594627473911e-09,1575.0,ASK
519,1712370668.0326145,392004.63979168,1543.0,-2.2631737013796146e-07,1575.0,ASK
520,1712370668.042449,394400.11412189,1543.0,-2.880271195586621e-07,1575.0,ASK
521,1712370668.0464437,394408.75686662,1543.0,-1.039186618811607e-09,1575.0,ASK
522,1712370673.2623384,395051.68259629,1543.0,7.730412456174284e-08,1575.0,BID
523,1712370688.322453,395055.2401642,1546.0,4.2775496478054887e-10,1575.0,BID
524,1712370690.922421,395055.2401642,1546.0,0.0,1575.0,BID
525,1712370720.5854008,395055.2401642,1546.0,0.0,1575.0,BID
526,1712370737.1726124,395378.6554294,1546.0,3.8826102744525866e-08,1575.0,BID
527,1712370738.7844446,395470.61864353,1546.0,1.1040212336055158e-08,1575.0,BID
528,1712370748.0298977,395483.55525413,1546.0,1.5530441088183882e-09,1575.0,BID
529,1712370750.6339738,395483.55525413,1546.0,0.0,1575.0,BID
530,1712370753.4827402,395490.02355943,1546.0,7.7646033021601e-10,1575.0,BID
531,1712370780.8526506,395490.02355943,1546.0,0.0,1575.0,BID
532,1712370783.9097512,395806.11835071,1544.0,-3.794421568126485e-08,1575.0,ASK
533,1712370792.452862,397471.82355943,1544.0,-1.999522910362726e-07,1575.0,ASK
534,1712370792.554752,398130.82235129,1544.0,7.91066255497811e-08,1575.0,BID
535,1712370810.8967626,398130.82235129,1544.0,0.0,1575.0,BID
536,1712370821.6604338,398137.29065659,1546.0,7.76079543821324e-10,1575.0,BID
537,1712370840.6261828,398137.29065659,1546.0,0.0,1575.0,BID
538,1712370870.6144798,398137.29065659,1546.0,0.0,1575.0,BID
539,1712370893.1826737,399100.68179339,1544.0,-1.1558935798814705e-07,1575.0,ASK
540,1712370900.87229,399100.68179339,1544.0,-0.0,1575.0,ASK
541,1712370905.5724192,400025.62841539,1544.0,-1.1369127773242013e-07,1575.0,ASK
542,1712370905.6123211,400025.62841565,1544.0,-3.195998572281296e-17,1575.0,ASK
543,1712370925.3284788,400046.12428352,1544.0,-2.5192820330925803e-09,1575.0,ASK
544,1712370927.2822144,400059.07765139,1544.0,1.592183709904478e-09,1575.0,BID
545,1712370930.8967228,400059.07765139,1544.0,0.0,1575.0,BID
546,1712370933.486513,400076.13749605,1545.0,2.0965564655925995e-09,1575.0,BID
547,1712370942.8039663,400120.81160608,1545.0,5.490190332602971e-09,1575.0,BID
548,1712370960.6019845,400120.81160608,1545.0,0.0,1575.0,BID
549,1712370982.1320808,400138.41074468,1544.0,-2.162807227449615e-09,1575.0,ASK
550,1712370982.13508,400199.49380815,1544.0,-7.506668033614492e-09,1575.0,ASK
551,1712370985.9721377,400218.91128387,1544.0,2.386267747561412e-09,1575.0,BID
552,1712370990.5692923,400218.91128387,1544.0,0.0,1575.0,BID
553,1712370991.9520345,400245.05609729,1543.0,-3.212949234352723e-09,1575.0,ASK
554,1712370991.9571066,400313.36307687,1543.0,-8.394278980563132e-09,1575.0,ASK
555,1712370991.9719875,400313.36307719,1543.0,-3.932812120599132e-17,1575.0,ASK
556,1712371016.2818265,400326.31644506,1544.0,1.591845874423867e-09,1575.0,BID
557,1712371020.7815075,400340.79976759,1544.0,1.779862769952012e-09,1575.0,BID
558,1712371020.9070723,400340.79976759,1544.0,0.0,1575.0,BID
559,1712371050.8924568,400340.79976759,1544.0,0.0,1575.0,BID
560,1712371077.1632946,400384.24855518,1543.0,-5.339319876030286e-09,1575.0,ASK
561,1712371077.167276,400403.5751916,1543.0,-2.375005142793866e-09,1575.0,ASK
562,1712371080.5713215,400403.5751916,1543.0,-0.0,1575.0,ASK
563,1712371084.3912363,400410.06027591,1542.0,-7.96927355630285e-10,1575.0,ASK
564,1712371086.0713215,400412.0936659,1543.0,2.49875565254466e-10,1575.0,BID
565,1712371095.87037,400418.57875021,1542.0,-7.96927355630285e-10,1575.0,ASK
566,1712371107.2114077,400431.540513,1543.0,1.592821750767902e-09,1575.0,BID
567,1712371110.5911942,400431.540513,1543.0,0.0,1575.0,BID
568,1712371114.0549765,400463.94491999,1543.0,3.982033269990412e-09,1575.0,BID
569,1712371127.791398,401747.34342825,1542.0,-1.5771112738208416e-07,1575.0,ASK
570,1712371127.7960534,401766.79868115,1542.0,-2.390769389724406e-09,1575.0,ASK
571,1712371127.80111,401856.79942693,1542.0,-1.1059790852833394e-08,1575.0,ASK
572,1712371127.9312394,404900.36840493,1542.0,3.7401063792438313e-07,1575.0,BID
573,1712371127.9511209,405870.06674895,1542.0,1.1916191118476485e-07,1575.0,BID
574,1712371127.9611616,406895.24078495,1542.0,1.2597907192490517e-07,1575.0,BID
575,1712371128.0752745,407917.74515295,1543.0,1.256510083130967e-07,1575.0,BID
576,1712371134.681385,407921.32719295,1541.0,-4.401809438714225e-10,1575.0,ASK
577,1712371134.6867275,408008.04645315,1541.0,-1.065654370318901e-08,1575.0,ASK
578,1712371134.6909337,409597.23945161,1541.0,-1.952888505026039e-07,1575.0,ASK
579,1712371140.9209669,409597.23945161,1541.0,-0.0,1575.0,ASK
580,1712371170.8612304,409597.23945161,1541.0,-0.0,1575.0,ASK
581,1712371195.6512456,409662.17451654,1540.0,-7.96574662913451e-09,1575.0,ASK
582,1712371195.6612823,410375.99670991,1541.0,-8.756635165865461e-08,1575.0,ASK
583,1712371195.6656091,410440.93177485,1540.0,-7.965746630362674e-09,1575.0,ASK
584,1712371195.668766,412808.54324094,1540.0,-2.9044081307128506e-07,1575.0,ASK
585,1712371195.6865158,413056.10876677,1540.0,-3.036948149656488e-08,1575.0,ASK
586,1712371195.7109654,413756.29309149,1540.0,8.589336024262763e-08,1575.0,BID
587,1712371195.7309968,414094.71687439,1540.0,4.1515290864201575e-08,1575.0,BID
588,1712371200.6947515,414094.71687439,1540.0,0.0,1575.0,BID
589,1712371212.7109418,414127.10029409,1544.0,3.999963255317608e-09,1575.0,BID
590,1712371212.810953,414439.68346661,1544.0,3.8609918776175816e-08,1575.0,BID
591,1712371212.8165414,414468.88780609,1544.0,3.607286873907604e-09,1575.0,BID
592,1712371212.8509574,414468.88780627,1544.0,2.223068914926352e-17,1575.0,BID
593,1712371217.9912078,414668.88780627,1542.0,-2.4703773056566327e-08,1575.0,ASK
594,1712371219.7107823,414678.3265626,1546.0,1.1658644715623707e-09,1575.0,BID
595,1712371219.7206192,414681.84117414,1546.0,4.3412082933235024e-10,1575.0,BID
596,1712371227.8510036,414699.53684354,1546.0,2.1857490047058846e-09,1575.0,BID
597,1712371227.8563442,416161.58158714,1546.0,1.805901077222018e-07,1575.0,BID
598,1712371227.9308088,416161.58158777,1546.0,7.782179151087588e-17,1575.0,BID
599,1712371230.5276403,416171.02060615,1547.0,1.165896839675844e-09,1575.0,BID
600,1712371230.5301323,416295.52099177,1547.0,1.5378146359063444e-08,1575.0,BID
601,1712371230.5759993,416295.52099177,1547.0,0.0,1575.0,BID
602,1712371233.0108936,417636.57996077,1547.0,1.655765248849547e-07,1575.0,BID
603,1712371260.9006903,417636.57996077,1547.0,0.0,1575.0,BID
604,1712371279.124696,417909.97911177,1547.0,3.3747128175693445e-08,1575.0,BID
605,1712371290.8972614,417909.97911177,1547.0,0.0,1575.0,BID
606,1712371320.598139,417909.97911177,1547.0,0.0,1575.0,BID
607,1712371350.610417,417909.97911177,1547.0,0.0,1575.0,BID
608,1712371380.8702168,417909.97911177,1547.0,0.0,1575.0,BID
609,1712371400.7405145,417928.85640451,1545.0,-2.330004166199118e-09,1575.0,ASK
610,1712371400.7461665,421768.19434071,1545.0,-4.738853981876595e-07,1575.0,ASK
611,1712371400.8403516,423736.40186901,1545.0,2.429337619567651e-07,1575.0,BID
612,1712371400.8603654,424377.82540783,1545.0,7.917022521896043e-08,1575.0,BID
613,1712371400.8822353,424586.212891,1545.0,2.5721045419894025e-08,1575.0,BID
614,1712371401.0204878,424736.211891,1545.0,1.8514217040532084e-08,1575.0,BID
615,1712371403.3903916,427612.050061,1545.0,3.549616467631308e-07,1575.0,BID
616,1712371404.2504373,429803.804169,1545.0,2.705258785391057e-07,1575.0,BID
617,1712371404.6105442,429868.458169,1545.0,7.980174458083812e-09,1575.0,BID
618,1712371406.7002597,430029.265169,1545.0,1.9848236985827785e-08,1575.0,BID
619,1712371407.5303752,431520.70006797,1545.0,1.8408622338384125e-07,1575.0,BID
620,1712371409.7003503,431744.35106797,1545.0,2.760500506890646e-08,1575.0,BID
621,1712371410.4292042,432629.15559149,1545.0,1.092104813158263e-07,1575.0,BID
622,1712371410.9081037,432629.15559149,1545.0,0.0,1575.0,BID
623,1712371414.0604718,433922.33143352,1545.0,1.5916854654704276e-07,1575.0,BID
624,1712371423.7604268,433966.31590958,1545.0,-5.413761143347619e-09,1575.0,ASK
625,1712371426.5504937,433966.31591012,1547.0,6.647130164210886e-17,1575.0,BID
626,1712371426.5560062,433979.2441578,1547.0,1.591253351430165e-09,1575.0,BID
627,1712371440.65809,433979.2441578,1547.0,0.0,1575.0,BID
628,1712371470.566225,433979.2441578,1547.0,0.0,1575.0,BID
629,1712371471.560404,433983.96348099,1547.0,5.807214936306475e-10,1575.0,BID
630,1712371500.6147208,433983.96348099,1547.0,0.0,1575.0,BID
631,1712371519.7570891,433988.68280417,1548.0,5.817417177623555e-10,1575.0,BID
632,1712371519.760172,434007.56084093,1548.0,2.3270585873812067e-09,1575.0,BID
633,1712371530.5777936,434007.56084093,1548.0,0.0,1575.0,BID
634,1712371560.600436,434007.56084093,1548.0,0.0,1575.0,BID
635,1712371590.5912342,434007.56084093,1548.0,0.0,1575.0,BID
636,1712371591.2904737,434016.99876742,1549.0,1.1633894600201095e-09,1575.0,BID
637,1712371591.296028,434054.75484093,1549.0,4.654096216964568e-09,1575.0,BID
638,1712371620.8448503,434054.75484093,1549.0,0.0,1575.0,BID
639,1712371641.3704116,434067.7082088,1548.0,-1.596714688390101e-09,1575.0,ASK
640,1712371650.8694868,434067.7082088,1548.0,-0.0,1575.0,ASK
641,1712371655.5154266,434067.70892868,1549.0,8.873677634407344e-14,1575.0,BID
642,1712371655.5186808,434143.2210757,1550.0,9.308085548985876e-09,1575.0,BID
643,1712371672.660407,435913.2210757,1551.0,2.1818094269437205e-07,1575.0,BID
644,1712371672.6661634,436080.47101875,1551.0,2.0616243073572493e-08,1575.0,BID
645,1712371680.5828488,436080.47101875,1551.0,0.0,1575.0,BID
646,1712371710.5968466,436080.47101875,1551.0,0.0,1575.0,BID
647,1712371735.6801407,436223.5325352,1551.0,-1.7627847570733495e-08,1575.0,ASK
648,1712371740.630015,436223.5325352,1551.0,-0.0,1575.0,ASK
649,1712371767.0503042,436229.97168523,1553.0,7.934017107219688e-10,1575.0,BID
650,1712371770.5823233,436229.97168523,1553.0,0.0,1575.0,BID
651,1712371788.9600964,436905.6268242,1553.0,8.325093841697372e-08,1575.0,BID
652,1712371788.9657578,437319.48423738,1553.0,5.0993496579600034e-08,1575.0,BID
653,1712371800.0600688,438464.43719554,1553.0,1.4107553204645077e-07,1575.0,BID
654,1712371800.6499567,438464.43719554,1553.0,0.0,1575.0,BID
655,1712371830.570161,438464.43719554,1553.0,0.0,1575.0,BID
656,1712371840.9383872,438770.28250931,1551.0,-3.768506062417807e-08,1575.0,ASK
657,1712371860.5942986,438770.28250989,1550.0,-7.146300167705517e-17,1575.0,ASK
658,1712371860.596984,439253.66984789,1550.0,-5.9561092870591577e-08,1575.0,ASK
659,1712371860.8617473,439253.66984789,1550.0,-0.0,1575.0,ASK
660,1712371882.430326,439308.08726724,1550.0,6.704090321098993e-09,1575.0,BID
661,1712371890.8700483,439308.08726724,1550.0,0.0,1575.0,BID
662,1712371893.360068,439362.44976341,1550.0,6.697254328884722e-09,1575.0,BID
663,1712371903.2203274,439838.60103041,1550.0,5.8660038791168976e-08,1575.0,BID
664,1712371903.3210528,439896.75666461,1550.0,7.164554616419627e-09,1575.0,BID
665,1712371903.3238149,441357.66107741,1550.0,1.7997790925765986e-07,1575.0,BID
666,1712371903.3801825,441357.66107766,1550.0,3.0799290857316764e-17,1575.0,BID
667,1712371910.4901388,441482.90220466,1551.0,1.5429234105285726e-08,1575.0,BID
668,1712371920.5830216,441482.90220466,1551.0,0.0,1575.0,BID
669,1712371943.9302783,441486.44373717,1553.0,4.3612231326046917e-10,1575.0,BID
670,1712371950.5924942,441486.44373717,1553.0,0.0,1575.0,BID
671,1712371980.8918192,441486.44373717,1553.0,0.0,1575.0,BID
672,1712371991.0201054,441498.37889492,1553.0,1.4697549907737722e-09,1575.0,BID
673,1712371993.298137,441598.37889492,1553.0,1.2314499913305853e-08,1575.0,BID
674,1712371995.160096,441602.64155492,1553.0,5.24925262005459e-10,1575.0,BID
675,1712371995.1647658,450425.47725293,1553.0,1.086488094382558e-06,1575.0,BID
676,1712372010.8630612,450425.47725293,1553.0,0.0,1575.0,BID
677,1712372029.240517,450474.38201483,1554.0,6.012098949160697e-09,1575.0,BID
678,1712372033.7902498,451465.2127337,1554.0,1.218076132523203e-07,1575.0,BID
679,1712372034.410143,452130.47725293,1554.0,8.17841854573057e-08,1575.0,BID
680,1712372040.582574,452130.47725293,1554.0,0.0,1575.0,BID
681,1712372056.7401583,452323.40329794,1555.0,2.3709609161713667e-08,1575.0,BID
682,1712372070.5725963,452323.40329794,1555.0,0.0,1575.0,BID
683,1712372095.8601086,454972.79743394,1552.0,-3.2558477851081254e-07,1575.0,ASK
684,1712372096.0400436,454972.79743453,1552.0,-7.250438472396165e-17,1575.0,ASK
685,1712372100.8669794,454972.79743453,1552.0,-0.0,1575.0,ASK
686,1712372130.861402,454972.79743453,1552.0,-0.0,1575.0,ASK
687,1712372160.6034424,454972.79743453,1552.0,-0.0,1575.0,ASK
688,1712372190.6000795,454972.79743453,1552.0,-0.0,1575.0,ASK
689,1712372220.893591,454972.79743453,1552.0,-0.0,1575.0,ASK
690,1712372250.8800154,454972.79743453,1552.0,-0.0,1575.0,ASK
691,1712372280.6034937,454972.79743453,1552.0,-0.0,1575.0,ASK
692,1712372310.492448,456438.35678967,1552.0,-1.8113105001231817e-07,1575.0,ASK
693,1712372310.4955711,457823.99215049,1552.0,-1.7125310343745309e-07,1575.0,ASK
694,1712372310.5471334,464770.91323646,1552.0,8.585821558446809e-07,1575.0,BID
695,1712372310.5555482,465052.42314494,1552.0,3.4792303111449226e-08,1575.0,BID
696,1712372310.5723548,465052.42314494,1552.0,0.0,1575.0,BID
697,1712372340.5624292,465052.42314494,1552.0,0.0,1575.0,BID
698,1712372354.080173,465067.89284774,1554.0,1.9082382683839087e-09,1575.0,BID
699,1712372370.5730631,465067.89284774,1554.0,0.0,1575.0,BID
700,1712372371.660354,465379.10110377,1555.0,3.8388439018185814e-08,1575.0,BID
701,1712372371.667257,465620.64783166,1555.0,2.9795487921603547e-08,1575.0,BID
702,1712372400.7515604,465620.64783166,1555.0,0.0,1575.0,BID
703,1712372430.5488665,467004.10110377,1555.0,1.7102862998612906e-07,1575.0,BID
704,1712372430.5520177,468728.26817366,1555.0,2.131491809482853e-07,1575.0,BID
705,1712372430.6203015,468728.26817366,1555.0,0.0,1575.0,BID
706,1712372434.3203323,468728.26817444,1555.0,9.637453775757723e-17,1575.0,BID
707,1712372434.3265574,468744.97768522,1556.0,2.064470532381168e-09,1575.0,BID
708,1712372460.8901184,468744.97768522,1556.0,0.0,1575.0,BID
709,1712372479.2001357,469939.83269987,1555.0,1.4762461192055828e-07,1575.0,BID
710,1712372490.8741224,469939.83269987,1555.0,0.0,1575.0,BID
711,1712372520.570259,469939.83269987,1555.0,0.0,1575.0,BID
712,1712372550.54379,469939.83269987,1555.0,0.0,1575.0,BID
713,1712372554.0703225,475569.27407187,1555.0,6.953591524345395e-07,1575.0,BID
714,1712372560.3405,475890.81748023,1555.0,3.9717644635257e-08,1575.0,BID
715,1712372576.9705148,475958.84905882,1555.0,8.403388134107245e-09,1575.0,BID
716,1712372580.870162,475958.84905882,1555.0,0.0,1575.0,BID
717,1712372599.8680167,476601.52258067,1556.0,7.929256724955909e-08,1575.0,BID
718,1712372601.0703328,477033.82258067,1556.0,5.333684313507886e-08,1575.0,BID
719,1712372602.0302622,477379.62258067,1556.0,4.2664539338677184e-08,1575.0,BID
720,1712372602.5203753,477656.32258067,1556.0,3.413903422502276e-08,1575.0,BID
721,1712372603.944182,477677.13954804,1556.0,2.5683815016450726e-09,1575.0,BID
722,1712372603.9498396,477877.62258067,1556.0,2.473544312429212e-08,1575.0,BID
723,1712372604.5201352,478054.72258067,1556.0,2.1850462454826463e-08,1575.0,BID
724,1712372606.9502828,478196.32258067,1556.0,1.7470499625096535e-08,1575.0,BID
725,1712372610.9001968,478196.32258067,1556.0,0.0,1575.0,BID
726,1712372615.9503329,478763.13580138,1556.0,6.990295482827768e-08,1575.0,BID
727,1712372640.637041,478763.13580138,1556.0,0.0,1575.0,BID
728,1712372648.2104597,478963.13580138,1557.0,2.4662569547444943e-08,1575.0,BID
729,1712372659.5904229,479313.10147364,1557.0,4.315526365665704e-08,1575.0,BID
730,1712372659.8703077,479316.50093364,1557.0,4.1919709336705856e-10,1575.0,BID
731,1712372659.881921,479581.03245139,1557.0,3.262013477000289e-08,1575.0,BID
732,1712372659.8846548,485481.59822009,1558.0,7.276155681991805e-07,1575.0,BID
733,1712372659.8874092,485581.59822009,1558.0,1.2331284773722472e-08,1575.0,BID
734,1712372660.7607772,486313.18176661,1558.0,9.021365047908406e-08,1575.0,BID
735,1712372670.5928478,486313.18176661,1558.0,0.0,1575.0,BID
736,1712372689.812411,486413.18176661,1559.0,1.2313425078212057e-08,1575.0,BID
737,1712372695.4688275,487534.92755163,1559.0,1.3812532680643944e-07,1575.0,BID
738,1712372700.9098494,487534.92755163,1559.0,0.0,1575.0,BID
739,1712372724.5202403,487554.26151163,1560.0,-2.39639812797264e-09,1575.0,ASK
740,1712372726.790619,487574.31800819,1561.0,2.48595480751447e-09,1575.0,BID
741,1712372726.796194,488295.95780856,1561.0,8.944552831808575e-08,1575.0,BID
742,1712372730.864097,488295.95780856,1561.0,0.0,1575.0,BID
743,1712372746.1304717,488312.06838156,1562.0,1.9965730319431952e-09,1575.0,BID
744,1712372746.1375968,488412.06838156,1562.0,1.239293619131506e-08,1575.0,BID
745,1712372746.2701588,488663.10832956,1562.0,-3.1111220570356554e-08,1575.0,ASK
746,1712372746.350309,489117.60832956,1562.0,-5.6325894989526974e-08,1575.0,ASK
747,1712372748.7210171,489185.80432956,1562.0,-8.451486765028756e-09,1575.0,ASK
748,1712372751.9603584,496130.08796937,1562.0,-8.606006404255829e-07,1575.0,ASK
749,1712372753.8703616,496515.07096937,1562.0,-4.7710697537411385e-08,1575.0,ASK
750,1712372754.3103852,499221.06415632,1562.0,-3.353520090000445e-07,1575.0,ASK
751,1712372754.320474,502257.39706332,1562.0,-3.762907997204085e-07,1575.0,ASK
752,1712372760.5939257,502257.39706332,1562.0,-0.0,1575.0,ASK
753,1712372787.7703269,502385.43803632,1562.0,1.5825266357155538e-08,1575.0,BID
754,1712372790.5489557,502385.43803632,1562.0,0.0,1575.0,BID
755,1712372794.5303488,502702.6353429,1563.0,3.9203136830154003e-08,1575.0,BID
756,1712372794.540666,502728.52445153,1563.0,3.199693840329269e-09,1575.0,BID
757,1712372794.5435429,502728.52445165,1562.0,1.4826869553313122e-17,1575.0,BID
758,1712372794.5476496,502839.30102539,1563.0,1.3691128795286192e-08,1575.0,BID
759,1712372820.8837547,502839.30102539,1563.0,0.0,1575.0,BID
760,1712372850.9080625,502839.30102539,1563.0,0.0,1575.0,BID
761,1712372854.4714456,502939.30102539,1563.0,1.2358144028599022e-08,1575.0,BID
762,1712372857.090526,503131.4855225,1561.0,-2.375043695349521e-08,1575.0,ASK
763,1712372857.097068,503973.26151708,1561.0,-1.0402788980836909e-07,1575.0,ASK
764,1712372880.5539606,503973.26151708,1561.0,-0.0,1575.0,ASK
765,1712372884.5104113,504613.87650748,1561.0,7.915080674723624e-08,1575.0,BID
766,1712372884.5303173,504715.03428498,1565.0,1.2498489448213669e-08,1575.0,BID
767,1712372884.5359488,504741.97650748,1565.0,3.328830387048349e-09,1575.0,BID
768,1712372890.012459,504748.76551748,1564.0,8.38812120483711e-10,1575.0,BID
769,1712372890.0200908,504758.6005484,1564.0,1.2151614360751775e-09,1575.0,BID
770,1712372895.0104618,504789.71823986,1560.0,-3.844727988074967e-09,1575.0,ASK
771,1712372910.6246634,504789.71823986,1560.0,-0.0,1575.0,ASK
772,1712372923.703185,504858.34331983,1563.0,8.477595708388358e-09,1575.0,BID
773,1712372940.8632653,504858.34331983,1563.0,0.0,1575.0,BID
774,1712372954.948606,504873.41869671,1560.0,-1.862311227438914e-09,1575.0,ASK
775,1712372970.8527,504873.41869671,1560.0,-0.0,1575.0,ASK
776,1712373000.6375573,504873.41869671,1560.0,-0.0,1575.0,ASK
777,1712373002.831454,504879.84549671,1562.0,7.95318580734815e-10,1575.0,BID
778,1712373004.1777034,504879.84549828,1562.0,1.9429236899453703e-16,1575.0,BID
779,1712373004.184301,504884.83591204,1565.0,6.175653184970257e-10,1575.0,BID
780,1712373030.5870118,504884.83591204,1565.0,0.0,1575.0,BID
781,1712373060.8413186,504884.83591204,1565.0,0.0,1575.0,BID
782,1712373090.8567357,504884.83591204,1565.0,0.0,1575.0,BID
783,1712373120.5892923,504884.83591204,1565.0,0.0,1575.0,BID
784,1712373150.6050382,504884.83591204,1565.0,0.0,1575.0,BID
785,1712373180.8410754,504884.83591204,1565.0,0.0,1575.0,BID
786,1712373198.0117352,504948.73367561,1565.0,7.907351463733956e-09,1575.0,BID
787,1712373210.8440564,504948.73367561,1565.0,0.0,1575.0,BID
788,1712373231.4937608,505081.22717327,1565.0,1.6395874117196616e-08,1575.0,BID
789,1712373240.5535345,505081.22717327,1565.0,0.0,1575.0,BID
790,1712373242.7036538,506414.29303075,1565.0,1.649606928232826e-07,1575.0,BID
791,1712373242.7103405,507812.55303075,1565.0,1.7302816440225808e-07,1575.0,BID
792,1712373242.8435094,508130.80302975,1565.0,-3.938195553615835e-08,1575.0,ASK
793,1712373242.8465574,510024.68643405,1565.0,-2.3435925295575969e-07,1575.0,ASK
794,1712373270.607646,510024.68643405,1565.0,-0.0,1575.0,ASK
795,1712373272.753161,510028.19408711,1567.0,4.336405847053061e-10,1575.0,BID
796,1712373300.6243904,510028.19408711,1567.0,0.0,1575.0,BID
797,1712373330.592377,510028.19408711,1567.0,0.0,1575.0,BID
798,1712373360.8319387,510028.19408711,1567.0,0.0,1575.0,BID
799,1712373365.1419144,511087.91779811,1565.0,1.317132236834323e-07,1575.0,BID
800,1712373365.241985,511176.4798738,1565.0,1.1007394063327036e-08,1575.0,BID
801,1712373390.871775,511176.4798738,1565.0,0.0,1575.0,BID
802,1712373401.1018188,514375.45620137,1563.0,-3.9751247424322e-07,1575.0,ASK
803,1712373401.1098497,518542.58295968,1564.0,-5.178171697942034e-07,1575.0,ASK
804,1712373401.115224,520161.3359961,1563.0,-2.011501364203058e-07,1575.0,ASK
1005,1712373401.1188133,520593.36755834,1562.0,-5.368527856148824e-08,1575.0,ASK
805,1712373401.1188133,520593.36755834,1562.0,-5.3685278561488244e-08,1575.0,ASK
806,1712373401.1224074,521937.84695012,1563.0,-1.6706823523181865e-07,1575.0,ASK
807,1712373420.5840063,521937.84695012,1563.0,-0.0,1575.0,ASK
808,1712373444.3232722,522457.75095012,1564.0,-6.446974067664649e-08,1575.0,ASK
809,1712373450.6190317,522457.75095012,1564.0,-0.0,1575.0,ASK
810,1712373454.9810565,524457.75095012,1564.0,-2.479813227234461e-07,1575.0,ASK
811,1712373480.6452076,524457.75095012,1564.0,-0.0,1575.0,ASK
812,1712373483.6409445,524649.68952912,1566.0,2.3789364817439365e-08,1575.0,BID
813,1712373510.584808,524649.68952912,1566.0,0.0,1575.0,BID
814,1712373533.3904915,525286.17739564,1566.0,7.888501660004421e-08,1575.0,BID
815,1712373533.3973851,525286.17739629,1566.0,8.055308232847235e-17,1575.0,BID
816,1712373540.9019845,525286.17739629,1566.0,0.0,1575.0,BID
817,1712373555.8001995,525922.02988671,1566.0,7.879653532736257e-08,1575.0,BID
818,1712373570.8447747,525922.02988671,1566.0,0.0,1575.0,BID
819,1712373600.6352725,525922.02988671,1566.0,0.0,1575.0,BID
820,1712373630.5540557,525922.02988671,1566.0,0.0,1575.0,BID
821,1712373660.8658442,525922.02988671,1566.0,0.0,1575.0,BID
1022,1712373672.0192926,525936.30111914,1566.0,1.77438817210601e-09,1575.0,BID
822,1712373672.0192926,525936.30111914,1566.0,1.7743881721060101e-09,1575.0,BID
823,1712373685.8727565,525953.71616166,1566.0,2.165268179593064e-09,1575.0,BID
824,1712373690.8391364,525953.71616166,1566.0,0.0,1575.0,BID
825,1712373704.0089264,526524.38875868,1568.0,7.095311943778884e-08,1575.0,BID
826,1712373704.0128086,526591.4712637,1568.0,8.340531884185711e-09,1575.0,BID
827,1712373704.2489643,526691.62866668,1568.0,1.2452814824686552e-08,1575.0,BID
828,1712373704.2529328,527601.8329727,1568.0,1.1316792706549861e-07,1575.0,BID
829,1712373720.6288462,527601.8329727,1568.0,0.0,1575.0,BID
830,1712373742.9294198,527793.28160065,1567.0,-2.3795630383883122e-08,1575.0,ASK
831,1712373743.048722,528239.58807465,1567.0,5.5472551602767573e-08,1575.0,BID
1031,1712373743.048722,528239.58807465,1567.0,5.547255160276757e-08,1575.0,BID
832,1712373750.562912,528239.58807465,1567.0,0.0,1575.0,BID
833,1712373775.078591,528239.58807474,1567.0,1.1183574918416177e-17,1575.0,BID
834,1712373775.0884173,528475.34778165,1569.0,2.9299526191718025e-08,1575.0,BID
835,1712373780.8556502,528475.34778165,1569.0,0.0,1575.0,BID
1036,1712373802.5784223,528478.73082165,1569.0,4.204149805198488e-10,1575.0,BID
836,1712373802.5784223,528478.73082165,1569.0,4.2041498051984874e-10,1575.0,BID
837,1712373803.5584168,528505.13082165,1569.0,-3.2807638945384943e-09,1575.0,ASK
838,1712373810.8482645,528505.13082165,1569.0,-0.0,1575.0,ASK
839,1712373816.4786046,528505.26144177,1569.0,-1.6232245642974488e-11,1575.0,ASK
840,1712373816.9786642,528511.5811493,1570.0,7.85354086617108e-10,1575.0,BID
841,1712373816.9854891,528528.20519022,1570.0,2.065880170995788e-09,1575.0,BID
842,1712373816.9908442,529500.25434652,1572.0,1.2079716880453992e-07,1575.0,BID
843,1712373816.9963098,529593.92307031,1570.0,1.1640272064462414e-08,1575.0,BID
844,1712373816.9996238,530424.73314432,1571.0,1.0324529794017329e-07,1575.0,BID
845,1712373817.0027146,530457.86007863,1569.0,4.116705261143779e-09,1575.0,BID
846,1712373817.005877,530866.60212687,1571.0,5.0794635105378415e-08,1575.0,BID
847,1712373817.0090158,530969.93553342,1572.0,1.2841308356956346e-08,1575.0,BID
848,1712373817.012177,530974.14867177,1571.0,5.23569390672996e-10,1575.0,BID
849,1712373817.0797844,531692.00459027,1572.0,-8.920841297208701e-08,1575.0,ASK
850,1712373817.13821,531711.98290659,1568.0,-2.4827181149174783e-09,1575.0,ASK
851,1712373817.1420066,532138.50459027,1568.0,-5.3004121744629336e-08,1575.0,ASK
852,1712373820.878444,532155.06509982,1570.0,2.0579850871116223e-09,1575.0,BID
853,1712373840.5821092,532155.06509982,1570.0,0.0,1575.0,BID
854,1712373846.7535324,532399.25263282,1569.0,3.032373166403958e-08,1575.0,BID
855,1712373860.1881454,532479.01997097,1570.0,9.905679163454872e-09,1575.0,BID
856,1712373860.1949584,532574.36381233,1570.0,1.1840002745830936e-08,1575.0,BID
857,1712373870.5779345,532574.36381233,1570.0,0.0,1575.0,BID
858,1712373892.26807,532809.08481233,1570.0,-2.9145775535482023e-08,1575.0,ASK
859,1712373900.557736,532997.43681233,1570.0,-2.3388044161624843e-08,1575.0,ASK
860,1712373900.84787,532997.43681233,1570.0,-0.0,1575.0,ASK
861,1712373913.597885,533010.75241008,1570.0,-1.659582070265716e-09,1575.0,ASK
862,1712373924.928079,533118.93479221,1570.0,-1.3483250626229733e-08,1575.0,ASK
863,1712373930.861327,533118.93479221,1570.0,-0.0,1575.0,ASK
864,1712373937.0079331,533126.42481595,1570.0,-9.334927221358682e-10,1575.0,ASK
865,1712373947.7183378,533132.04233375,1570.0,-7.00119540988895e-10,1575.0,ASK
866,1712373960.6116347,533132.04233375,1570.0,-0.0,1575.0,ASK
867,1712373972.0178864,533168.53693499,1570.0,-4.548364392741016e-09,1575.0,ASK
868,1712373979.18782,534311.29852192,1570.0,-1.424236992538981e-07,1575.0,ASK
869,1712373990.5629427,534311.29852192,1570.0,-0.0,1575.0,ASK
870,1712374020.851071,534311.29852192,1570.0,-0.0,1575.0,ASK
871,1712374050.8737144,534311.29852192,1570.0,-0.0,1575.0,ASK
872,1712374075.8006532,534325.94257019,1569.0,1.8246836467430755e-09,1575.0,BID
873,1712374080.5872688,534325.94257019,1569.0,0.0,1575.0,BID
874,1712374100.9978054,534644.61688504,1569.0,3.9707472653341246e-08,1575.0,BID
875,1712374110.5809617,534644.61688504,1569.0,0.0,1575.0,BID
876,1712374116.1945586,535339.83809404,1569.0,8.662059072761378e-08,1575.0,BID
877,1712374117.4502585,536188.77227404,1568.0,1.0577234872656269e-07,1575.0,BID
878,1712374117.5271504,537463.67227404,1569.0,1.5884525628534334e-07,1575.0,BID
879,1712374131.1873133,549370.45629439,1569.0,1.4835172635084145e-06,1575.0,BID
880,1712374131.367104,550511.31034209,1569.0,1.4214389645547317e-07,1575.0,BID
881,1712374131.3872995,551391.44329254,1569.0,1.0965953728090478e-07,1575.0,BID
882,1712374131.3970494,552165.90344108,1569.0,9.649330988911017e-08,1575.0,BID
883,1712374140.8770566,552165.90344108,1569.0,0.0,1575.0,BID
884,1712374170.8706758,552165.90344108,1569.0,0.0,1575.0,BID
885,1712374200.6968317,552165.90344108,1569.0,0.0,1575.0,BID
886,1712374204.053361,552281.31034209,1569.0,-1.4448786455630658e-08,1575.0,ASK
887,1712374208.667191,553374.49668748,1569.0,1.3686543805026418e-07,1575.0,BID
888,1712374208.6748583,553412.88061541,1570.0,4.805615375994227e-09,1575.0,BID
889,1712374208.6804628,553449.37521665,1571.0,4.56907425365679e-09,1575.0,BID
890,1712374208.683743,553513.06948417,1572.0,7.974435339569433e-09,1575.0,BID
891,1712374208.687049,553939.50207253,1571.0,5.338877790682688e-08,1575.0,BID
892,1712374208.690283,554192.13683959,1572.0,3.16295279448112e-08,1575.0,BID
893,1712374219.7468708,554829.48546929,1571.0,7.979517834491906e-08,1575.0,BID
894,1712374230.546701,554829.48546929,1571.0,0.0,1575.0,BID
895,1712374260.8667023,554829.48546929,1571.0,0.0,1575.0,BID
896,1712374290.8760974,554829.48546929,1571.0,0.0,1575.0,BID
897,1712374320.5873966,554829.48546929,1571.0,0.0,1575.0,BID
898,1712374350.5994325,554829.48546929,1571.0,0.0,1575.0,BID
899,1712374370.5442162,554845.45839885,1572.0,-1.998742385006328e-09,1575.0,ASK
900,1712374371.6558688,554877.26501462,1572.0,3.980060816287705e-09,1575.0,BID
901,1712374373.061464,554909.07163039,1572.0,3.980060816287705e-09,1575.0,BID
902,1712374375.705991,554940.87824616,1572.0,3.980060816287705e-09,1575.0,BID
903,1712374380.8557563,554940.87824616,1572.0,0.0,1575.0,BID
904,1712374383.751193,554956.71193239,1572.0,1.9812750201088633e-09,1575.0,BID
905,1712374383.8266358,554972.68486193,1572.0,-1.9986985870376035e-09,1575.0,ASK
906,1712374391.7958384,555004.4914777,1572.0,3.979973607146466e-09,1575.0,BID
907,1712374400.585801,555036.31833957,1571.0,-3.982507009138977e-09,1575.0,ASK
908,1712374400.5956175,555045.4232715,1571.0,-1.139303503354361e-09,1575.0,ASK
909,1712374410.915692,555045.4232715,1571.0,-0.0,1575.0,ASK
910,1712374412.195786,555077.25013337,1571.0,3.9824251328623815e-09,1575.0,BID
911,1712374413.985627,555109.07699524,1571.0,3.982425132847813e-09,1575.0,BID
912,1712374417.0556724,555140.90385711,1571.0,3.9824251328623815e-09,1575.0,BID
913,1712374436.925749,555777.03617263,1570.0,-7.959783567415718e-08,1575.0,ASK
914,1712374438.3858893,555808.8630345,1571.0,3.9824251328623815e-09,1575.0,BID
915,1712374440.367275,555840.68989637,1571.0,3.9824251328623815e-09,1575.0,BID
916,1712374440.5700293,555840.68989637,1571.0,0.0,1575.0,BID
917,1712374451.765726,556276.75610874,1571.0,5.455548047263772e-08,1575.0,BID
918,1712374451.7746632,556477.22713379,1571.0,2.508057900887877e-08,1575.0,BID
919,1712374451.9456515,556509.05399566,1571.0,3.981802973952026e-09,1575.0,BID
920,1712374460.635636,556827.32261437,1571.0,3.9818029740758244e-08,1575.0,BID
921,1712374463.4856708,556859.14947624,1571.0,3.981802973952026e-09,1575.0,BID
922,1712374464.9566376,556890.97633811,1571.0,3.981802973952026e-09,1575.0,BID
923,1712374466.3956044,556912.88842426,1571.0,2.7413827399496794e-09,1575.0,BID
924,1712374466.405632,556922.80319998,1571.0,1.240420233987782e-09,1575.0,BID
925,1712374467.8521657,556954.63006185,1571.0,3.981802973952026e-09,1575.0,BID
926,1712374469.6360254,556986.45692372,1571.0,3.981802973952026e-09,1575.0,BID
927,1712374470.5880194,556986.45692372,1571.0,0.0,1575.0,BID
928,1712374474.1155338,557630.3246082,1570.0,-8.053502280856423e-08,1575.0,ASK
929,1712374474.1217186,557671.29212411,1570.0,-5.124220251696663e-09,1575.0,ASK
930,1712374479.735574,557765.84032632,1570.0,1.1826096890760092e-08,1575.0,BID
931,1712374483.956188,558704.89637727,1570.0,1.1745720790887192e-07,1575.0,BID
932,1712374500.862223,558704.89637727,1570.0,0.0,1575.0,BID
933,1712374530.8913271,558704.89637727,1570.0,0.0,1575.0,BID
934,1712374560.5651798,558704.89637727,1570.0,0.0,1575.0,BID
935,1712374568.1752002,558736.74351102,1570.0,3.987800582933965e-09,1575.0,BID
936,1712374569.675119,558768.59064477,1570.0,3.987800582933965e-09,1575.0,BID
937,1712374575.7452805,558855.89064476,1570.0,1.093143871544232e-08,1575.0,BID
1138,1712374576.8453436,558887.75807624,1569.0,-3.9903422025387624e-09,1575.0,ASK
938,1712374576.8453436,558887.75807624,1569.0,-3.990342202538762e-09,1575.0,ASK
939,1712374576.9853654,559040.15807624,1569.0,1.9083061402334816e-08,1575.0,BID
940,1712374588.7058096,559050.16107624,1569.0,1.252545034173383e-09,1575.0,BID
941,1712374590.601489,559050.16107624,1569.0,0.0,1575.0,BID
942,1712374602.355334,559082.02850772,1569.0,3.990071470339942e-09,1575.0,BID
943,1712374604.002166,559113.8959392,1569.0,3.990071470339942e-09,1575.0,BID
944,1712374605.485139,559145.76337068,1569.0,3.9900714703545195e-09,1575.0,BID
945,1712374606.9251587,559177.63080216,1569.0,3.990071470339942e-09,1575.0,BID
946,1712374608.375162,559209.49823364,1569.0,3.990071470339942e-09,1575.0,BID
947,1712374609.8557546,559241.36566512,1569.0,3.990071470339942e-09,1575.0,BID
948,1712374613.9351895,559493.23566512,1569.0,3.153625047773666e-08,1575.0,BID
949,1712374620.8756287,559493.23566512,1569.0,0.0,1575.0,BID
950,1712374625.8249753,559742.0739016,1569.0,3.115393635931356e-08,1575.0,BID
951,1712374625.8681047,559935.7106115,1570.0,2.4242840740175188e-08,1575.0,BID
952,1712374632.7611268,560129.3496278,1570.0,2.4243129495805934e-08,1575.0,BID
953,1712374633.5151708,560139.30555983,1569.0,-1.2464582503373475e-09,1575.0,ASK
954,1712374633.6451037,561139.30555983,1570.0,1.251975452004741e-07,1575.0,BID
955,1712374633.6941662,561332.94457613,1570.0,2.4243129495791355e-08,1575.0,BID
956,1712374633.715186,561508.02082223,1570.0,2.1919116234635604e-08,1575.0,BID
957,1712374633.725053,562144.55805965,1570.0,7.96928995536728e-08,1575.0,BID
958,1712374633.7950406,562256.95805965,1571.0,1.4072204080536204e-08,1575.0,BID
959,1712374642.3960924,562422.38414619,1571.0,2.071093994692727e-08,1575.0,BID
960,1712374645.2150548,562781.09529707,1571.0,4.490975552620933e-08,1575.0,BID
961,1712374650.9003708,562781.09529707,1571.0,0.0,1575.0,BID
962,1712374680.5934534,562781.09529707,1571.0,0.0,1575.0,BID
963,1712374699.4249084,563099.16145483,1572.0,-3.979538203095901e-08,1575.0,ASK
964,1712374710.5748184,563099.16145483,1572.0,-0.0,1575.0,ASK
965,1712374720.8948534,563130.9680706,1572.0,3.9792892646098914e-09,1575.0,BID
1165,1712374720.8948534,563130.9680706,1572.0,3.979289264609891e-09,1575.0,BID
966,1712374724.0248742,563162.79493247,1571.0,-3.9818222309927925e-09,1575.0,ASK
967,1712374727.394965,563194.62179434,1571.0,3.9818222309927925e-09,1575.0,BID
968,1712374728.7650928,563226.44865621,1571.0,3.9818222309927925e-09,1575.0,BID
969,1712374740.5983567,563226.44865621,1571.0,0.0,1575.0,BID
970,1712374742.974963,563549.62168639,1570.0,-4.043079596208331e-08,1575.0,ASK
971,1712374742.985414,565319.62168639,1570.0,-2.214371317217268e-07,1575.0,ASK
972,1712374748.5448017,566701.45862381,1570.0,-1.728757106945818e-07,1575.0,ASK
973,1712374755.189013,566733.26523958,1572.0,3.979189698236899e-09,1575.0,BID
974,1712374770.6400187,566733.26523958,1572.0,0.0,1575.0,BID
975,1712374796.624695,566765.07185535,1572.0,-3.9764507078759415e-09,1575.0,ASK
976,1712374797.984666,566796.87847112,1572.0,3.976450707861387e-09,1575.0,BID
977,1712374800.6389358,566796.87847112,1572.0,0.0,1575.0,BID
978,1712374821.4170918,566828.70533299,1571.0,-3.990196749739856e-09,1575.0,ASK
979,1712374821.4209485,567516.62968324,1571.0,-8.624643917598276e-08,1575.0,ASK
980,1712374830.3123384,567548.43629901,1572.0,3.987658456053717e-09,1575.0,BID
981,1712374830.5999596,567548.43629901,1572.0,0.0,1575.0,BID
982,1712374844.9248128,567580.26316088,1571.0,-3.989606166926118e-09,1575.0,ASK
983,1712374844.9347866,567643.2220697,1571.0,-7.892114903358913e-09,1575.0,ASK
984,1712374856.59804,567897.65746117,1571.0,3.189434795798709e-08,1575.0,BID
985,1712374858.444962,567929.48432304,1571.0,3.989606166926118e-09,1575.0,BID
986,1712374860.1559186,567961.31118491,1571.0,3.989606166926118e-09,1575.0,BID
987,1712374860.8548856,567961.31118491,1571.0,0.0,1575.0,BID
988,1712374863.3650708,567993.15831866,1570.0,-3.9918227512111355e-09,1575.0,ASK
989,1712374863.374923,568679.99197188,1570.0,-8.608995160271588e-08,1575.0,ASK
990,1712374864.7248063,568711.83910563,1570.0,3.9918227512111355e-09,1575.0,BID
991,1712374866.3551304,568743.68623938,1570.0,3.991822751225728e-09,1575.0,BID
992,1712374887.5649662,569307.80718599,1570.0,7.070874405185664e-08,1575.0,BID
993,1712374887.572587,569529.72259898,1571.0,2.7815595631682545e-08,1575.0,BID
994,1712374890.8647585,569529.72259898,1571.0,0.0,1575.0,BID
995,1712374892.0346615,569561.54946085,1571.0,3.988050801659347e-09,1575.0,BID
996,1712374893.4247406,569593.37632272,1571.0,3.988050801659347e-09,1575.0,BID
997,1712374894.7252524,569625.20318459,1571.0,3.988050801659347e-09,1575.0,BID
998,1712374908.3247273,569630.20318459,1571.0,6.2652278096844e-10,1575.0,BID
999,1712374920.57506,569630.20318459,1571.0,0.0,1575.0,BID
1000,1712374950.6152363,569630.20318459,1571.0,0.0,1575.0,BID
1201,1712374962.3156643,569662.03004646,1571.0,3.987971919771312e-09,1575.0,BID
1202,1712374963.6857264,569693.85690833,1571.0,3.987971919771312e-09,1575.0,BID
1203,1712374964.935869,569725.6837702,1571.0,3.987971919771312e-09,1575.0,BID
1204,1712374966.2159104,569757.51063207,1571.0,3.987971919771312e-09,1575.0,BID
1205,1712374980.2800815,569789.35776582,1570.0,-3.990512028450953e-09,1575.0,ASK
1206,1712374980.2813642,569821.20489957,1570.0,-3.990512028450953e-09,1575.0,ASK
1207,1712374980.375968,569853.03176144,1570.0,3.987971919771312e-09,1575.0,BID
1208,1712374980.876033,569853.03176144,1570.0,0.0,1575.0,BID
1209,1712374990.536579,569884.87889519,1570.0,3.990337045231417e-09,1575.0,BID
1210,1712374992.0005937,569916.72602894,1570.0,3.990337045231417e-09,1575.0,BID
1211,1712374994.4364371,569948.57316269,1570.0,3.990337045246003e-09,1575.0,BID
1212,1712375005.276785,571750.44059417,1569.0,-2.2576783263690505e-07,1575.0,ASK
1213,1712375010.8668144,571750.44059417,1569.0,-0.0,1575.0,ASK
1214,1712375033.2561066,571782.32834927,1568.0,-3.9939369264059335e-09,1575.0,ASK
1215,1712375033.2574103,573383.42795299,1568.0,-2.005375044461686e-07,1575.0,ASK
1216,1712375033.2586248,575028.94325911,1568.0,-2.061005650432781e-07,1575.0,ASK
1217,1712375033.5445552,575548.94225911,1568.0,6.512980300053387e-08,1575.0,BID
1218,1712375033.8542216,575612.71776932,1568.0,7.987873854051251e-09,1575.0,BID
1219,1712375035.6060138,575676.42476932,1568.0,7.979292959698644e-09,1575.0,BID
1220,1712375040.591344,575676.42476932,1568.0,0.0,1575.0,BID
1221,1712375067.008336,575867.87339727,1567.0,-2.3960439991816883e-08,1575.0,ASK
1222,1712375067.0194402,576108.45633156,1567.0,-3.0109763761881364e-08,1575.0,ASK
1223,1712375070.5782073,576108.45633156,1567.0,-0.0,1575.0,ASK
1224,1712375091.458614,578781.90801907,1567.0,-3.3456312769906335e-07,1575.0,ASK
1225,1712375096.4286857,578930.06008545,1567.0,1.8540158752337162e-08,1575.0,BID
1226,1712375100.5627985,578930.06008545,1567.0,0.0,1575.0,BID
1227,1712375113.2392793,578946.34507485,1566.0,-2.0468043207076553e-09,1575.0,ASK
1228,1712375113.2410357,579077.70474917,1566.0,-1.6510145776560706e-08,1575.0,ASK
1229,1712375113.2490928,579199.11471085,1566.0,-1.525960060756509e-08,1575.0,ASK
1230,1712375113.250667,579591.72253573,1565.0,-4.93455275018322e-08,1575.0,ASK
1231,1712375114.689602,580548.72253573,1566.0,1.202820392937444e-07,1575.0,BID
1232,1712375129.7154744,580654.58852778,1565.0,-1.3305932513723769e-08,1575.0,ASK
1233,1712375130.53308,580654.58852778,1565.0,-0.0,1575.0,ASK
1234,1712375160.829913,580654.58852778,1565.0,-0.0,1575.0,ASK
1235,1712375182.7305262,580665.6138861,1565.0,-1.38526925987549e-09,1575.0,ASK
1236,1712375190.897238,580665.6138861,1565.0,-0.0,1575.0,ASK
1237,1712375191.100776,581304.59152188,1565.0,-8.028348212711089e-08,1575.0,ASK
1238,1712375191.1032622,581874.87263777,1565.0,-7.165220065815939e-08,1575.0,ASK
1239,1712375209.191028,582865.12520705,1565.0,-1.2441894676027013e-07,1575.0,ASK
1240,1712375220.6094549,582865.12520705,1565.0,-0.0,1575.0,ASK
1241,1712375250.567485,582865.12520705,1565.0,-0.0,1575.0,ASK
1242,1712375280.848715,582865.12520705,1565.0,-0.0,1575.0,ASK
1243,1712375310.869148,582865.12520705,1565.0,-0.0,1575.0,ASK
1244,1712375340.6162193,582865.12520705,1565.0,-0.0,1575.0,ASK
1245,1712375352.6432974,582876.28140337,1565.0,-1.401099252093115e-09,1575.0,ASK
1246,1712375353.5331616,582880.29881911,1567.0,5.045445622604122e-10,1575.0,BID
1247,1712375353.5361104,582884.31623485,1568.0,5.045445622457918e-10,1575.0,BID
1248,1712375353.5390234,583869.9130558,1569.0,1.2378044712491578e-07,1575.0,BID
1249,1712375353.5419216,583876.28140337,1569.0,7.997965221677025e-10,1575.0,BID
1250,1712375370.5696058,583876.28140337,1569.0,0.0,1575.0,BID
1251,1712375400.6382723,583876.28140337,1569.0,0.0,1575.0,BID
1252,1712375430.587195,583876.28140337,1569.0,0.0,1575.0,BID
1253,1712375439.263682,583877.94788727,1569.0,2.112076048206376e-10,1575.0,BID
1254,1712375439.273558,583940.86287936,1569.0,7.973749273112809e-09,1575.0,BID
1255,1712375460.8499694,583940.86287936,1569.0,0.0,1575.0,BID
1256,1712375490.8844144,583940.86287936,1569.0,0.0,1575.0,BID
1257,1712375520.5814805,583940.86287936,1569.0,0.0,1575.0,BID
1258,1712375550.58488,583940.86287936,1569.0,0.0,1575.0,BID
1259,1712375580.895041,583940.86287936,1569.0,0.0,1575.0,BID
1260,1712375607.5855913,583947.23636565,1569.0,8.077554704251328e-10,1575.0,BID
1261,1712375610.8552914,583947.23636565,1569.0,0.0,1575.0,BID
1262,1712375640.6055684,583947.23636565,1569.0,0.0,1575.0,BID
1263,1712375670.618215,583947.23636565,1569.0,0.0,1575.0,BID
1264,1712375700.6149278,583947.23636565,1569.0,0.0,1575.0,BID
1265,1712375730.589444,583947.23636565,1569.0,0.0,1575.0,BID
1266,1712375760.884291,583947.23636565,1569.0,0.0,1575.0,BID
1267,1712375789.466786,584274.43878178,1569.0,4.150387048274069e-08,1575.0,BID
1268,1712375789.553378,587274.43878178,1569.0,-3.805338998436845e-07,1575.0,ASK
1269,1712375789.6266685,587577.60468089,1569.0,-3.8454967295985144e-08,1575.0,ASK
1270,1712375790.8454874,587577.60468089,1569.0,-0.0,1575.0,ASK
1271,1712375792.7767386,587674.13582223,1569.0,-1.2235616829983571e-08,1575.0,ASK
1272,1712375792.7866995,587759.66236237,1566.0,-1.0840750035902981e-08,1575.0,ASK
1273,1712375819.4569025,587790.75688973,1567.0,-3.9413262601487916e-09,1575.0,ASK
1274,1712375820.6068916,587790.75688973,1567.0,-0.0,1575.0,ASK
1275,1712375832.3071015,587795.32512953,1570.0,5.79013817948252e-10,1575.0,BID
1276,1712375832.3103158,587797.12631648,1570.0,2.2829627567173583e-10,1575.0,BID
1277,1712375845.55714,587799.95308009,1570.0,3.5828574284761724e-10,1575.0,BID
1278,1712375845.5605175,587803.49574323,1570.0,4.4902435077237055e-10,1575.0,BID
1279,1712375846.1270804,587816.73864256,1570.0,1.678506829189302e-09,1575.0,BID
1280,1712375846.130235,587835.34287698,1570.0,2.358043638910637e-09,1575.0,BID
1281,1712375847.06058,587867.20987698,1569.0,-4.0390684693051615e-09,1575.0,ASK
1282,1712375850.6069336,587867.20987698,1569.0,-0.0,1575.0,ASK
1283,1712375859.6411753,587899.0684455,1569.0,-4.0379383831428935e-09,1575.0,ASK
1284,1712375859.6437902,587899.06887698,1569.0,-5.468825954702176e-14,1575.0,ASK
1285,1712375870.8472729,587899.07773994,1569.0,-1.1233425787752669e-12,1575.0,ASK
1286,1712375880.8851411,587899.07773994,1569.0,-0.0,1575.0,ASK
1287,1712375885.8474343,588153.88978579,1569.0,3.229614096444053e-08,1575.0,BID
1288,1712375910.8973527,588153.88978579,1569.0,0.0,1575.0,BID
1289,1712375918.8677063,589429.39998987,1568.0,-1.6165629026314169e-07,1575.0,ASK
1290,1712375918.8709674,589461.28774497,1568.0,-4.041407256314439e-09,1575.0,ASK
1291,1712375918.8741326,591854.72297048,1566.0,-3.033404658805876e-07,1575.0,ASK
1292,1712375940.637823,591854.72297048,1566.0,-0.0,1575.0,ASK
1293,1712375953.047622,591861.09645677,1569.0,8.071731460728853e-10,1575.0,BID
1294,1712375964.5576534,591867.46588352,1570.0,8.06659023735846e-10,1575.0,BID
1295,1712375970.5887637,591867.46588352,1570.0,0.0,1575.0,BID
1296,1712376000.7242532,591867.46588352,1570.0,0.0,1575.0,BID
1297,1712376021.89799,592058.54868606,1570.0,2.421331694294473e-08,1575.0,BID
1298,1712376030.5843012,592058.54868606,1570.0,0.0,1575.0,BID
1299,1712376033.966552,593331.79741201,1570.0,1.6133530909081436e-07,1575.0,BID
1300,1712376055.578205,593477.41492793,1570.0,1.845141994739055e-08,1575.0,BID
1301,1712376060.866679,593477.41492793,1570.0,0.0,1575.0,BID
1302,1712376069.0285614,593484.10282601,1570.0,8.471947431885659e-10,1575.0,BID
1303,1712376090.8985584,593484.10282601,1570.0,0.0,1575.0,BID
1304,1712376120.6019056,593484.10282601,1570.0,0.0,1575.0,BID
1305,1712376131.8205032,593560.40884029,1570.0,9.666111446871876e-09,1575.0,BID
1306,1712376131.8220944,594121.04550116,1570.0,7.10189949809296e-08,1575.0,BID
1307,1712376150.6036036,594121.04550116,1570.0,0.0,1575.0,BID
1308,1712376177.628997,594439.51683873,1570.0,-4.03374434427266e-08,1575.0,ASK
1309,1712376180.8688624,594439.51683873,1570.0,-0.0,1575.0,ASK
1310,1712376181.829031,594520.15599358,1568.0,1.0213074081333405e-08,1575.0,BID
1311,1712376181.8324907,597439.51683873,1570.0,3.69741580713578e-07,1575.0,BID
1312,1712376210.879105,597439.51683873,1570.0,0.0,1575.0,BID
1313,1712376233.6292048,597444.08507852,1571.0,5.782297385957238e-10,1575.0,BID
1314,1712376233.6321893,597907.37751285,1571.0,5.864172537093582e-08,1575.0,BID
1315,1712376233.6354342,597939.51683873,1571.0,4.068068852854181e-09,1575.0,BID
1316,1712376240.6054869,597939.51683873,1571.0,0.0,1575.0,BID
1317,1712376270.5971692,597939.51683873,1571.0,0.0,1575.0,BID
1318,1712376300.870304,597939.51683873,1571.0,0.0,1575.0,BID
1319,1712376309.8493836,598206.1465056,1571.0,3.3804983066409847e-08,1575.0,BID
1320,1712376309.8519917,601740.41985988,1571.0,4.480973640182192e-07,1575.0,BID
1321,1712376309.9295657,603113.96847856,1571.0,-1.7414711701232997e-07,1575.0,ASK
1322,1712376309.93842,603633.4648997,1571.0,-6.586501766985399e-08,1575.0,ASK
1323,1712376310.82961,604046.98948107,1567.0,-5.242924253275717e-08,1575.0,ASK
1324,1712376310.8337293,604174.6218997,1567.0,-1.618203931004406e-08,1575.0,ASK
1325,1712376314.029781,605596.7528997,1571.0,1.8030669631618764e-07,1575.0,BID
1326,1712376314.032723,606666.13545786,1571.0,1.355830343055534e-07,1575.0,BID
1327,1712376314.036149,609532.13545786,1572.0,3.633694727435216e-07,1575.0,BID
1328,1712376314.039558,609541.27193745,1572.0,1.158380241235963e-09,1575.0,BID
1329,1712376314.0415063,611853.68706047,1571.0,2.931825066349982e-07,1575.0,BID
1330,1712376314.0430925,645689.67362799,1572.0,4.289938799300979e-06,1575.0,BID
1331,1712376314.1842382,646689.67362799,1572.0,-1.2678627799843742e-07,1575.0,ASK
1332,1712376314.1899502,646755.17362799,1572.0,-8.304501208897651e-09,1575.0,ASK
1333,1712376314.1915994,647469.07362799,1572.0,-9.051272386308742e-08,1575.0,ASK
1334,1712376314.1932297,648183.77362799,1572.0,-9.061415288549208e-08,1575.0,ASK
1335,1712376314.2092896,648322.07362799,1572.0,-1.7534542247175038e-08,1575.0,ASK
1336,1712376314.3295395,648417.55615602,1572.0,-1.2105874342812454e-08,1575.0,ASK
1337,1712376314.409727,653506.55615602,1572.0,-6.45215368734048e-07,1575.0,ASK
1338,1712376314.429448,653900.26015602,1572.0,-4.991626479310024e-08,1575.0,ASK
1339,1712376316.0326602,653977.64413697,1572.0,-9.811226921351392e-09,1575.0,ASK
1340,1712376316.4795165,654072.77530867,1572.0,-1.2061327181468537e-08,1575.0,ASK
1341,1712376316.539658,654148.93176672,1572.0,-9.655593861705232e-09,1575.0,ASK
1342,1712376316.699523,655181.83176672,1572.0,-1.30957546544589e-07,1575.0,ASK
1343,1712376316.862405,655432.4993363,1572.0,-3.1781208161950594e-08,1575.0,ASK
1344,1712376317.119406,655517.56948362,1572.0,-1.0785727347487389e-08,1575.0,ASK
1345,1712376317.419386,655917.40248362,1572.0,-5.0693337890947226e-08,1575.0,ASK
1346,1712376317.5451958,656020.02266584,1572.0,-1.3010830951196384e-08,1575.0,ASK
1347,1712376317.6245875,657020.02266584,1572.0,-1.2678627799843742e-07,1575.0,ASK
1348,1712376317.639921,657146.43778652,1572.0,-1.602770263374069e-08,1575.0,ASK
1349,1712376317.879428,657235.58279337,1572.0,-1.1302363620658302e-08,1575.0,ASK
1350,1712376319.6493986,658039.68279337,1572.0,-1.0194884613854057e-07,1575.0,ASK
1351,1712376320.2294693,658142.06891904,1572.0,-1.2981155792385588e-08,1575.0,ASK
1352,1712376320.3493383,658243.85301928,1572.0,-1.2904827228846928e-08,1575.0,ASK
1353,1712376320.9795651,658794.35401928,1572.0,-6.979597282442381e-08,1575.0,ASK
1354,1712376321.1594903,659877.85401928,1572.0,-1.3737293221130694e-07,1575.0,ASK
1355,1712376330.8859525,659877.85401928,1572.0,-0.0,1575.0,ASK
1356,1712376340.5796423,659907.85401928,1573.0,3.757212562352884e-09,1575.0,BID
1357,1712376340.583365,660605.86519442,1573.0,8.741921186328066e-08,1575.0,BID
1358,1712376341.7198474,660701.46748886,1573.0,-1.1973271388661582e-08,1575.0,ASK
1359,1712376360.5494998,660701.46748886,1573.0,-0.0,1575.0,ASK
1360,1712376367.989707,660745.35358975,1573.0,-5.495421995761268e-09,1575.0,ASK
1361,1712376390.6351566,660745.35358975,1573.0,-0.0,1575.0,ASK
1362,1712376397.8897488,660854.29058975,1573.0,-1.3640984250272072e-08,1575.0,ASK
1363,1712376403.0327604,660904.69858975,1573.0,-6.3120402993165405e-09,1575.0,ASK
1364,1712376412.8798711,660949.34260805,1573.0,-5.590280166508023e-09,1575.0,ASK
1365,1712376412.8836944,660970.95163199,1573.0,-2.705860774850549e-09,1575.0,ASK
1366,1712376413.6597338,660974.16503278,1573.0,-4.0237889391316015e-10,1575.0,ASK
1367,1712376416.609847,660979.978553,1574.0,7.27963297681438e-10,1575.0,BID
1368,1712376416.613749,661005.93123354,1574.0,3.249769192260706e-09,1575.0,BID
1369,1712376420.869748,661005.93123354,1574.0,0.0,1575.0,BID
1370,1712376426.229886,661037.6974343,1574.0,3.977528324103005e-09,1575.0,BID
1371,1712376437.5998392,661069.4834343,1573.0,-3.9800074382623954e-09,1575.0,ASK
1372,1712376446.905115,661137.61503888,1573.0,-8.530934782872108e-09,1575.0,ASK
1373,1712376446.907926,661137.6154343,1573.0,-4.951156391859037e-14,1575.0,ASK
1374,1712376450.074934,661256.5694343,1573.0,-1.4894538627367905e-08,1575.0,ASK
1375,1712376450.8828168,661256.5694343,1573.0,-0.0,1575.0,ASK
1376,1712376456.279704,661365.5064343,1573.0,-1.363961071565016e-08,1575.0,ASK
1377,1712376466.1998448,661531.04786996,1573.0,-2.072684891002372e-08,1575.0,ASK
1378,1712376466.4599783,661674.78956845,1573.0,-1.7997382074127276e-08,1575.0,ASK
1379,1712376466.4639711,661874.98486996,1573.0,-2.5065735055108482e-08,1575.0,ASK
1380,1712376469.6500983,661906.77121725,1573.0,-3.979854439799208e-09,1575.0,ASK
1381,1712376469.6540372,662024.43986996,1573.0,-1.4732869607184633e-08,1575.0,ASK
1382,1712376480.6474383,662024.43986996,1573.0,-0.0,1575.0,ASK
1383,1712376508.084623,662024.43991809,1573.0,-6.025279843462528e-15,1575.0,ASK
1384,1712376508.0865254,662127.93039996,1573.0,-1.2955712415900641e-08,1575.0,ASK
1385,1712376508.2053256,662222.13820051,1573.0,-1.1793636952935261e-08,1575.0,ASK
1386,1712376508.379844,662373.12872951,1573.0,-1.8902123518049363e-08,1575.0,ASK
1387,1712376508.6516616,662486.13545351,1573.0,-1.4147026767598265e-08,1575.0,ASK
1388,1712376508.990033,662642.03745351,1573.0,-1.951697818549786e-08,1575.0,ASK
1389,1712376509.770039,662745.52798351,1573.0,-1.2955718441180484e-08,1575.0,ASK
1390,1712376509.8101118,662833.87261892,1573.0,-1.1059642096334496e-08,1575.0,ASK
1391,1712376509.9099784,662922.16375862,1573.0,-1.1052945103316942e-08,1575.0,ASK
1392,1712376510.385989,663159.77300362,1573.0,-2.9745702116306522e-08,1575.0,ASK
1393,1712376510.591899,663159.77300362,1573.0,-0.0,1575.0,ASK
1394,1712376511.659922,663266.17100362,1573.0,-1.3316720062677556e-08,1575.0,ASK
1395,1712376539.9969158,663266.17164091,1573.0,-7.976288918605097e-14,1575.0,ASK
1396,1712376540.175956,664028.47164091,1572.0,-9.540908385284929e-08,1575.0,ASK
1397,1712376540.4985878,664581.23586595,1572.0,-6.918369185057264e-08,1575.0,ASK
1398,1712376540.7929406,664591.25086595,1572.0,-1.253472353125488e-09,1575.0,ASK
1399,1712376540.87999,664591.25086595,1572.0,-0.0,1575.0,ASK
1400,1712376542.460071,664643.71186595,1572.0,-6.56414348215538e-09,1575.0,ASK
1401,1712376544.6554475,664787.50070689,1572.0,-1.7991471437119446e-08,1575.0,ASK
1402,1712376544.8702188,665030.20270689,1572.0,-3.0367906662193207e-08,1575.0,ASK
1403,1712376546.3200233,666249.27270689,1572.0,-1.525352241625212e-07,1575.0,ASK
1404,1712376547.0867498,666273.54270689,1572.0,-3.036765641371728e-09,1575.0,ASK
1405,1712376555.0102165,666628.24270689,1572.0,-4.4381572846872033e-08,1575.0,ASK
1406,1712376555.014481,669398.24270689,1572.0,-3.4659418321356534e-07,1575.0,ASK
1407,1712376555.0500453,674487.24270689,1572.0,-6.367573279327922e-07,1575.0,ASK
1408,1712376555.110062,675314.21471769,1572.0,-1.0347425582083652e-07,1575.0,ASK
1409,1712376555.130022,675499.07961739,1572.0,-2.31310826412828e-08,1575.0,ASK
1410,1712376555.940167,675602.57014739,1572.0,-1.2949175348632721e-08,1575.0,ASK
1411,1712376558.100304,691849.41441956,1572.0,-2.032874267260198e-06,1575.0,ASK
1412,1712376558.1800954,693597.31705556,1572.0,-2.1870501316290338e-07,1575.0,ASK
1413,1712376558.2252312,694190.74083766,1572.0,-7.425170796262968e-08,1575.0,ASK
1414,1712376558.259966,694350.56128724,1572.0,-1.999741450649656e-08,1575.0,ASK
1415,1712376558.2700937,697817.21950601,1572.0,-4.33763023037964e-07,1575.0,ASK
1416,1712376570.883164,697817.21950601,1572.0,-0.0,1575.0,ASK
1417,1712376593.130229,697952.92994035,1570.0,-1.6870412069808317e-08,1575.0,ASK
1418,1712376593.1344357,697984.7770741,1570.0,-3.9589753891596695e-09,1575.0,ASK
1419,1712376593.170066,698153.93254072,1570.0,-2.1028025144988505e-08,1575.0,ASK
1420,1712376600.62364,698153.93254072,1570.0,-0.0,1575.0,ASK
1421,1712376611.450253,698485.19895528,1570.0,-4.13694582065256e-08,1575.0,ASK
1422,1712376630.6101773,698485.19895528,1570.0,-0.0,1575.0,ASK
1423,1712376660.1417768,698490.09218296,1572.0,6.11040003181814e-10,1575.0,BID
1424,1712376660.8640444,698490.09218296,1572.0,0.0,1575.0,BID
1425,1712376663.1903512,698494.98541064,1569.0,-6.110394162449181e-10,1575.0,ASK
1426,1712376682.8904514,698499.86401459,1572.0,6.092132851074991e-10,1575.0,BID
1427,1712376686.2835405,698504.74261854,1569.0,-6.092132850929627e-10,1575.0,ASK
1428,1712376690.863227,698504.74261854,1569.0,-0.0,1575.0,ASK
1429,1712376698.811231,698526.30561854,1569.0,-2.6926613576650502e-09,1575.0,ASK
1430,1712376714.3904576,698531.17023457,1572.0,6.0746480563197e-10,1575.0,BID
1431,1712376717.360473,698531.70283442,1569.0,-6.650795506758027e-11,1575.0,ASK
1432,1712376720.613561,698531.70283442,1569.0,-0.0,1575.0,ASK
1433,1712376722.940556,698536.0348506,1568.0,-5.409539921103748e-10,1575.0,ASK
1434,1712376750.5923753,698536.0348506,1568.0,-0.0,1575.0,ASK
1435,1712376780.8904133,698536.0348506,1568.0,-0.0,1575.0,ASK
1436,1712376789.9906924,698567.82124602,1573.0,3.969274859119264e-09,1575.0,BID
1437,1712376808.635749,698627.26910655,1569.0,-7.423455698944113e-09,1575.0,ASK
1438,1712376810.8904877,698627.26910655,1569.0,-0.0,1575.0,ASK
1439,1712376840.5806713,698627.26910655,1569.0,-0.0,1575.0,ASK
1440,1712376842.2608066,698945.94342141,1569.0,-3.979322912795398e-08,1575.0,ASK
1441,1712376849.1305592,698950.79395604,1571.0,6.0569185191398e-10,1575.0,BID
1442,1712376851.850576,698955.64449067,1568.0,-6.056918518994438e-10,1575.0,ASK
1443,1712376870.5748713,698955.64449067,1568.0,-0.0,1575.0,ASK
1444,1712376900.6021228,698955.64449067,1568.0,-0.0,1575.0,ASK
1445,1712376903.3601875,698960.48102848,1571.0,6.05734798681465e-10,1575.0,BID
1446,1712376906.3005846,698965.31756629,1569.0,-6.05734798681465e-10,1575.0,ASK
1447,1712376906.440342,699152.66647556,1569.0,-2.346384093270833e-08,1575.0,ASK
1448,1712376930.602593,699152.66647556,1569.0,-0.0,1575.0,ASK
1449,1712376938.870549,699230.33102574,1569.0,-9.72644093554118e-09,1575.0,ASK
1450,1712376946.9605997,699250.02943777,1569.0,-2.466961318771834e-09,1575.0,ASK
1451,1712376953.3206298,699888.19153094,1569.0,-7.99212239321054e-08,1575.0,ASK
1452,1712376960.8803844,699888.19153094,1569.0,-0.0,1575.0,ASK
1453,1712376990.8702,699888.19153094,1569.0,-0.0,1575.0,ASK
1454,1712376999.8399787,700524.92553094,1569.0,-7.973085113075334e-08,1575.0,ASK
1455,1712376999.9153328,700655.48675078,1569.0,-1.634867492943646e-08,1575.0,ASK
1456,1712377000.1099763,702527.47891895,1569.0,-2.3440797708039405e-07,1575.0,ASK
1457,1712377000.114448,702846.15323378,1569.0,-3.990390705523332e-08,1575.0,ASK
1458,1712377000.1188762,702846.1532338,1569.0,-2.507303745920198e-18,1575.0,ASK
1459,1712377004.5799246,702934.21371152,1569.0,-1.1026797437542737e-08,1575.0,ASK
1460,1712377004.6038587,703571.26971152,1569.0,-7.97711714750052e-08,1575.0,ASK
1461,1712377005.2498558,703576.09850731,1570.0,6.04654374151918e-10,1575.0,BID
1462,1712377006.932211,704205.97850731,1569.0,-7.88726038035414e-08,1575.0,ASK
1463,1712377008.0397322,704326.81025792,1569.0,-1.5130365772438936e-08,1575.0,ASK
1464,1712377008.299621,704331.63905371,1569.0,-6.04654374166495e-10,1575.0,ASK
1465,1712377010.3311737,704419.97529776,1569.0,-1.1061328472795477e-08,1575.0,ASK
1466,1712377010.3356469,704684.90636761,1569.0,-3.3174260664771825e-08,1575.0,ASK
1467,1712377010.3399372,704690.72529776,1568.0,-7.28637474252544e-10,1575.0,ASK
1468,1712377010.3499146,704700.56817445,1568.0,-1.232509864506642e-09,1575.0,ASK
1469,1712377010.3519456,704717.45444859,1568.0,-2.114473248824722e-09,1575.0,ASK
1470,1712377010.3539622,704779.42128532,1568.0,-7.759391887909201e-09,1575.0,ASK
1471,1712377013.799682,704784.24244162,1570.0,6.036977689823473e-10,1575.0,BID
1472,1712377016.6495774,704789.06359792,1568.0,-6.036977689823473e-10,1575.0,ASK
1473,1712377020.5692887,704789.06359792,1568.0,-0.0,1575.0,ASK
1474,1712377023.054031,704799.90976901,1568.0,-1.3568344136274647e-09,1575.0,ASK
1475,1712377023.0565596,704890.89828941,1568.0,-1.1382482785770289e-08,1575.0,ASK
1476,1712377026.139197,704895.70798647,1570.0,6.016835283018454e-10,1575.0,BID
1477,1712377028.5692835,704900.51768353,1567.0,-6.01683528316408e-10,1575.0,ASK
1478,1712377041.959015,704910.51768353,1567.0,-1.2509800946019355e-09,1575.0,ASK
1479,1712377050.5705657,704910.51768353,1567.0,-0.0,1575.0,ASK
1480,1712377080.8763092,704910.51768353,1567.0,-0.0,1575.0,ASK
1481,1712377090.9676304,704927.45768353,1567.0,-2.119109796675801e-09,1575.0,ASK
1482,1712377109.9272888,704932.25337485,1570.0,5.99917146278275e-10,1575.0,BID
1483,1712377110.8972635,704932.25337485,1570.0,0.0,1575.0,BID
1484,1712377112.9572997,704932.41178244,1567.0,-1.98159176501417e-11,1575.0,ASK
1485,1712377112.9620323,704937.04906617,1567.0,-5.800986714832163e-10,1575.0,ASK
1486,1712377140.6246188,704937.04906617,1567.0,-0.0,1575.0,ASK
1487,1712377170.5823205,704937.04906617,1567.0,-0.0,1575.0,ASK
1488,1712377200.6360643,704937.04906617,1567.0,-0.0,1575.0,ASK
1489,1712377216.2152646,704941.83075176,1570.0,6.03711386459543e-10,1575.0,BID
1490,1712377219.0451696,704946.61243735,1567.0,-6.037113864448448e-10,1575.0,ASK
1491,1712377230.5648763,704946.61243735,1567.0,-0.0,1575.0,ASK
1492,1712377240.934577,705170.90193185,1567.0,-2.8317601127395613e-08,1575.0,ASK
1493,1712377260.8672855,705170.90193185,1567.0,-0.0,1575.0,ASK
1494,1712377278.4343212,705260.29193952,1567.0,-1.1285407143268649e-08,1575.0,ASK
1495,1712377290.8542356,705260.29193952,1567.0,-0.0,1575.0,ASK
1496,1712377306.665755,705355.60480952,1567.0,-1.2032950330426853e-08,1575.0,ASK
1497,1712377310.7939005,705450.91767952,1567.0,-1.2032950330441549e-08,1575.0,ASK
1498,1712377320.6278834,705450.91767952,1567.0,-0.0,1575.0,ASK
1499,1712377326.463831,706127.71767952,1567.0,-8.54406511776559e-08,1575.0,ASK
1500,1712377350.6775694,706127.71767952,1567.0,-0.0,1575.0,ASK
1501,1712377354.1332994,706213.78314752,1567.0,-1.0863630667830708e-08,1575.0,ASK
1502,1712377357.2433183,706218.55146399,1570.0,6.018816865909671e-10,1575.0,BID
1503,1712377362.1436384,706223.31978046,1567.0,-6.018816865909671e-10,1575.0,ASK
1504,1712377380.8459623,706223.31978046,1567.0,-0.0,1575.0,ASK
1505,1712377401.1926897,706228.0740912,1570.0,6.00102461784256e-10,1575.0,BID
1506,1712377404.122848,706232.82840194,1567.0,-6.001024617695625e-10,1575.0,ASK
1507,1712377410.8662584,706232.82840194,1567.0,-0.0,1575.0,ASK
1508,1712377440.5784624,706232.82840194,1567.0,-0.0,1575.0,ASK
1509,1712377441.1621664,706237.56870694,1570.0,5.983334915555847e-10,1575.0,BID
1510,1712377444.0121229,706242.30901194,1567.0,-5.9833349154089e-10,1575.0,ASK
1511,1712377453.616441,706247.03832351,1569.0,5.969458725204083e-10,1575.0,BID
1512,1712377456.1621635,706250.30694963,1567.0,-4.1257439742005217e-10,1575.0,ASK
1513,1712377465.981762,706253.93050388,1566.0,-4.5737433903363854e-10,1575.0,ASK
1514,1712377466.341823,706257.19209806,1569.0,4.11686807858503e-10,1575.0,BID
1515,1712377470.364277,706492.18809806,1566.0,-2.9661799647607044e-08,1575.0,ASK
1516,1712377470.4059472,706496.91037769,1566.0,-5.96058282973553e-10,1575.0,ASK
1517,1712377470.5749557,706496.91037769,1566.0,-0.0,1575.0,ASK
1518,1712377472.0616665,706826.15592588,1566.0,-4.155605059899977e-08,1575.0,ASK
1519,1712377472.0816174,707156.37423448,1566.0,-4.1678828510631056e-08,1575.0,ASK
1520,1712377482.54534,707204.09023448,1566.0,-6.022521857268703e-09,1575.0,ASK
1521,1712377485.8814712,707301.41909519,1566.0,-1.2284457854158108e-08,1575.0,ASK
1522,1712377490.5858705,707620.70389723,1566.0,-4.029884522966767e-08,1575.0,ASK
1523,1712377490.588246,708198.61909519,1566.0,-7.29421349518126e-08,1575.0,ASK
1524,1712377490.5978186,708293.75026689,1566.0,-1.2007074374866476e-08,1575.0,ASK
1525,1712377493.6153183,708326.44326689,1566.0,-4.126379140737797e-09,1575.0,ASK
1526,1712377495.2761753,708384.32526689,1566.0,-7.305633543092825e-09,1575.0,ASK
1527,1712377500.8312285,708384.32526689,1566.0,-0.0,1575.0,ASK
1528,1712377516.1811233,708462.01913837,1566.0,-9.844012017686e-09,1575.0,ASK
