,time,acc_trade_volume,trade_price,dev,high,ask_bid
0,1712365207.1531465,1978649.12841694,185.5,0.0,186.5,ASK
1,1712365230.1755154,1978649.12841694,185.5,-0.0,186.5,ASK
2,1712365242.43558,1979187.6313787,185.7,7.356005051155156e-08,186.5,BID
3,1712365258.2654278,1979219.9415564,185.7,4.413603029914509e-09,186.5,BID
4,1712365260.147083,1979219.9415564,185.7,0.0,186.5,BID
5,1712365277.335787,2001734.9615405,185.5,-3.0755300228155736e-06,186.5,ASK
6,1712365290.105871,2001734.9615405,185.5,-0.0,186.5,ASK
7,1712365320.175519,2001734.9615405,185.5,-0.0,186.5,ASK
8,1712365350.1658728,2001734.9615405,185.5,-0.0,186.5,ASK
9,1712365380.1155674,2001734.9615405,185.5,-0.0,186.5,ASK
10,1712365393.0287957,2015479.28179842,185.5,-1.8763903951392136e-06,186.5,ASK
11,1712365410.1169617,2015479.28179842,185.5,-0.0,186.5,ASK
12,1712365440.1759317,2015479.28179842,185.5,-0.0,186.5,ASK
13,1712365470.1564631,2015479.28179842,185.5,-0.0,186.5,ASK
14,1712365477.795683,2015533.13209459,185.7,7.349146291801773e-09,186.5,BID
15,1712365498.4757204,2015933.13209459,185.7,5.4589458662238655e-08,186.5,BID
16,1712365500.1161752,2015933.13209459,185.7,0.0,186.5,BID
17,1712365506.1107638,2017014.34162445,185.7,1.479890565627664e-07,186.5,BID
18,1712365511.815894,2022931.95363158,185.7,8.099649456041438e-07,186.5,BID
19,1712365530.165994,2022931.95363158,185.7,0.0,186.5,BID
20,1712365560.163494,2022931.95363158,185.7,0.0,186.5,BID
21,1712365566.4256835,2023039.65422394,185.5,-1.4738747471809735e-08,186.5,ASK
22,1712365590.115537,2023039.65422394,185.5,-0.0,186.5,ASK
23,1712365620.1717317,2023039.65422394,185.5,-0.0,186.5,ASK
24,1712365650.1673255,2023039.65422394,185.5,-0.0,186.5,ASK
25,1712365656.1157658,2077375.59245607,185.5,-7.435813166557147e-06,186.5,ASK
26,1712365664.6858127,2094845.20859857,185.5,-2.3906976846916315e-06,186.5,ASK
27,1712365664.6956651,2122061.1561924,185.5,-3.7244723849981096e-06,186.5,ASK
28,1712365679.5357635,2127387.30174496,185.5,-7.288771394271217e-07,186.5,ASK
29,1712365679.5365777,2128039.25746757,185.3,-8.921942095644369e-08,186.5,ASK
30,1712365679.7557328,2141395.26474253,185.3,1.827754852111052e-06,186.5,BID
31,1712365680.1058824,2141395.26474253,185.3,0.0,186.5,BID
32,1712365683.366545,2162206.26474253,185.2,-2.8394323547856414e-06,186.5,ASK
33,1712365683.367937,2176943.26474253,185.2,-2.0107017737002545e-06,186.5,ASK
34,1712365683.3758223,2179785.96157124,185.3,-3.87854757113328e-07,186.5,ASK
35,1712365683.3768744,2180108.95671948,185.2,-4.4069140087059225e-08,186.5,ASK
36,1712365683.447682,2193615.16957739,185.2,1.8427743875532844e-06,186.5,BID
37,1712365683.4488008,2220627.59529321,185.2,3.6855487751065687e-06,186.5,BID
38,1712365683.4657977,2242237.53586587,185.2,2.9484390200858016e-06,186.5,BID
39,1712365683.4668927,2247640.02100903,185.2,7.371097550207674e-07,186.5,BID
40,1712365683.4860194,2250130.8258231,185.2,3.398429570191814e-07,186.5,BID
41,1712365683.5258317,2251364.93475538,185.2,1.683806079306973e-07,186.5,BID
42,1712365702.406521,2256749.96437304,185.2,-7.347281403038471e-07,186.5,ASK
43,1712365710.1174014,2256749.96437304,185.2,-0.0,186.5,ASK
44,1712365740.161032,2256749.96437304,185.2,-0.0,186.5,ASK
45,1712365753.4761994,2258260.78563627,185.2,-2.0553585370344659e-07,186.5,ASK
46,1712365753.536044,2276341.89666827,185.2,2.459798973125372e-06,186.5,BID
47,1712365753.5560558,2280620.18487011,185.2,5.820288867755145e-07,186.5,BID
48,1712365753.5575442,2294675.23745521,185.2,1.9120840447727782e-06,186.5,BID
49,1712365770.1660964,2294675.23745521,185.2,0.0,186.5,BID
50,1712365776.4858956,2297376.65282873,185.1,-3.671563862860729e-07,186.5,ASK
51,1712365776.4868877,2297427.8805914,185.1,-6.962498401292846e-09,186.5,ASK
52,1712365783.0958638,2298243.47855767,185.1,-1.1085003990622608e-07,186.5,ASK
53,1712365800.1378472,2298243.47855767,185.1,-0.0,186.5,ASK
54,1712365822.6762269,2298459.5779634,185.1,-2.9426048528014654e-08,186.5,ASK
55,1712365830.1276002,2298459.5779634,185.1,-0.0,186.5,ASK
56,1712365834.8690453,2305145.4103268,185.7,9.103984128680664e-07,186.5,BID
57,1712365834.8748298,2307505.4103268,185.6,3.213571830084185e-07,186.5,BID
58,1712365834.876081,2313997.82782877,185.7,8.840614404015656e-07,186.5,BID
59,1712365860.1758578,2313997.82782877,185.7,0.0,186.5,BID
60,1712365862.036091,2314027.82782877,185.7,4.083444652870685e-09,186.5,BID
61,1712365865.936078,2314109.93343177,185.6,-1.1175789518056077e-08,186.5,ASK
62,1712365865.9758122,2314109.93343221,185.6,-5.983393254860501e-17,186.5,ASK
63,1712365866.0360477,2314197.24604676,185.5,-1.1884540967125974e-08,186.5,ASK
64,1712365866.0367606,2314281.93790621,185.5,-1.152781735372192e-08,186.5,ASK
65,1712365866.6039934,2314281.93790659,185.5,-5.172085694879416e-17,186.5,ASK
66,1712365890.166101,2314281.93790659,185.5,-0.0,186.5,ASK
67,1712365900.4761462,2314372.00085157,185.4,-1.2258813740093482e-08,186.5,ASK
68,1712365900.478149,2314402.00085157,185.4,-4.083415352263816e-09,186.5,ASK
69,1712365900.7161503,2320372.30813001,185.4,8.126414799504587e-07,186.5,BID
70,1712365908.2509673,2336562.27035343,185.5,2.2036780098561376e-06,186.5,BID
71,1712365908.3661387,2340673.5422077,185.5,5.596010202352421e-07,186.5,BID
72,1712365908.3678389,2352752.23257685,185.5,1.6440769896208954e-06,186.5,BID
73,1712365908.4811902,2368942.19480027,185.5,2.2036780098561376e-06,186.5,BID
74,1712365908.645996,2368942.19480038,185.5,1.5021758751424097e-17,186.5,BID
75,1712365908.647323,2378178.11307038,185.5,1.2571363485323671e-06,186.5,BID
76,1712365909.0865135,2379899.11307038,185.3,-2.342519273748676e-07,186.5,ASK
77,1712365909.088231,2379992.01301641,185.3,-1.264496886147728e-08,186.5,ASK
78,1712365909.089897,2383659.44627146,185.3,-4.991884419024494e-07,186.5,ASK
79,1712365916.1216855,2384198.82059724,185.4,-7.341631341686346e-08,186.5,ASK
80,1712365916.216102,2388592.64615224,185.4,5.980604908819312e-07,186.5,BID
81,1712365916.2595334,2388592.64615243,185.4,2.5860242913844017e-17,186.5,BID
82,1712365920.1173716,2388592.64615243,185.4,0.0,186.5,BID
83,1712365922.5259771,2404782.60837585,185.4,-2.199551693555881e-06,186.5,ASK
84,1712365922.6461823,2425500.96744985,185.4,2.814775053828929e-06,186.5,BID
85,1712365922.647448,2432991.44508119,185.4,1.0176486227820649e-06,186.5,BID
86,1712365922.885934,2436193.49139244,185.7,4.350267338218933e-07,186.5,BID
87,1712365931.806179,2436280.74421958,185.7,1.1854079772081573e-08,186.5,BID
88,1712365938.3760512,2436370.74551258,185.6,-1.2227483530112064e-08,186.5,ASK
89,1712365950.111161,2436370.74551258,185.6,-0.0,186.5,ASK
90,1712365960.0858796,2436445.6678066,185.7,1.0166629778475518e-08,186.5,BID
91,1712365963.3160777,2436522.9501335,185.6,-1.0486875986459446e-08,186.5,ASK
92,1712365963.3179512,2436522.9501336,185.6,-1.352227768833948e-17,186.5,ASK
93,1712365969.6061106,2436591.36338791,185.6,-9.283381370128525e-09,186.5,ASK
94,1712365969.6079938,2436657.7231946,185.6,-9.004737449785383e-09,186.5,ASK
95,1712365980.176174,2436657.7231946,185.6,-0.0,186.5,ASK
96,1712365993.536107,2436657.72319462,185.6,-2.7170735397778853e-18,186.5,ASK
97,1712365993.53754,2436927.1197456,185.6,-3.655567725646347e-08,186.5,ASK
98,1712365995.576063,2451243.58043488,185.7,1.942667471088598e-06,186.5,BID
99,1712366010.1680388,2451243.58043488,185.7,0.0,186.5,BID
100,1712366019.2171144,2451336.41660738,185.5,-1.2592745881643104e-08,186.5,ASK
101,1712366019.2186284,2451409.2077077,185.4,-9.873735679669732e-09,186.5,ASK
102,1712366019.22012,2451409.20770844,185.6,-1.0036845622829979e-16,186.5,ASK
103,1712366019.2216015,2451504.96822623,185.4,-1.2989418171325257e-08,186.5,ASK
104,1712366019.2230697,2453192.78714805,185.5,-2.2894389335990202e-07,186.5,ASK
105,1712366019.224503,2453975.88577979,185.3,-1.0622327272053125e-07,186.5,ASK
106,1712366040.1063943,2453975.88577979,185.3,-0.0,186.5,ASK
107,1712366070.1162236,2453975.88577979,185.3,-0.0,186.5,ASK
108,1712366085.3975675,2454477.77460871,185.3,-6.807394119419579e-08,186.5,ASK
109,1712366100.140946,2454477.77460871,185.3,-0.0,186.5,ASK
110,1712366110.6159496,2454610.77460871,185.3,1.8161649834888723e-08,186.5,BID
111,1712366130.1080189,2454610.77460871,185.3,0.0,186.5,BID
112,1712366145.765909,2454644.14110871,185.2,-4.556305637967882e-09,186.5,ASK
113,1712366145.767027,2454742.93263138,185.2,-1.3490308294997342e-08,186.5,ASK
114,1712366145.8266125,2459610.77460838,185.2,6.647198790565515e-07,186.5,BID
115,1712366145.8284574,2459610.77460871,185.2,4.5020010049310703e-17,186.5,BID
116,1712366146.686138,2460639.2889538,185.3,1.4044702648661312e-07,186.5,BID
117,1712366151.226056,2461179.28895379,185.3,7.373878124633103e-08,186.5,BID
118,1712366159.916015,2461989.22415897,185.2,-1.1059932392521837e-07,186.5,ASK
119,1712366159.9263165,2462019.22415897,185.2,-4.0965989582072205e-09,186.5,ASK
120,1712366160.0079648,2462596.76118897,185.2,7.886458651410554e-08,186.5,BID
121,1712366160.046103,2468296.76118897,185.2,7.783538020593719e-07,186.5,BID
122,1712366160.0858562,2468333.51576219,185.2,5.0189582120693725e-09,186.5,BID
123,1712366160.1679208,2468333.51576219,185.2,0.0,186.5,BID
124,1712366160.4061103,2474033.51576219,185.3,7.780837564000511e-07,186.5,BID
125,1712366164.2360983,2478151.48167119,185.3,5.62126733895103e-07,186.5,BID
126,1712366173.696262,2478151.48167144,185.3,3.41346860901524e-17,186.5,BID
127,1712366190.1672485,2478151.48167144,185.3,0.0,186.5,BID
128,1712366208.066251,2480631.48167144,185.8,3.3845063582445295e-07,186.5,BID
129,1712366208.067933,2480842.43379623,185.9,2.8789064824046324e-08,186.5,BID
130,1712366220.1072185,2480842.43379623,185.9,0.0,186.5,BID
131,1712366243.316045,2481170.37401516,185.9,4.475161391258963e-08,186.5,BID
132,1712366250.106193,2481170.37401516,185.9,0.0,186.5,BID
133,1712366263.696179,2481708.29763,185.9,7.340590835516057e-08,186.5,BID
134,1712366280.177154,2481708.29763,185.9,0.0,186.5,BID
135,1712366299.256824,2483202.43379623,185.9,2.038894051013506e-07,186.5,BID
136,1712366299.259005,2484122.43379623,185.9,1.255429437643284e-07,186.5,BID
137,1712366299.3104017,2487175.9672379,185.9,-4.166843229892424e-07,186.5,ASK
138,1712366309.5963397,2487713.62202535,185.9,-7.33682225494234e-08,186.5,ASK
139,1712366310.1760309,2487713.62202535,185.9,-0.0,186.5,ASK
140,1712366340.126196,2487713.62202535,185.9,-0.0,186.5,ASK
141,1712366370.1201198,2487713.62202535,185.9,-0.0,186.5,ASK
142,1712366400.146209,2487713.62202535,185.9,-0.0,186.5,ASK
143,1712366430.1079028,2487713.62202535,185.9,-0.0,186.5,ASK
144,1712366434.256385,2487982.59410551,185.8,-3.6847276637388224e-08,186.5,ASK
145,1712366434.2586324,2488636.94400268,185.8,-8.964131765769894e-08,186.5,ASK
146,1712366453.0508878,2488736.94400268,185.8,1.3699294222463025e-08,186.5,BID
147,1712366460.1746497,2488736.94400268,185.8,0.0,186.5,BID
148,1712366474.4857712,2488795.62500375,185.8,8.03867360665445e-09,186.5,BID
149,1712366478.6755476,2488849.17920181,185.8,7.336356071341271e-09,186.5,BID
150,1712366480.3254728,2488913.89926373,185.8,8.865960772453842e-09,186.5,BID
151,1712366486.3956406,2489150.01201938,185.8,3.2344938607589825e-08,186.5,BID
152,1712366490.1655543,2489150.01201938,185.8,0.0,186.5,BID
153,1712366512.9758725,2491346.35755221,185.8,3.0087283651789705e-07,186.5,BID
154,1712366520.117661,2491346.35755221,185.8,0.0,186.5,BID
155,1712366550.1157975,2491346.35755221,185.8,0.0,186.5,BID
156,1712366552.519797,2491406.88695447,185.7,-8.291334247954833e-09,186.5,ASK
157,1712366552.5312212,2494275.10258921,185.7,-3.92888970233145e-07,186.5,ASK
158,1712366552.595517,2494275.10258954,185.7,-4.522456597585458e-17,186.5,ASK
159,1712366580.1755617,2494275.10258954,185.7,-0.0,186.5,ASK
160,1712366593.606024,2494332.0836779,185.6,-7.804703785310125e-09,186.5,ASK
161,1712366593.6084356,2494464.99585462,185.6,-1.8204990438379573e-08,186.5,ASK
162,1712366593.610747,2494648.03035783,185.3,-2.5070249115404466e-08,186.5,ASK
163,1712366593.6130438,2494963.5791712,185.4,-4.3220743742260624e-08,186.5,ASK
164,1712366593.615398,2495018.87976419,185.5,-7.574526213229124e-09,186.5,ASK
165,1712366593.617746,2497498.87976419,185.4,-3.396857789962963e-07,186.5,ASK
166,1712366593.6190567,2497921.29928219,185.5,-5.785883186897719e-08,186.5,ASK
167,1712366593.6200874,2498444.3605584,185.3,-7.16437407549165e-08,186.5,ASK
168,1712366610.1682713,2498444.3605584,185.3,-0.0,186.5,ASK
169,1712366625.4171236,2501774.06203075,185.3,-4.560211687207529e-07,186.5,ASK
170,1712366625.4182258,2503912.0301663,185.3,-2.928066482708537e-07,186.5,ASK
171,1712366640.1363134,2503912.0301663,185.3,-0.0,186.5,ASK
172,1712366670.1155665,2503912.0301663,185.3,-0.0,186.5,ASK
173,1712366700.17133,2503912.0301663,185.3,-0.0,186.5,ASK
174,1712366729.1092503,2507098.92321409,185.3,-4.36755752600631e-07,186.5,ASK
175,1712366730.1777337,2507098.92321409,185.3,-0.0,186.5,ASK
176,1712366750.0055175,2508098.92321409,185.7,1.3703641819845716e-07,186.5,BID
177,1712366760.107658,2508098.92321409,185.7,0.0,186.5,BID
178,1712366769.4863455,2508314.65874095,185.7,2.9562871573029647e-08,186.5,BID
179,1712366769.4888752,2509098.92321409,185.7,1.07470059457598e-07,186.5,BID
180,1712366784.9260905,2511098.92321409,185.7,-2.7406586206125524e-07,186.5,ASK
181,1712366790.109358,2511098.92321409,185.7,-0.0,186.5,ASK
182,1712366798.786305,2525835.92321409,185.8,2.0193001491130364e-06,186.5,BID
183,1712366798.7888207,2528275.92321409,185.8,3.343348282442701e-07,186.5,BID
184,1712366798.9262612,2529893.29485025,185.8,-2.216162574518909e-07,186.5,ASK
185,1712366800.1659963,2530102.93631949,185.9,2.8725592053809384e-08,186.5,BID
186,1712366800.1758862,2530103.08506004,185.9,2.0380797643334813e-11,186.5,BID
187,1712366820.196103,2530103.08506004,185.9,0.0,186.5,BID
188,1712366850.1725852,2530103.08506004,185.9,0.0,186.5,BID
189,1712366880.116042,2530103.08506004,185.9,0.0,186.5,BID
190,1712366910.1233103,2530103.08506004,185.9,0.0,186.5,BID
191,1712366940.149169,2530103.08506004,185.9,0.0,186.5,BID
192,1712366970.1762154,2530103.08506004,185.9,0.0,186.5,BID
193,1712367000.157446,2530103.08506004,185.9,0.0,186.5,BID
194,1712367030.1188316,2530103.08506004,185.9,0.0,186.5,BID
195,1712367060.168239,2530103.08506004,185.9,0.0,186.5,BID
196,1712367090.1675272,2530103.08506004,185.9,0.0,186.5,BID
197,1712367120.125706,2530103.08506004,185.9,0.0,186.5,BID
198,1712367126.916029,2530352.81609823,185.8,3.425780658099507e-08,186.5,BID
199,1712367126.9186592,2532792.81609823,185.8,3.347162958336227e-07,186.5,BID
200,1712367133.0559142,2532976.77931447,185.4,-2.5235855044881144e-08,186.5,ASK
201,1712367133.057948,2534877.44508266,185.5,-2.607310678468296e-07,186.5,ASK
202,1712367150.1189537,2534877.44508266,185.5,-0.0,186.5,ASK
203,1712367169.806051,2537275.26134826,185.5,3.288895884723268e-07,186.5,BID
204,1712367175.7577116,2538275.26134826,185.5,-1.371621308899549e-07,186.5,ASK
205,1712367180.1658237,2538275.26134826,185.5,-0.0,186.5,ASK
206,1712367184.1458642,2548275.26134826,185.5,-1.3715027389301702e-06,186.5,ASK
207,1712367210.177763,2548275.26134826,185.5,-0.0,186.5,ASK
208,1712367240.1359203,2548275.26134826,185.5,-0.0,186.5,ASK
209,1712367255.605869,2550360.9475284,185.5,-2.859796736975491e-07,186.5,ASK
210,1712367255.615795,2553814.03447121,185.5,-4.734713623541702e-07,186.5,ASK
211,1712367270.1082015,2553814.03447121,185.5,-0.0,186.5,ASK
212,1712367300.1758275,2553814.03447121,185.5,-0.0,186.5,ASK
213,1712367320.5858376,2553840.96500432,185.7,-3.711650482438372e-09,186.5,ASK
214,1712367320.5887673,2557759.42580622,185.7,-5.400545494790686e-07,186.5,ASK
215,1712367330.1757193,2557759.42580622,185.7,-0.0,186.5,ASK
216,1712367360.107261,2557759.42580622,185.7,-0.0,186.5,ASK
217,1712367370.0394466,2564544.64169622,185.7,9.350653006387998e-07,186.5,BID
218,1712367370.065643,2567483.48418522,185.7,4.049995873465703e-07,186.5,BID
219,1712367390.118884,2567483.48418522,185.7,0.0,186.5,BID
220,1712367391.135784,2568483.48418522,185.5,-1.377749334197067e-07,186.5,ASK
221,1712367404.7858765,2568883.48418522,185.5,-5.51099733678827e-08,186.5,ASK
222,1712367420.1666713,2568883.48418522,185.5,-0.0,186.5,ASK
223,1712367445.430288,2569581.61857457,185.9,9.618197760505984e-08,186.5,BID
224,1712367450.1701238,2569581.61857457,185.9,0.0,186.5,BID
225,1712367461.759015,2569797.61857457,185.8,2.975778878536928e-08,186.5,BID
226,1712367477.2156882,2572493.03636433,185.5,-3.713410799815109e-07,186.5,ASK
227,1712367480.122218,2572493.03636433,185.5,-0.0,186.5,ASK
228,1712367501.0156147,2573789.18694133,185.5,-1.785541906236989e-07,186.5,ASK
229,1712367501.2760158,2576091.07373378,185.5,3.171016858895161e-07,186.5,BID
230,1712367503.2658174,2578808.05486585,185.5,3.742839571151757e-07,186.5,BID
231,1712367510.1157515,2578808.05486585,185.5,0.0,186.5,BID
232,1712367530.76583,2581347.14529615,185.5,3.497217802173838e-07,186.5,BID
233,1712367540.1835856,2581347.14529615,185.5,0.0,186.5,BID
234,1712367540.3597844,2581975.43543897,185.5,8.653196874119885e-08,186.5,BID
235,1712367552.2719588,2583157.35819922,185.5,1.6278164557124677e-07,186.5,BID
236,1712367552.3258038,2584097.85552224,185.5,1.2953105485856134e-07,186.5,BID
237,1712367552.3659215,2586499.27012883,185.5,3.307375359087085e-07,186.5,BID
238,1712367552.4269311,2588649.65927189,185.5,2.961647707433848e-07,186.5,BID
239,1712367552.645717,2589749.67623399,185.5,1.515010771169903e-07,186.5,BID
240,1712367552.7056491,2590810.73293625,185.5,1.4613523137648258e-07,186.5,BID
241,1712367554.3463504,2591732.27962,185.5,1.2692105668549177e-07,186.5,BID
242,1712367564.197095,2592425.2534468,185.5,9.544060209183613e-08,186.5,BID
243,1712367564.2826865,2593116.76530401,185.5,9.523925068065712e-08,186.5,BID
244,1712367566.7257583,2594321.82585513,185.5,1.6596832392228584e-07,186.5,BID
245,1712367570.1657994,2594321.82585513,185.5,0.0,186.5,BID
246,1712367590.415981,2594480.32843258,185.5,2.1822712511954493e-08,186.5,BID
247,1712367597.9350736,2594551.25041839,185.5,-9.764573750221587e-09,186.5,ASK
248,1712367600.1443024,2594551.25041839,185.5,-0.0,186.5,ASK
249,1712367630.1158156,2594551.25041839,185.5,-0.0,186.5,ASK
250,1712367660.178866,2594551.25041839,185.5,-0.0,186.5,ASK
251,1712367690.1655953,2594551.25041839,185.5,-0.0,186.5,ASK
252,1712367720.115824,2594551.25041839,185.5,-0.0,186.5,ASK
253,1712367735.085842,2597096.41321391,185.7,3.554730420762015e-07,186.5,BID
254,1712367735.088737,2599797.11467192,185.7,3.771965253885836e-07,186.5,BID
255,1712367735.2259586,2617551.25041792,185.7,-2.4796514604776697e-06,186.5,ASK
256,1712367735.2355993,2617551.25041839,185.7,-6.568748176519442e-17,186.5,ASK
257,1712367750.1083748,2617551.25041839,185.7,-0.0,186.5,ASK
258,1712367751.5156574,2617762.03286239,185.7,-2.94216177544804e-08,186.5,ASK
259,1712367755.3459847,2619644.8369528,185.8,2.628071921145081e-07,186.5,BID
260,1712367780.1372447,2619644.8369528,185.8,0.0,186.5,BID
261,1712367785.625619,2620644.836952,185.5,-1.395752884655924e-07,186.5,ASK
262,1712367785.6356237,2620644.8369528,185.7,-1.1166108109789036e-16,186.5,ASK
263,1712367805.565765,2621452.5913948,185.7,-1.1274255934174966e-07,186.5,ASK
264,1712367810.115911,2621452.5913948,185.7,-0.0,186.5,ASK
265,1712367814.1258092,2621452.59139544,185.7,-8.92986853198728e-17,186.5,ASK
266,1712367814.1289363,2624271.86565707,185.7,-3.934825928356744e-07,186.5,ASK
267,1712367833.3257332,2624372.91906107,185.7,-1.4103897574570976e-08,186.5,ASK
268,1712367838.3361206,2625372.91906071,185.7,-1.3956875286993936e-07,186.5,ASK
269,1712367838.3386106,2625372.91906107,185.7,-5.023863446307256e-17,186.5,ASK
270,1712367838.3555577,2625372.91906143,185.7,-5.023863446307256e-17,186.5,ASK
271,1712367840.1381986,2625372.91906143,185.7,-0.0,186.5,ASK
272,1712367846.4457488,2625490.23983518,185.8,1.6372650512469807e-08,186.5,BID
273,1712367846.4556773,2658639.58497497,185.8,4.626142714053368e-06,186.5,BID
274,1712367866.69611,2665363.88529789,185.8,9.384068618792044e-07,186.5,BID
275,1712367870.1183872,2665363.88529789,185.8,0.0,186.5,BID
276,1712367900.145764,2665363.88529789,185.8,0.0,186.5,BID
277,1712367930.1156535,2665363.88529789,185.8,0.0,186.5,BID
278,1712367953.5055616,2667394.98056161,185.8,2.8360116668655336e-07,186.5,BID
279,1712367960.1666274,2667394.98056161,185.8,0.0,186.5,BID
280,1712367968.8459342,2667934.08520022,185.4,-7.527103792056045e-08,186.5,ASK
281,1712367968.8546183,2672921.53278398,185.4,-6.963589799040334e-07,186.5,ASK
282,1712367974.4857495,2674536.17218118,185.4,2.254396912778197e-07,186.5,BID
283,1712367990.1673794,2674536.17218118,185.4,0.0,186.5,BID
284,1712367991.0456626,2685333.07462349,185.3,-1.5072099009583664e-06,186.5,ASK
285,1712368020.1158907,2685333.07462349,185.3,-0.0,186.5,ASK
286,1712368050.1160045,2685333.07462349,185.3,-0.0,186.5,ASK
287,1712368062.6394196,2686486.28166901,185.3,-1.6093873105670606e-07,186.5,ASK
288,1712368080.1785047,2686486.28166901,185.3,-0.0,186.5,ASK
289,1712368082.256054,2686515.94725692,185.3,-4.139932822039644e-09,186.5,ASK
290,1712368082.2592945,2697148.97656155,185.3,-1.4838750929028655e-06,186.5,ASK
291,1712368082.2624788,2700668.85641529,185.3,-4.91211102249178e-07,186.5,ASK
292,1712368110.167414,2700668.85641529,185.3,-0.0,186.5,ASK
293,1712368124.3676288,2701317.85641529,185.3,-9.053693388387976e-08,186.5,ASK
294,1712368137.9156537,2702946.5209104,185.3,-2.2720229539722762e-07,186.5,ASK
295,1712368140.1176243,2702946.5209104,185.3,-0.0,186.5,ASK
296,1712368170.129084,2702946.5209104,185.3,-0.0,186.5,ASK
297,1712368176.4157822,2706534.2664564,185.4,5.004689641887544e-07,186.5,BID
298,1712368176.4357438,2706602.23173314,185.4,9.48074806721033e-09,186.5,BID
299,1712368192.6384096,2706788.77870114,185.4,2.6022182077991632e-08,186.5,BID
300,1712368196.8156743,2708814.73559661,185.7,2.826088238328921e-07,186.5,BID
301,1712368196.8182857,2709167.29326722,185.4,4.917967842611201e-08,186.5,BID
302,1712368200.147776,2709167.29326722,185.4,0.0,186.5,BID
303,1712368221.6307905,2714561.03652422,185.5,7.565438678191791e-07,186.5,BID
304,1712368222.1962438,2716881.03652422,185.8,3.254107008268487e-07,186.5,BID
305,1712368222.1995635,2719438.53066992,185.7,3.5872239754865457e-07,186.5,BID
306,1712368222.2079298,2719438.53067075,185.5,1.16391611011218e-16,186.5,BID
307,1712368222.2105122,2725552.97274281,185.8,8.57631413721638e-07,186.5,BID
308,1712368230.115765,2725552.97274281,185.8,0.0,186.5,BID
309,1712368241.7757404,2727366.42319886,185.8,2.542519187830841e-07,186.5,BID
310,1712368260.1757066,2727366.42319886,185.8,0.0,186.5,BID
311,1712368290.1759405,2727366.42319886,185.8,0.0,186.5,BID
312,1712368320.117442,2727366.42319886,185.8,0.0,186.5,BID
313,1712368325.515841,2738130.68584686,185.6,1.5091149258803558e-06,186.5,BID
314,1712368350.107489,2738130.68584686,185.6,0.0,186.5,BID
315,1712368350.4095714,2738174.68584686,185.6,6.16693086469734e-09,186.5,BID
316,1712368380.185757,2738174.68584686,185.6,0.0,186.5,BID
317,1712368400.0057473,2738201.81552672,185.3,-3.802424285959809e-09,186.5,ASK
318,1712368404.0458694,2738228.75518189,185.6,3.7757909271875976e-09,186.5,BID
319,1712368410.1664894,2738228.75518189,185.6,0.0,186.5,BID
320,1712368440.105681,2738228.75518189,185.6,0.0,186.5,BID
321,1712368470.1182437,2738228.75518189,185.6,0.0,186.5,BID
322,1712368500.1359377,2738228.75518189,185.6,0.0,186.5,BID
323,1712368530.1157734,2738228.75518189,185.6,0.0,186.5,BID
324,1712368556.4758267,2746406.4437822,185.6,1.1474307647247055e-06,186.5,BID
325,1712368556.4857576,2751895.42951912,185.6,7.70172527899669e-07,186.5,BID
326,1712368556.4884684,2751926.08390134,185.5,4.301188630675961e-09,186.5,BID
327,1712368556.49146,2754206.08390134,185.7,3.199121746300191e-07,186.5,BID
328,1712368556.49415,2754383.06912797,185.8,2.4833214354612163e-08,186.5,BID
329,1712368560.1758733,2754383.06912797,185.8,0.0,186.5,BID
330,1712368576.9453957,2756013.06912797,185.4,-2.286129588032895e-07,186.5,ASK
331,1712368576.9481187,2777386.06912797,185.4,-2.997634827302274e-06,186.5,ASK
332,1712368576.965634,2779785.83045821,185.4,-3.365745632686324e-07,186.5,ASK
333,1712368576.968263,2783738.06912797,185.4,-5.543147093194013e-07,186.5,ASK
334,1712368590.1651304,2783738.06912797,185.4,-0.0,186.5,ASK
335,1712368620.11829,2783738.06912797,185.4,-0.0,186.5,ASK
336,1712368638.1855206,2784738.06912797,185.4,-1.4014637282068465e-07,186.5,ASK
337,1712368650.126527,2784738.06912797,185.4,-0.0,186.5,ASK
338,1712368680.1682355,2784738.06912797,185.4,-0.0,186.5,ASK
339,1712368710.1654215,2784738.06912797,185.4,-0.0,186.5,ASK
340,1712368740.1151268,2784738.06912797,185.4,-0.0,186.5,ASK
341,1712368770.1054485,2784738.06912797,185.4,-0.0,186.5,ASK
342,1712368800.1684136,2784738.06912797,185.4,-0.0,186.5,ASK
343,1712368830.112291,2784738.06912797,185.4,-0.0,186.5,ASK
344,1712368837.2663772,2786434.94075688,185.4,-2.38667674966612e-07,186.5,ASK
345,1712368837.2726777,2796188.84265327,185.4,-1.3719017088869038e-06,186.5,ASK
346,1712368859.3866804,2804144.84265327,185.4,-1.1190239672129833e-06,186.5,ASK
347,1712368860.1918416,2804144.84265327,185.4,-0.0,186.5,ASK
348,1712368861.3366308,2804251.20095068,185.6,1.495189587792617e-08,186.5,BID
349,1712368889.739778,2809467.20095068,185.4,-7.332675569133634e-07,186.5,ASK
350,1712368890.182951,2809467.20095068,185.4,-0.0,186.5,ASK
351,1712368903.8875914,2827502.32339648,185.4,-2.5350337190382426e-06,186.5,ASK
352,1712368903.8903017,2827717.20095068,185.4,-3.0203390467551024e-08,186.5,ASK
353,1712368905.2175114,2827717.99226106,185.4,-1.1122732890188659e-10,186.5,ASK
354,1712368905.317445,2837223.64640206,185.4,1.336123657677843e-06,186.5,BID
355,1712368917.1581864,2837223.64640242,185.4,5.059577743198719e-17,186.5,BID
356,1712368920.1076822,2837223.64640242,185.4,0.0,186.5,BID
357,1712368927.337919,2858797.64640242,185.4,-3.0302697719340886e-06,186.5,ASK
358,1712368928.0178933,2858798.61943334,185.4,-1.366712795243721e-10,186.5,ASK
359,1712368928.0215938,2859759.64640242,185.4,-1.3498521249727146e-07,186.5,ASK
360,1712368942.338413,2919209.0768235,185.4,-8.350227679785737e-06,186.5,ASK
361,1712368942.3422585,2919209.64640242,185.4,-8.000267841307909e-11,186.5,ASK
362,1712368942.4384365,2925100.26440373,185.4,-8.273923086762288e-07,186.5,ASK
363,1712368950.115733,2925100.26440373,185.4,-0.0,186.5,ASK
364,1712368951.954728,2926729.55405105,185.3,-2.2832644199571935e-07,186.5,ASK
365,1712368975.6387472,2926783.43336139,185.6,7.550573495257667e-09,186.5,BID
366,1712368980.1746156,2926783.43336139,185.6,0.0,186.5,BID
367,1712369005.4491231,2927502.91141231,185.3,-1.008222715348556e-07,186.5,ASK
368,1712369010.1743884,2927502.91141231,185.3,-0.0,186.5,ASK
369,1712369014.069349,2931907.24754233,185.3,-6.171791854071885e-07,186.5,ASK
370,1712369014.073182,2974552.58483319,185.3,-5.975886888194174e-06,186.5,ASK
371,1712369040.1122346,2974552.58483319,185.3,-0.0,186.5,ASK
372,1712369043.8695912,2975508.58483319,185.3,1.3380072156372098e-07,186.5,BID
373,1712369043.8714268,2980445.31005319,185.3,6.909386993701557e-07,186.5,BID
374,1712369043.909732,2981406.20951019,185.3,1.34486444243464e-07,186.5,BID
375,1712369043.9732893,2981612.91141231,185.3,2.8929773694808986e-08,186.5,BID
376,1712369070.12013,2981612.91141231,185.3,0.0,186.5,BID
377,1712369086.410319,2983799.13735281,185.3,-3.0592579127185577e-07,186.5,ASK
378,1712369096.4953628,2990645.13735281,185.3,-9.579833119024328e-07,186.5,ASK
379,1712369096.5906856,3020426.51097981,185.3,-4.167405629593521e-06,186.5,ASK
380,1712369096.601889,3020426.51098057,185.3,-1.0640875651148455e-16,186.5,ASK
381,1712369100.1703677,3020426.51098057,185.3,-0.0,186.5,ASK
382,1712369123.400637,3021397.90871397,185.3,1.3593175809296978e-07,186.5,BID
383,1712369130.175975,3021397.90871397,185.3,0.0,186.5,BID
384,1712369133.6409593,3023410.51098057,185.3,2.8162478078693324e-07,186.5,BID
385,1712369133.7209022,3027974.94951457,185.3,-6.387049358363978e-07,186.5,ASK
386,1712369139.3056922,3028786.40051208,185.3,-1.1354688061596461e-07,186.5,ASK
387,1712369140.671018,3030398.28710006,185.3,-2.255523679599097e-07,186.5,ASK
388,1712369140.6740649,3030937.95250708,185.3,-7.55157412234573e-08,186.5,ASK
389,1712369160.129409,3030937.95250708,185.3,-0.0,186.5,ASK
390,1712369174.5912368,3030937.9525075,185.3,-5.876005114136083e-17,186.5,ASK
391,1712369185.9914968,3033437.9525065,185.3,3.49740157791656e-07,186.5,BID
392,1712369190.1214356,3033437.9525065,185.3,0.0,186.5,BID
393,1712369212.0219414,3033437.95250708,185.3,8.116438935084467e-17,186.5,BID
394,1712369220.1818469,3033437.95250708,185.3,0.0,186.5,BID
395,1712369250.1804905,3033437.95250708,185.3,0.0,186.5,BID
396,1712369280.1258936,3033437.95250708,185.3,0.0,186.5,BID
397,1712369294.6427925,3033924.17616996,185.3,-6.801636833159381e-08,186.5,ASK
398,1712369310.115587,3033924.17616996,185.3,-0.0,186.5,ASK
399,1712369340.193119,3033924.17616996,185.3,-0.0,186.5,ASK
400,1712369362.4534647,3033976.37730381,185.3,-7.3021678499133e-09,186.5,ASK
401,1712369362.4574907,3034810.39697817,185.3,-1.166670377276733e-07,186.5,ASK
402,1712369367.573285,3036302.9342916,185.3,-2.0878393209299013e-07,186.5,ASK
403,1712369370.2033267,3036302.9342916,185.3,-0.0,186.5,ASK
404,1712369400.153574,3036302.9342916,185.3,-0.0,186.5,ASK
405,1712369430.1147714,3036302.9342916,185.3,-0.0,186.5,ASK
406,1712369433.1341112,3037476.0189726,185.4,-1.6421755658186298e-07,186.5,ASK
407,1712369433.183331,3037476.01897336,185.4,-1.0638502776235891e-16,186.5,ASK
408,1712369435.428762,3042847.74627569,185.3,-7.519763462094488e-07,186.5,ASK
409,1712369435.432179,3046624.05563836,185.3,-5.286372812457005e-07,186.5,ASK
410,1712369435.4837852,3046624.05563854,185.3,-2.5227331951000562e-17,186.5,ASK
411,1712369435.5240622,3046705.92479183,185.2,-1.1460683555476288e-08,186.5,ASK
412,1712369435.5279863,3047785.83839874,185.2,-1.511747418737779e-07,186.5,ASK
413,1712369460.181465,3047785.83839874,185.2,-0.0,186.5,ASK
414,1712369463.5142186,3047865.95628648,185.2,-1.1212188020646752e-08,186.5,ASK
415,1712369463.51743,3048044.9411843,185.2,-2.5048243080545893e-08,186.5,ASK
416,1712369472.383984,3050617.21575806,185.2,-3.599798618669733e-07,186.5,ASK
417,1712369490.180784,3050617.21575806,185.2,-0.0,186.5,ASK
418,1712369503.2798584,3051418.95701974,185.2,-1.121923506177029e-07,186.5,ASK
419,1712369504.2142174,3052199.48351063,185.2,-1.0922364348433648e-07,186.5,ASK
420,1712369507.665095,3052877.47372068,185.2,-9.487514114206344e-08,186.5,ASK
421,1712369512.9343677,3053990.36701972,185.2,-1.5573367765106166e-07,186.5,ASK
422,1712369514.4943998,3055099.15207176,185.2,-1.5515878658600753e-07,186.5,ASK
423,1712369514.7743907,3056456.24691016,185.2,-1.8990622936414125e-07,186.5,ASK
424,1712369518.414375,3058786.60154461,185.2,-3.26100173095858e-07,186.5,ASK
425,1712369518.4745245,3059573.83556695,185.2,-1.1016226764666544e-07,186.5,ASK
426,1712369519.889711,3085871.71582571,185.2,-3.680016413664324e-06,186.5,ASK
427,1712369519.891653,3090645.62708395,185.2,-6.680413635942746e-07,186.5,ASK
428,1712369519.8947873,3091062.2271108,185.2,-5.8297281820996064e-08,186.5,ASK
429,1712369519.8969462,3091432.8611067,185.2,-5.18649858830126e-08,186.5,ASK
430,1712369520.1283567,3091432.8611067,185.2,-0.0,186.5,ASK
431,1712369550.1246877,3091432.8611067,185.2,-0.0,186.5,ASK
432,1712369568.2847686,3091998.91813048,185.2,-7.91279745430853e-08,186.5,ASK
433,1712369568.344872,3093026.36145348,185.2,-1.4362423870979736e-07,186.5,ASK
434,1712369568.36483,3093566.04841345,185.2,-7.54417562819462e-08,186.5,ASK
435,1712369568.3689108,3093592.41847703,185.2,-3.6862182289176237e-09,186.5,ASK
436,1712369580.1760335,3093592.41847703,185.2,-0.0,186.5,ASK
437,1712369582.3210342,3094703.30780651,185.2,-1.5528030692708068e-07,186.5,ASK
438,1712369584.7166462,3095816.60296331,185.2,-1.556165938953479e-07,186.5,ASK
439,1712369584.730343,3096905.96327793,185.2,-1.5227097742266753e-07,186.5,ASK
440,1712369584.965221,3098156.82369808,185.2,-1.7484549073378994e-07,186.5,ASK
441,1712369587.634937,3098946.75422084,185.2,-1.104166281646112e-07,186.5,ASK
442,1712369592.3194542,3100932.90284239,185.2,-2.7762420555557804e-07,186.5,ASK
443,1712369592.4148517,3102524.30902632,185.2,-2.2244703781788338e-07,186.5,ASK
444,1712369593.7647774,3104500.47213872,185.2,-2.762284293207671e-07,186.5,ASK
445,1712369593.8448565,3106070.4276761,185.2,-2.1944866264968485e-07,186.5,ASK
446,1712369598.804993,3107967.7776561,185.2,-2.652119157364324e-07,186.5,ASK
447,1712369598.809279,3120422.3976101,185.2,-1.7409089796753078e-06,186.5,ASK
448,1712369598.8854718,3126214.90282684,185.2,-8.096774035566088e-07,186.5,ASK
449,1712369598.925018,3127837.13933404,185.2,-2.267565058566811e-07,186.5,ASK
450,1712369600.6695251,3128741.58593798,185.2,-1.2642370624324744e-07,186.5,ASK
451,1712369600.7449048,3142687.97187398,185.2,-1.949428292446807e-06,186.5,ASK
452,1712369600.837811,3142687.97187403,185.2,-6.96465322847464e-18,186.5,ASK
453,1712369600.8413928,3143592.41847703,185.2,-1.264237061118954e-07,186.5,ASK
454,1712369610.1842935,3143592.41847703,185.2,-0.0,186.5,ASK
455,1712369630.805426,3145578.18791503,185.2,-2.772123893534869e-07,186.5,ASK
456,1712369630.8331027,3145578.18791547,185.2,-6.143074138166049e-17,186.5,ASK
457,1712369640.1552436,3145578.18791547,185.2,-0.0,186.5,ASK
458,1712369658.7403476,3147198.05832583,185.2,2.2612146479705425e-07,186.5,BID
459,1712369660.825309,3147968.6629134,185.1,-1.075704803336755e-07,186.5,ASK
460,1712369660.9365528,3148998.78391578,185.1,-1.437969781326979e-07,186.5,ASK
461,1712369662.0192394,3151297.37430732,185.2,3.208655599727653e-07,186.5,BID
462,1712369670.0680947,3152078.21612132,185.2,-1.089995184968363e-07,186.5,ASK
463,1712369670.1313667,3152078.21612132,185.2,-0.0,186.5,ASK
464,1712369677.9354796,3152078.21612192,185.2,-8.370946234887896e-17,186.5,ASK
465,1712369690.0302794,3153692.91166718,185.1,-2.2536122890644e-07,186.5,ASK
466,1712369690.1254745,3154898.59859758,185.1,-1.682763596574613e-07,186.5,ASK
467,1712369690.296695,3155463.8762694,185.1,-7.88951645830104e-08,186.5,ASK
468,1712369690.298693,3156106.06870486,185.1,-8.963007105238898e-08,186.5,ASK
469,1712369690.405671,3157731.37999743,185.1,-2.268428567381478e-07,186.5,ASK
470,1712369695.4054549,3158409.86158069,185.1,-9.469490632009697e-08,186.5,ASK
471,1712369700.138728,3158409.86158069,185.1,-0.0,186.5,ASK
472,1712369702.6796217,3159791.34332546,185.1,-1.9432496582370965e-07,186.5,ASK
473,1712369706.0361652,3164975.9323628,185.1,-7.292858492740096e-07,186.5,ASK
474,1712369706.0860145,3165694.00755462,185.1,-1.010074419278836e-07,186.5,ASK
475,1712369706.510596,3171203.96607914,185.1,-7.750536740865207e-07,186.5,ASK
476,1712369706.5502114,3172846.91951989,185.1,-2.311046616666343e-07,186.5,ASK
477,1712369706.7356367,3175200.6966105,185.1,-3.310920715536376e-07,186.5,ASK
478,1712369706.8445754,3176655.21465945,185.1,-2.0459855602307968e-07,186.5,ASK
479,1712369707.9558,3178184.70186003,185.1,-2.151440285807145e-07,186.5,ASK
480,1712369712.2357297,3179480.71183609,185.1,-1.823021514822244e-07,186.5,ASK
481,1712369715.1059742,3179680.71183609,185.1,-2.813283151361047e-08,186.5,ASK
482,1712369715.1105418,3184803.14780056,185.1,-7.205431396385034e-07,186.5,ASK
483,1712369715.1149583,3188663.71183609,185.1,-5.43042987795311e-07,186.5,ASK
484,1712369718.6902037,3188705.20508298,185.1,-5.8366126185645875e-09,186.5,ASK
485,1712369718.692709,3189696.15876113,185.1,-1.393916643259602e-07,186.5,ASK
486,1712369718.699418,3189727.60156113,185.1,-4.422874973558853e-09,186.5,ASK
487,1712369718.7018244,3194529.54775813,185.1,-6.75461716488099e-07,186.5,ASK
488,1712369718.7063472,3198029.20940989,185.1,-4.922769580180868e-07,186.5,ASK
489,1712369723.4358177,3198191.37157205,185.0,-2.281040392958975e-08,186.5,ASK
490,1712369723.4404342,3203612.81445668,185.0,-7.626026961697988e-07,186.5,ASK
491,1712369724.3232868,3204976.58063816,185.0,-1.918330210377035e-07,186.5,ASK
492,1712369725.894224,3205511.73841565,185.0,-7.527751793663535e-08,186.5,ASK
493,1712369725.896512,3207887.78184568,185.0,-3.342241474302587e-07,186.5,ASK
494,1712369725.8986783,3209875.9648503,185.0,-2.796660874359942e-07,186.5,ASK
495,1712369730.1157846,3209875.9648503,185.0,-0.0,186.5,ASK
496,1712369730.5115294,3210353.40029758,185.0,-6.70681934663159e-08,186.5,ASK
497,1712369730.5136712,3211344.90500441,185.0,-1.3928255616403528e-07,186.5,ASK
498,1712369734.965804,3211442.14973698,185.1,1.3660545262689284e-08,186.5,BID
499,1712369737.7161689,3213604.31189914,185.0,-3.037317631598142e-07,186.5,ASK
500,1712369737.721225,3218126.87645186,185.0,-6.353115088414454e-07,186.5,ASK
501,1712369737.7248962,3220442.35060664,185.0,-3.252684095070945e-07,186.5,ASK
502,1712369742.2058945,3222335.26569587,184.9,-2.659090273734548e-07,186.5,ASK
503,1712369742.2102702,3224251.40527986,184.9,-2.6917151011659964e-07,186.5,ASK
504,1712369760.178475,3224251.40527986,184.9,-0.0,186.5,ASK
505,1712369780.555977,3225873.90392777,184.9,2.27836917828233e-07,186.5,BID
506,1712369784.35597,3226415.02946889,184.8,-7.598673540078733e-08,186.5,ASK
507,1712369784.3586106,3227672.53704464,184.8,-1.765835987436164e-07,186.5,ASK
508,1712369784.5958755,3227772.53704464,184.8,1.4042348702213542e-08,186.5,BID
509,1712369784.9962723,3227856.53704464,184.8,1.1795572909859374e-08,186.5,BID
510,1712369787.0060325,3233760.25094871,184.8,8.290200927905371e-07,186.5,BID
511,1712369790.1760683,3233760.25094871,184.8,0.0,186.5,BID
512,1712369790.3165808,3234561.40541971,184.8,1.1247314835961036e-07,186.5,BID
513,1712369790.3688498,3234561.40542025,184.8,7.576805900400928e-17,186.5,BID
514,1712369820.1304734,3234561.40542025,184.8,0.0,186.5,BID
515,1712369821.216689,3235861.40542025,184.9,1.8250170115369445e-07,186.5,BID
516,1712369821.2227745,3242092.41877495,184.9,8.747465670339608e-07,186.5,BID
517,1712369821.2285533,3242761.40542025,185.0,9.391630832026345e-08,186.5,BID
518,1712369850.1266022,3242761.40542025,185.0,0.0,186.5,BID
519,1712369852.1167245,3242795.61779735,185.0,4.801914036150658e-09,186.5,BID
520,1712369871.706457,3242892.86252992,185.1,1.3648886334346545e-08,186.5,BID
521,1712369880.183199,3242892.86252992,185.1,0.0,186.5,BID
522,1712369910.1967342,3242892.86252992,185.1,0.0,186.5,BID
523,1712369913.8566782,3248292.64778046,185.1,7.578899288015168e-07,186.5,BID
524,1712369924.4765384,3249714.37306478,185.1,1.995470605800659e-07,186.5,BID
525,1712369926.2666633,3250993.89035204,185.1,-1.795873763025621e-07,186.5,ASK
526,1712369940.1272187,3250993.89035204,185.1,-0.0,186.5,ASK
527,1712369970.1268282,3250993.89035204,185.1,-0.0,186.5,ASK
528,1712370000.1475544,3250993.89035204,185.1,-0.0,186.5,ASK
529,1712370018.1589944,3252571.86997552,185.1,2.2178109288185482e-07,186.5,BID
530,1712370018.216964,3253837.00469237,185.1,1.778115230202271e-07,186.5,BID
531,1712370030.1273837,3253837.00469237,185.1,0.0,186.5,BID
532,1712370031.0371494,3256653.48227205,185.1,3.958196091186726e-07,186.5,BID
533,1712370047.2370636,3256938.0797869,185.1,3.9996511208484e-08,186.5,BID
534,1712370060.1974502,3256938.0797869,185.1,0.0,186.5,BID
535,1712370061.517227,3258517.90575722,185.1,2.2200626124071978e-07,186.5,BID
536,1712370067.1172538,3261219.1483288,185.1,3.795941928333479e-07,186.5,BID
537,1712370072.577221,3263925.9600608,185.1,3.803768033905957e-07,186.5,BID
538,1712370072.5973926,3264193.1853556,185.1,3.75520403652318e-08,186.5,BID
539,1712370072.602411,3289764.693243,185.1,3.59345584072104e-06,186.5,BID
540,1712370090.189988,3289764.693243,185.1,0.0,186.5,BID
541,1712370095.137204,3297739.66307844,185.1,-1.1197326794238764e-06,186.5,ASK
542,1712370120.1214786,3297739.66307844,185.1,-0.0,186.5,ASK
543,1712370122.6677542,3302739.66253848,185.2,7.018838635773958e-07,186.5,BID
544,1712370126.2076974,3306898.07334064,185.2,5.837443510721023e-07,186.5,BID
545,1712370129.3975675,3310945.43761479,185.3,5.681559961654246e-07,186.5,BID
546,1712370139.577649,3314587.86287113,185.3,5.113119575599258e-07,186.5,BID
547,1712370150.1276412,3314587.86287113,185.3,0.0,186.5,BID
548,1712370163.9276052,3314641.74218147,185.2,-7.560092262447045e-09,186.5,ASK
549,1712370180.1479802,3314641.74218147,185.2,-0.0,186.5,ASK
550,1712370210.1245933,3314641.74218147,185.2,-0.0,186.5,ASK
551,1712370240.1889331,3314641.74218147,185.2,-0.0,186.5,ASK
552,1712370270.1880348,3314641.74218147,185.2,-0.0,186.5,ASK
553,1712370282.0081549,3314929.20152901,185.2,-4.033489167924264e-08,186.5,ASK
554,1712370282.013924,3327969.73523331,185.0,-1.829783998689324e-06,186.5,ASK
555,1712370282.018509,3328969.73523331,185.2,-1.4031511594391077e-07,186.5,ASK
556,1712370287.4365704,3330816.26906007,185.0,-2.59096607996185e-07,186.5,ASK
557,1712370287.4417758,3333216.26906007,185.0,-3.3675627826538586e-07,186.5,ASK
558,1712370287.4440825,3347953.26906007,184.9,-2.067823863665413e-06,186.5,ASK
559,1712370287.446355,3349953.26906007,185.0,-2.806302318878216e-07,186.5,ASK
560,1712370287.448617,3352233.26906007,184.9,-3.199184643521166e-07,186.5,ASK
561,1712370287.5281086,3366882.17778507,184.9,2.05546332620014e-06,186.5,BID
562,1712370287.5330825,3385096.32023367,184.9,2.555719509494204e-06,186.5,BID
563,1712370287.5478911,3385889.24488405,184.9,1.1125931425284373e-07,186.5,BID
564,1712370287.550746,3449009.12819234,184.9,8.856673744768836e-06,186.5,BID
565,1712370287.668,3449050.12819234,185.4,5.752919753700342e-09,186.5,BID
566,1712370300.1208503,3449050.12819234,185.4,0.0,186.5,BID
567,1712370301.989184,3450248.6772754,185.4,1.680311788125744e-07,186.5,BID
568,1712370330.11895,3450248.6772754,185.4,0.0,186.5,BID
569,1712370358.0783527,3450788.05160118,185.3,7.5615493518934e-08,186.5,BID
570,1712370360.1736608,3450788.05160118,185.3,0.0,186.5,BID
571,1712370373.7184324,3451926.47227573,185.0,-1.5959423890826404e-07,186.5,ASK
572,1712370373.73881,3453217.33078394,185.0,-1.8096437087050889e-07,186.5,ASK
573,1712370373.8629253,3453217.33078445,185.0,-7.148232822552249e-17,186.5,ASK
574,1712370373.8743076,3457058.32187145,185.0,-5.384653168086299e-07,186.5,ASK
575,1712370390.1820135,3457058.32187145,185.0,-0.0,186.5,ASK
576,1712370391.1984327,3458354.97084426,185.0,1.8174657571905735e-07,186.5,BID
577,1712370420.1329498,3458354.97084426,185.0,0.0,186.5,BID
578,1712370421.1285338,3458638.9315666,185.0,3.9800404591291455e-08,186.5,BID
579,1712370427.1986434,3458679.94349307,185.0,5.748299458869154e-09,186.5,BID
580,1712370447.7488124,3460755.20856323,185.0,-2.908725852851021e-07,186.5,ASK
581,1712370447.7528613,3461273.91677669,185.0,-7.270300128269804e-08,186.5,ASK
582,1712370450.1109407,3461273.91677669,185.0,-0.0,186.5,ASK
583,1712370476.30486,3461865.48145946,184.9,-8.2908409374368e-08,186.5,ASK
584,1712370476.310046,3463978.08118988,184.8,-2.960830630957691e-07,186.5,ASK
585,1712370476.8185215,3464135.47868161,185.0,2.205942318552329e-08,186.5,BID
586,1712370480.1887896,3464135.47868161,185.0,0.0,186.5,BID
587,1712370490.7190049,3464248.35146015,185.0,-1.5818065491689302e-08,186.5,ASK
588,1712370490.7243323,3464853.73254061,185.0,-8.48385031537811e-08,186.5,ASK
589,1712370510.1851535,3464853.73254061,185.0,-0.0,186.5,ASK
590,1712370516.118893,3464853.73254123,185.0,-8.692214309021604e-17,186.5,ASK
591,1712370516.1241844,3465394.27308161,185.0,-7.57502965992592e-08,186.5,ASK
592,1712370540.1754825,3465394.27308161,185.0,-0.0,186.5,ASK
593,1712370544.548835,3465394.27308177,185.0,-2.24480466960078e-17,186.5,ASK
594,1712370570.1288478,3465394.27308177,185.0,-0.0,186.5,ASK
595,1712370584.607467,3465494.96960584,185.0,1.4111216647217368e-08,186.5,BID
596,1712370591.4515111,3465994.96960584,184.8,-7.006804245525723e-08,186.5,ASK
597,1712370600.1818025,3465994.96960584,184.8,-0.0,186.5,ASK
598,1712370606.7292,3466093.96960584,185.0,1.3904022789696862e-08,186.5,BID
599,1712370630.1282923,3466093.96960584,185.0,0.0,186.5,BID
600,1712370645.6290412,3467712.09258318,184.8,-2.272561705271781e-07,186.5,ASK
601,1712370645.72929,3467812.09258318,185.0,1.4044431338632986e-08,186.5,BID
602,1712370660.1930249,3467812.09258318,185.0,0.0,186.5,BID
603,1712370667.6195493,3467974.43024318,184.8,-2.2798384497863745e-08,186.5,ASK
604,1712370667.6239288,3469152.26407965,184.8,-1.6541268784088902e-07,186.5,ASK
605,1712370667.6282043,3469423.1199843,184.6,-3.803847522330152e-08,186.5,ASK
606,1712370667.6327014,3469491.83850081,184.7,-9.650694493905173e-09,186.5,ASK
607,1712370667.6369312,3471931.83850081,184.7,-3.426688432907132e-07,186.5,ASK
608,1712370667.640343,3481244.06450641,184.6,-1.3077908663117845e-06,186.5,ASK
609,1712370667.6427617,3481271.64170641,184.7,-3.872888207006898e-09,186.5,ASK
610,1712370667.6451805,3481371.64170641,184.6,-1.4043805052898085e-08,186.5,ASK
611,1712370690.1890962,3481371.64170641,184.6,-0.0,186.5,ASK
612,1712370696.5592344,3483435.87963341,185.0,2.897956573515715e-07,186.5,BID
613,1712370697.7693207,3483967.75194741,185.0,7.46688571344805e-08,186.5,BID
614,1712370697.7893293,3490671.94518234,185.0,9.41192902289186e-07,186.5,BID
615,1712370697.793544,3501440.65417548,185.0,1.5118049429651015e-06,186.5,BID
616,1712370703.3693926,3503720.65417548,184.8,-3.200862120200598e-07,186.5,ASK
617,1712370703.3737657,3504149.21322207,184.8,-6.01648429166652e-08,186.5,ASK
618,1712370720.1269207,3504149.21322207,184.8,-0.0,186.5,ASK
619,1712370738.7025418,3504881.21322207,185.2,1.0270377132476949e-07,186.5,BID
620,1712370750.131868,3504881.21322207,185.2,0.0,186.5,BID
621,1712370771.4710755,3505002.61710735,185.3,1.703333294199926e-08,186.5,BID
622,1712370771.4738216,3508661.03229607,185.3,5.132867354774198e-07,186.5,BID
623,1712370771.5095367,3510445.8522736,185.3,2.5041565060906453e-07,186.5,BID
624,1712370780.1793692,3510445.8522736,185.3,0.0,186.5,BID
625,1712370810.1927106,3510445.8522736,185.3,0.0,186.5,BID
626,1712370812.4996457,3510499.9648269,185.4,7.591056980933144e-09,186.5,BID
627,1712370812.5039997,3512258.20254444,185.4,2.466503959979279e-07,186.5,BID
628,1712370820.4898255,3512797.86795188,185.3,-7.570573940236836e-08,186.5,ASK
629,1712370840.135433,3512797.86795188,185.3,-0.0,186.5,ASK
630,1712370853.5696878,3517011.49247588,185.3,5.910626208402922e-07,186.5,BID
631,1712370870.1334126,3517011.49247588,185.3,0.0,186.5,BID
632,1712370887.56929,3517551.44376305,185.3,7.573291614436318e-08,186.5,BID
633,1712370900.179186,3517551.44376305,185.3,0.0,186.5,BID
634,1712370902.8493016,3517853.40514413,185.3,4.268487267045032e-08,186.5,BID
635,1712370902.8533254,3524993.51699237,185.3,1.00931703254486e-06,186.5,BID
636,1712370902.9292946,3527089.30839792,185.3,-2.962583790341917e-07,186.5,ASK
637,1712370929.838944,3527406.93515088,185.4,4.489930950220175e-08,186.5,BID
638,1712370930.1889458,3527406.93515088,185.4,0.0,186.5,BID
639,1712370955.359126,3527514.72915032,185.4,1.523368851329995e-08,186.5,BID
640,1712370960.1286583,3527514.72915032,185.4,0.0,186.5,BID
641,1712370990.123036,3527514.72915032,185.4,0.0,186.5,BID
642,1712370995.4386237,3527541.72915032,185.4,3.815689466266383e-09,186.5,BID
643,1712371020.2242634,3527541.72915032,185.4,0.0,186.5,BID
644,1712371050.1850765,3527541.72915032,185.4,0.0,186.5,BID
645,1712371056.7982848,3528673.28311443,185.2,1.5991316618269953e-07,186.5,BID
646,1712371080.1147194,3528673.28311443,185.2,0.0,186.5,BID
647,1712371097.6381612,3529332.64733856,185.0,-9.317973464123404e-08,186.5,ASK
648,1712371110.1247218,3529332.64733856,185.0,-0.0,186.5,ASK
649,1712371119.0179286,3540022.69399456,185.1,-1.5106651280197023e-06,186.5,ASK
650,1712371119.0377843,3540022.6939954,185.1,-1.1871217747480715e-16,186.5,ASK
651,1712371140.2238722,3540022.6939954,185.1,-0.0,186.5,ASK
652,1712371170.1803758,3540022.6939954,185.1,-0.0,186.5,ASK
653,1712371200.172325,3540022.6939954,185.1,-0.0,186.5,ASK
654,1712371213.3184922,3540183.62295764,185.1,2.2802203900762487e-08,186.5,BID
655,1712371230.1180177,3540183.62295764,185.1,0.0,186.5,BID
656,1712371233.1256225,3540360.15186513,185.3,2.501247194844576e-08,186.5,BID
657,1712371233.17779,3544136.54841137,185.4,5.350795743433989e-07,186.5,BID
658,1712371260.187488,3544136.54841137,185.4,0.0,186.5,BID
659,1712371290.192075,3544136.54841137,185.4,0.0,186.5,BID
660,1712371320.1177936,3544136.54841137,185.4,0.0,186.5,BID
661,1712371323.5172892,3544190.42772171,185.6,7.633394630043008e-09,186.5,BID
662,1712371350.12733,3544190.42772171,185.6,0.0,186.5,BID
663,1712371361.3873224,3544190.66096467,185.6,3.304483717513191e-11,186.5,BID
664,1712371361.5471132,3578505.35887867,185.6,-4.861555540204051e-06,186.5,ASK
665,1712371361.5571387,3588605.65546099,185.6,-1.4309656151001685e-06,186.5,ASK
666,1712371361.6071446,3597989.06719507,185.6,-1.32940052149551e-06,186.5,ASK
667,1712371380.1874807,3597989.06719507,185.6,-0.0,186.5,ASK
668,1712371393.7573507,3598073.75545438,185.6,1.198131107822105e-08,186.5,BID
669,1712371410.1908886,3598073.75545438,185.6,0.0,186.5,BID
670,1712371440.168396,3598073.75545438,185.6,0.0,186.5,BID
671,1712371470.1238844,3598073.75545438,185.6,0.0,186.5,BID
672,1712371479.1070626,3598229.56996039,185.6,2.2043881062438263e-08,186.5,BID
673,1712371500.1456146,3598229.56996039,185.6,0.0,186.5,BID
674,1712371530.1336892,3598229.56996039,185.6,0.0,186.5,BID
675,1712371560.156171,3598229.56996039,185.6,0.0,186.5,BID
676,1712371590.120794,3598229.56996039,185.6,0.0,186.5,BID
677,1712371602.796991,3601845.30717851,185.6,-5.128506781100511e-07,186.5,ASK
678,1712371602.8068745,3610083.01823625,185.6,-1.1684244310856703e-06,186.5,ASK
679,1712371610.0467696,3610136.89754659,185.6,-7.642159586525844e-09,186.5,ASK
680,1712371620.17671,3610136.89754659,185.6,-0.0,186.5,ASK
681,1712371650.1768272,3610136.89754659,185.6,-0.0,186.5,ASK
682,1712371680.132917,3610136.89754659,185.6,-0.0,186.5,ASK
683,1712371685.5866635,3614393.36306383,185.7,6.035414194617579e-07,186.5,BID
684,1712371685.5901282,3615954.08076359,185.7,2.213004597540047e-07,186.5,BID
685,1712371696.067091,3615954.08076383,185.7,3.400441626832471e-17,186.5,BID
686,1712371700.867371,3621950.84974598,185.7,-8.503060694399515e-07,186.5,ASK
687,1712371710.1344514,3621950.84974598,185.7,-0.0,186.5,ASK
688,1712371740.1967552,3621950.84974598,185.7,-0.0,186.5,ASK
689,1712371767.2969866,3622004.96229937,185.8,7.670451190392347e-09,186.5,BID
690,1712371767.3020003,3622020.84974598,185.8,2.2520446019540387e-09,186.5,BID
691,1712371770.13422,3622020.84974598,185.8,0.0,186.5,BID
692,1712371770.6327484,3622044.33039937,185.8,3.328375070409509e-09,186.5,BID
693,1712371779.9466517,3622944.33039937,185.9,1.275747107048957e-07,186.5,BID
694,1712371800.1787393,3622944.33039937,185.9,0.0,186.5,BID
695,1712371806.7181711,3626136.55454078,185.9,4.536594134977268e-07,186.5,BID
696,1712371806.7223094,3626736.55454078,185.9,8.52683383248898e-08,186.5,BID
697,1712371806.9367125,3627364.98654802,185.9,-8.93089216792352e-08,186.5,ASK
698,1712371807.0217252,3628029.69312985,185.9,-9.446404284377585e-08,186.5,ASK
699,1712371808.8648543,3629129.78424054,185.9,-1.5633823502420228e-07,186.5,ASK
700,1712371818.9067786,3629922.18331382,185.9,-1.126109204479368e-07,186.5,ASK
701,1712371818.9470649,3630548.72228813,185.9,-8.903989539196326e-08,186.5,ASK
702,1712371820.8466806,3631359.72228813,185.9,-1.1525437063580937e-07,186.5,ASK
703,1712371830.1234407,3631359.72228813,185.9,-0.0,186.5,ASK
704,1712371836.5423822,3631877.82190154,185.9,-7.36127891656396e-08,186.5,ASK
705,1712371836.9240365,3635833.33199748,185.9,-5.620080061796725e-07,186.5,ASK
706,1712371840.087602,3637176.74597597,186.0,1.90875359489046e-07,186.5,BID
707,1712371842.9767432,3637741.81884597,185.9,-8.028685790513883e-08,186.5,ASK
708,1712371846.5970562,3637741.81884681,185.9,-1.1935666424260147e-16,186.5,ASK
709,1712371847.036574,3637854.68817861,185.9,1.6036735233923618e-08,186.5,BID
710,1712371860.1890063,3637854.68817861,185.9,0.0,186.5,BID
711,1712371860.191982,3651719.22497967,185.9,-1.969567475356976e-06,186.5,ASK
712,1712371890.176692,3651719.22497967,185.9,-0.0,186.5,ASK
713,1712371920.120954,3651719.22497967,185.9,-0.0,186.5,ASK
714,1712371940.2169297,3657152.55137172,185.9,7.715646277662469e-07,186.5,BID
715,1712371940.2234936,3667811.91559585,185.9,1.5136930484884693e-06,186.5,BID
716,1712371950.0715768,3671127.48749714,185.9,-4.708309082248663e-07,186.5,ASK
717,1712371950.1282177,3671127.48749714,185.9,-0.0,186.5,ASK
718,1712371957.1565597,3681885.95979407,185.9,1.5269846225814789e-06,186.5,BID
719,1712371960.6200087,3683891.55031907,185.9,2.846599225564653e-07,186.5,BID
720,1712371960.627682,3683891.55031917,185.9,1.4209953343418904e-17,186.5,BID
721,1712371980.192127,3683891.55031917,185.9,0.0,186.5,BID
722,1712372010.17656,3683891.55031917,185.9,0.0,186.5,BID
723,1712372014.1769953,3683924.93761917,186.0,4.737171611431454e-09,186.5,BID
724,1712372014.1828403,3683963.96546461,186.0,5.5374828594468835e-09,186.5,BID
725,1712372040.1266315,3683963.96546461,186.0,0.0,186.5,BID
726,1712372042.3672266,3685039.23428181,186.0,-1.525646931900979e-07,186.5,ASK
727,1712372042.38115,3687461.23295989,186.0,-3.436456812635229e-07,186.5,ASK
728,1712372047.5967443,3700212.163946,186.0,1.809167942626595e-06,186.5,BID
729,1712372048.796842,3703238.163946,186.0,4.29344508283483e-07,186.5,BID
730,1712372049.967051,3703372.22798208,186.0,1.9021697835204988e-08,186.5,BID
731,1712372070.1320794,3703372.22798208,186.0,0.0,186.5,BID
732,1712372086.5067894,3703730.67836073,186.2,5.0832754641757137e-08,186.5,BID
733,1712372086.514203,3707046.25026202,186.2,4.701896357041317e-07,186.5,BID
734,1712372100.1765792,3707046.25026202,186.2,0.0,186.5,BID
735,1712372100.636834,3711340.84839796,186.2,6.118739075374103e-07,186.5,BID
736,1712372126.3167596,3720997.60970581,186.2,1.3758494016337663e-06,186.5,BID
737,1712372130.1849122,3720997.60970581,186.2,0.0,186.5,BID
738,1712372132.2969012,3721108.99017021,186.2,1.5863087437039337e-08,186.5,BID
739,1712372132.302842,3721630.82693178,186.2,7.432131138281753e-08,186.5,BID
740,1712372152.096655,3721791.94401019,186.2,2.2946701795349188e-08,186.5,BID
741,1712372160.1165862,3721791.94401019,186.2,0.0,186.5,BID
742,1712372181.5671017,3751139.09899519,186.0,-4.17960799263934e-06,186.5,ASK
743,1712372181.5713382,3751791.94401019,186.0,-9.297787959493132e-08,186.5,ASK
744,1712372190.133924,3751791.94401019,186.0,-0.0,186.5,ASK
745,1712372193.1266625,3752329.57841819,186.0,-7.650883755399514e-08,186.5,ASK
746,1712372220.1993785,3752329.57841819,186.0,-0.0,186.5,ASK
747,1712372250.254539,3752329.57841819,186.0,-0.0,186.5,ASK
748,1712372252.557014,3752329.57841879,186.0,-8.535016507340351e-17,186.5,ASK
749,1712372252.5632057,3754335.16894319,186.0,-2.854043821455588e-07,186.5,ASK
750,1712372280.1167085,3754335.16894319,186.0,-0.0,186.5,ASK
751,1712372310.1212516,3754335.16894319,186.0,-0.0,186.5,ASK
752,1712372321.8277252,3754865.16009031,186.0,-7.541607556852323e-08,186.5,ASK
753,1712372321.8335898,3755172.94034437,186.0,-4.379616343558879e-08,186.5,ASK
754,1712372329.132169,3755324.54867558,186.0,-2.1573389339577704e-08,186.5,ASK
755,1712372329.136748,3757979.9682776,186.0,-3.778578688725569e-07,186.5,ASK
756,1712372340.1590245,3757979.9682776,186.0,-0.0,186.5,ASK
757,1712372370.1320343,3757979.9682776,186.0,-0.0,186.5,ASK
758,1712372373.9468465,3758312.5437481,186.1,4.731988001531508e-08,186.5,BID
759,1712372381.3367956,3759501.2263421,186.1,-1.6912948402321308e-07,186.5,ASK
760,1712372387.636795,3759501.22634211,186.1,-1.391370687716406e-18,186.5,ASK
761,1712372387.6465654,3760955.96244942,186.1,-2.069844115334724e-07,186.5,ASK
762,1712372387.7169406,3762042.33701149,186.1,-1.5457277667416377e-07,186.5,ASK
763,1712372387.8510206,3763128.35788434,186.1,-1.5452245266367478e-07,186.5,ASK
764,1712372399.7668183,3764326.77774726,186.1,-1.70514933155284e-07,186.5,ASK
765,1712372400.1267262,3787561.45644264,186.2,3.305902886968328e-06,186.5,BID
766,1712372400.1368408,3787590.91514264,186.2,4.1914761401532905e-09,186.5,BID
767,1712372400.176183,3787590.91514264,186.2,0.0,186.5,BID
768,1712372400.2957292,3788489.47248865,186.1,-1.2811695752826958e-07,186.5,ASK
769,1712372400.3695843,3788529.09506473,186.1,-5.649415609717621e-09,186.5,ASK
770,1712372400.373067,3789390.77633826,186.1,-1.2285914039206564e-07,186.5,ASK
771,1712372400.8867962,3790042.34180426,186.1,-9.290067629522185e-08,186.5,ASK
772,1712372400.9069216,3791129.07963563,186.1,-1.54947867494729e-07,186.5,ASK
773,1712372400.9668643,3792214.27131643,186.1,-1.547274162260777e-07,186.5,ASK
774,1712372416.3768125,3793899.86481143,186.1,-2.403331419722556e-07,186.5,ASK
775,1712372416.4170947,3793899.8648115,186.1,-9.95914856744603e-18,186.5,ASK
776,1712372430.279292,3793899.8648115,186.1,-0.0,186.5,ASK
777,1712372437.6370504,3794194.66525631,186.3,4.202582578054444e-08,186.5,BID
778,1712372458.217064,3794227.02771585,185.9,-4.613490618547886e-09,186.5,ASK
779,1712372460.1867397,3794227.02771585,185.9,-0.0,186.5,ASK
780,1712372473.156752,3798530.41663462,185.9,-6.134722829597441e-07,186.5,ASK
781,1712372490.1872392,3798530.41663462,185.9,-0.0,186.5,ASK
782,1712372520.1402657,3798530.41663462,185.9,-0.0,186.5,ASK
783,1712372535.9170582,3799972.61376473,185.9,-2.0556986446113722e-07,186.5,ASK
784,1712372550.121624,3799972.61376473,185.9,-0.0,186.5,ASK
785,1712372550.3087835,3800601.70672582,185.9,-8.966708511320948e-08,186.5,ASK
786,1712372550.316435,3801349.34501103,185.9,-1.0656381473039941e-07,186.5,ASK
787,1712372580.186762,3801349.34501103,185.9,-0.0,186.5,ASK
788,1712372610.1846533,3801349.34501103,185.9,-0.0,186.5,ASK
789,1712372627.407078,3801403.10845189,186.0,7.662834385720205e-09,186.5,BID
790,1712372640.05834,3801940.74286049,186.0,7.662834385726843e-08,186.5,BID
791,1712372640.135291,3801940.74286049,186.0,0.0,186.5,BID
792,1712372656.7104173,3802440.74286049,186.0,7.126324251106528e-08,186.5,BID
793,1712372658.8368788,3804349.71339716,186.0,2.720788606024112e-07,186.5,BID
794,1712372669.2169046,3813158.30093743,186.2,1.2554570201243934e-06,186.5,BID
795,1712372670.125641,3813158.30093743,186.2,0.0,186.5,BID
796,1712372686.4870446,3815843.5855776,186.2,3.826103056112773e-07,186.5,BID
797,1712372700.2016008,3815843.5855776,186.2,0.0,186.5,BID
798,1712372707.286942,3815925.1055876,186.0,-1.162291402560188e-08,186.5,ASK
799,1712372726.5167656,3817499.56716739,186.1,-2.2448269545844853e-07,186.5,ASK
800,1712372730.1709588,3817499.56716739,186.1,-0.0,186.5,ASK
801,1712372730.4915466,3818350.74237581,186.1,-1.2135304696117264e-07,186.5,ASK
802,1712372760.1267986,3818350.74237581,186.1,-0.0,186.5,ASK
803,1712372772.796929,3818404.48230058,186.1,-7.66159102468442e-09,186.5,ASK
804,1712372784.8271646,3819404.48230058,186.1,-1.425679521788807e-07,186.5,ASK
805,1712372784.831103,3824593.70391492,186.1,-7.398166989588185e-07,186.5,ASK
806,1712372790.128961,3824593.70391492,186.1,-0.0,186.5,ASK
807,1712372820.1768396,3824593.70391492,186.1,-0.0,186.5,ASK
808,1712372850.177049,3824593.70391492,186.1,-0.0,186.5,ASK
809,1712372880.1303,3824593.70391492,186.1,-0.0,186.5,ASK
810,1712372904.4264984,3831235.73198692,186.2,-9.467835175847442e-07,186.5,ASK
811,1712372904.44657,3831235.73198788,186.2,-1.3687016075588446e-16,186.5,ASK
812,1712372905.9963992,3837887.97809188,186.1,-9.482400402273766e-07,186.5,ASK
813,1712372910.1442308,3837887.97809188,186.1,-0.0,186.5,ASK
814,1712372920.6160324,3837917.56796314,186.3,4.2163813484586245e-09,186.5,BID
815,1712372920.6231823,3843255.66461898,186.3,7.606471477446645e-07,186.5,BID
816,1712372929.7659893,3843301.28995446,186.3,6.501339997254089e-09,186.5,BID
817,1712372940.1709538,3843301.28995446,186.3,0.0,186.5,BID
818,1712372965.8749945,3844301.28995446,186.0,-1.4247360126216624e-07,186.5,ASK
819,1712372965.8783543,3844301.2899547,186.1,-3.4167386894121586e-17,186.5,ASK
820,1712372965.8831654,3844751.24992266,186.0,-6.410741705908978e-08,186.5,ASK
821,1712372970.1933546,3844751.24992266,186.0,-0.0,186.5,ASK
822,1712373000.158303,3844751.24992266,186.0,-0.0,186.5,ASK
823,1712373030.1236744,3844751.24992266,186.0,-0.0,186.5,ASK
824,1712373060.1737082,3844751.24992266,186.0,-0.0,186.5,ASK
825,1712373064.6930158,3844858.6036532,186.3,1.5319125876426923e-08,186.5,BID
826,1712373090.1769834,3844858.6036532,186.3,0.0,186.5,BID
827,1712373094.8126533,3844912.28051847,186.2,7.659541078242068e-09,186.5,BID
828,1712373101.8625944,3846522.73669671,186.2,2.2980766834862685e-07,186.5,BID
829,1712373120.1248908,3846522.73669671,186.2,0.0,186.5,BID
830,1712373126.701819,3847072.66581378,186.2,7.846990320453641e-08,186.5,BID
831,1712373137.9118986,3862474.46561298,186.2,2.1976973066238744e-06,186.5,BID
832,1712373140.2539067,3870013.46561298,186.2,-1.07574700428828e-06,186.5,ASK
833,1712373142.5664835,3870676.29595244,186.2,-9.457988486870388e-08,186.5,ASK
834,1712373142.585061,3874254.44071869,186.2,-5.105688437728342e-07,186.5,ASK
835,1712373142.6450202,3875537.04917939,186.2,-1.830166082070536e-07,186.5,ASK
836,1712373144.3553565,3879615.07570095,186.2,-5.81897441832619e-07,186.5,ASK
837,1712373148.4919028,3894125.75044224,186.2,-2.0705418335514493e-06,186.5,ASK
838,1712373148.4973743,3894179.45613495,186.2,-7.663315830466943e-09,186.5,ASK
839,1712373148.551484,3894179.45613504,186.2,-1.2890455572073081e-17,186.5,ASK
840,1712373150.1317673,3894179.45613504,186.2,-0.0,186.5,ASK
841,1712373180.1738985,3894179.45613504,186.2,-0.0,186.5,ASK
842,1712373194.9007418,3901493.76547983,186.2,1.0423658459685494e-06,186.5,BID
843,1712373210.1757116,3901493.76547983,186.2,0.0,186.5,BID
844,1712373226.3605747,3902550.40600075,186.0,-1.5055314313182313e-07,186.5,ASK
845,1712373234.1507845,3905352.9950392,186.2,3.993208478111541e-07,186.5,BID
846,1712373240.1091702,3905352.9950392,186.2,0.0,186.5,BID
847,1712373267.7698612,3910170.9950392,186.0,-6.86412068318738e-07,186.5,ASK
848,1712373268.1552162,3911230.65372811,186.0,-1.5096772776391145e-07,186.5,ASK
849,1712373268.229711,3912288.02793195,186.0,-1.506422611550185e-07,186.5,ASK
850,1712373268.270197,3913074.00687059,186.0,-1.119770504206962e-07,186.5,ASK
851,1712373268.4118268,3913874.37087767,186.0,-1.1402646606634245e-07,186.5,ASK
852,1712373268.4162943,3914665.5500996,186.0,-1.127179257234888e-07,186.5,ASK
853,1712373270.1198947,3914665.5500996,186.0,-0.0,186.5,ASK
854,1712373270.9411018,3915567.13397774,186.0,-1.2841539517993876e-07,186.5,ASK
855,1712373270.9479637,3916463.52673532,186.0,-1.2767600773715232e-07,186.5,ASK
856,1712373299.7806551,3916517.23242812,186.2,7.649468819830821e-09,186.5,BID
857,1712373300.1360142,3916517.23242812,186.2,0.0,186.5,BID
858,1712373330.1117113,3916517.23242812,186.2,0.0,186.5,BID
859,1712373360.1686344,3916517.23242812,186.2,0.0,186.5,BID
860,1712373390.1783042,3916517.23242812,186.2,0.0,186.5,BID
861,1712373417.062092,3916604.92220212,186.2,-1.2568792384506374e-08,186.5,ASK
862,1712373420.1079192,3916604.92220212,186.2,-0.0,186.5,ASK
863,1712373427.4250777,3917104.92220212,186.2,-7.166607003516272e-08,186.5,ASK
864,1712373450.2197237,3917104.92220212,186.2,-0.0,186.5,ASK
865,1712373480.140233,3917104.92220212,186.2,-0.0,186.5,ASK
866,1712373482.157397,3917104.92220299,186.2,-1.24676555794554e-16,186.5,ASK
867,1712373482.1669984,3917145.25238712,186.2,-5.780534464046344e-09,186.5,ASK
868,1712373497.5972853,3917154.92220299,186.2,-1.38597690794949e-09,186.5,ASK
869,1712373509.787361,3918118.69238712,186.0,-1.3813739969115504e-07,186.5,ASK
870,1712373510.126855,3918118.69238712,186.0,-0.0,186.5,ASK
871,1712373531.9171753,3918747.07783032,186.0,-9.00641942423301e-08,186.5,ASK
872,1712373534.8872726,3920683.8675,186.0,-2.775930010857604e-07,186.5,ASK
873,1712373534.8944402,3924971.61608116,186.0,-6.145473693806237e-07,186.5,ASK
874,1712373534.8982973,3925294.19672632,186.0,-4.623430761941864e-08,186.5,ASK
875,1712373540.1767652,3925294.19672632,186.0,-0.0,186.5,ASK
876,1712373570.1721003,3925294.19672632,186.0,-0.0,186.5,ASK
877,1712373600.1476154,3925294.19672632,186.0,-0.0,186.5,ASK
878,1712373630.1179566,3925294.19672632,186.0,-0.0,186.5,ASK
879,1712373660.168807,3925294.19672632,186.0,-0.0,186.5,ASK
880,1712373690.1681151,3925294.19672632,186.0,-0.0,186.5,ASK
881,1712373690.8158777,3925294.19672724,186.0,-1.324307911388632e-16,186.5,ASK
882,1712373690.927851,3925794.19672724,185.9,-7.196178098745244e-08,186.5,ASK
883,1712373690.9313734,3925945.49625042,185.9,-2.1775566301153737e-08,186.5,ASK
884,1712373690.9797802,3926599.20471344,185.9,-9.40840504910014e-08,186.5,ASK
885,1712373720.1626174,3926599.20471344,185.9,-0.0,186.5,ASK
886,1712373736.4799883,3927122.37102187,186.1,7.529332967277209e-08,186.5,BID
887,1712373750.1164663,3927122.37102187,186.1,0.0,186.5,BID
888,1712373780.167977,3927122.37102187,186.1,0.0,186.5,BID
889,1712373810.1825178,3927122.37102187,186.1,0.0,186.5,BID
890,1712373840.1164155,3927122.37102187,186.1,0.0,186.5,BID
891,1712373863.591776,3927317.36303567,185.9,-2.8062572121063432e-08,186.5,ASK
892,1712373863.59766,3929732.11482665,185.9,-3.47522675253557e-07,186.5,ASK
893,1712373863.6550703,3930702.36445409,185.9,-1.3963495024678e-07,186.5,ASK
894,1712373870.1197815,3930702.36445409,185.9,-0.0,186.5,ASK
895,1712373900.1643944,3930702.36445409,185.9,-0.0,186.5,ASK
896,1712373930.1725044,3930702.36445409,185.9,-0.0,186.5,ASK
897,1712373958.4606547,3930918.81694288,185.9,-3.1186408746433143e-08,186.5,ASK
898,1712373960.1422403,3930918.81694288,185.9,-0.0,186.5,ASK
899,1712373990.1128242,3930918.81694288,185.9,-0.0,186.5,ASK
900,1712373998.3459466,3931710.18232061,185.9,-1.1401902188222261e-07,186.5,ASK
901,1712374001.704223,3932459.84614507,185.9,-1.080107096049311e-07,186.5,ASK
902,1712374013.8345287,3933243.30737267,185.9,-1.128802009380418e-07,186.5,ASK
903,1712374020.1675146,3933243.30737267,185.9,-0.0,186.5,ASK
904,1712374038.2342398,3934032.68088681,185.9,-1.1372495595776681e-07,186.5,ASK
905,1712374050.1678617,3934032.68088681,185.9,-0.0,186.5,ASK
906,1712374080.1339743,3934032.68088681,185.9,-0.0,186.5,ASK
907,1712374085.2838974,3934228.72983785,185.9,-2.8244153838719845e-08,186.5,ASK
908,1712374085.290913,3934605.38359281,185.9,-5.42633181283625e-08,186.5,ASK
909,1712374110.1038663,3934605.38359281,185.9,-0.0,186.5,ASK
910,1712374140.1837697,3934605.38359281,185.9,-0.0,186.5,ASK
911,1712374144.3836422,3934605.38359305,185.9,-3.454894161769353e-17,186.5,ASK
912,1712374151.913929,3938639.81070417,185.9,5.812182704095245e-07,186.5,BID
913,1712374170.174393,3938639.81070417,185.9,0.0,186.5,BID
914,1712374176.3034372,3939480.42728966,185.9,-1.210900382219764e-07,186.5,ASK
915,1712374176.6337085,3939984.61974151,185.9,-7.262845430315264e-08,186.5,ASK
916,1712374176.6378546,3941322.74849471,185.9,-1.9275620380053659e-07,186.5,ASK
917,1712374177.1144488,3942003.50586489,185.9,-9.806246676290245e-08,186.5,ASK
918,1712374200.1497426,3942003.50586489,185.9,-0.0,186.5,ASK
919,1712374204.150767,3943394.01307771,185.9,-2.0196211534366568e-07,186.5,ASK
920,1712374204.4134133,3944173.31745716,185.9,-1.131888849761118e-07,186.5,ASK
921,1712374215.1233506,3945319.76309377,185.9,-1.6651376113807408e-07,186.5,ASK
922,1712374215.203286,3946238.73377217,185.9,-1.334745051570253e-07,186.5,ASK
923,1712374220.073546,3946358.81762671,185.9,-1.74413976842202e-08,186.5,ASK
924,1712374230.1162915,3946358.81762671,185.9,-0.0,186.5,ASK
925,1712374234.7412035,3947742.58415954,185.9,-2.0095944330523405e-07,186.5,ASK
926,1712374235.863429,3948503.58415954,185.9,-1.105172966154365e-07,186.5,ASK
927,1712374249.8931425,3948714.91718512,185.9,-3.0691136232117055e-08,186.5,ASK
928,1712374260.1678743,3948714.91718512,185.9,-0.0,186.5,ASK
929,1712374283.0079672,3949860.55975657,185.9,-1.663669732572836e-07,186.5,ASK
930,1712374290.1726654,3949860.55975657,185.9,-0.0,186.5,ASK
931,1712374320.124196,3949860.55975657,185.9,-0.0,186.5,ASK
932,1712374320.9826274,3950891.63807087,185.9,-1.497256452729145e-07,186.5,ASK
933,1712374331.2325635,3950988.28329587,186.0,-1.4034112127979521e-08,186.5,ASK
934,1712374345.8126109,3950988.28329664,186.0,-1.118433534453893e-16,186.5,ASK
935,1712374350.1223984,3950988.28329664,186.0,-0.0,186.5,ASK
936,1712374351.7827764,3953901.1325957,185.9,-4.2296977601289493e-07,186.5,ASK
937,1712374365.7526171,3994583.03467656,185.9,-5.907348181889022e-06,186.5,ASK
938,1712374380.1670227,3994583.03467656,185.9,-0.0,186.5,ASK
939,1712374385.1937582,3995511.00515943,185.9,-1.3459059137151962e-07,186.5,ASK
940,1712374393.9119985,3996579.38244727,185.9,-1.5495485431127648e-07,186.5,ASK
941,1712374410.189777,3996579.38244727,185.9,-0.0,186.5,ASK
942,1712374438.408476,3997908.46272333,185.9,-1.9275620893092618e-07,186.5,ASK
943,1712374439.552384,4000444.04439485,185.9,-3.6773483080027193e-07,186.5,ASK
944,1712374440.1211414,4000444.04439485,185.9,-0.0,186.5,ASK
945,1712374444.2922854,4008912.92134272,186.1,1.2281113264054418e-06,186.5,BID
946,1712374449.3720512,4010256.28512563,186.1,1.948074446505887e-07,186.5,BID
947,1712374463.005165,4011592.50715511,185.9,-1.937717856922897e-07,186.5,ASK
948,1712374470.122877,4011592.50715511,185.9,-0.0,186.5,ASK
949,1712374475.072122,4012989.60548933,186.1,2.025388132195017e-07,186.5,BID
950,1712374500.1685796,4012989.60548933,186.1,0.0,186.5,BID
951,1712374514.6182373,4013778.02588156,185.9,-1.143938530341062e-07,186.5,ASK
952,1712374530.1672094,4013778.02588156,185.9,-0.0,186.5,ASK
953,1712374540.192186,4016704.37456656,185.9,-4.245820960269865e-07,186.5,ASK
954,1712374540.252334,4027546.1233947,185.9,-1.5730225402204592e-06,186.5,ASK
955,1712374540.2619047,4035191.30064056,185.9,-1.1092339734439926e-06,186.5,ASK
956,1712374560.104087,4035191.30064056,185.9,-0.0,186.5,ASK
957,1712374590.1181972,4035191.30064056,185.9,-0.0,186.5,ASK
958,1712374620.164942,4035191.30064056,185.9,-0.0,186.5,ASK
959,1712374650.1951077,4035191.30064056,185.9,-0.0,186.5,ASK
960,1712374650.318592,4039581.86008111,185.8,-6.36655808805072e-07,186.5,ASK
961,1712374650.3221588,4039981.86008111,185.8,-5.8002249364862673e-08,186.5,ASK
962,1712374650.3256986,4045352.83050987,186.0,-7.78820915350558e-07,186.5,ASK
963,1712374650.3292265,4045352.83051063,185.9,-1.1019836059242467e-16,186.5,ASK
964,1712374650.3327916,4045685.172821,185.8,-4.8191503901498e-08,186.5,ASK
965,1712374650.3363392,4046685.172821,185.8,-1.450056234121566e-07,186.5,ASK
966,1712374661.1516926,4047274.64622239,186.1,8.54769580533762e-08,186.5,BID
967,1712374680.1046958,4047274.64622239,186.1,0.0,186.5,BID
968,1712374681.6916947,4047328.38077371,186.1,7.789274901201258e-09,186.5,BID
969,1712374681.699213,4052648.10135403,186.1,7.711382151621558e-07,186.5,BID
970,1712374684.8081446,4052827.98853013,185.8,-2.607615828952059e-08,186.5,ASK
971,1712374684.8165798,4054277.96187142,185.8,-2.101858241523983e-07,186.5,ASK
972,1712374710.116463,4054277.96187142,185.8,-0.0,186.5,ASK
973,1712374740.143321,4054277.96187142,185.8,-0.0,186.5,ASK
974,1712374770.1662524,4054277.96187142,185.8,-0.0,186.5,ASK
975,1712374800.163174,4054277.96187142,185.8,-0.0,186.5,ASK
976,1712374830.1139896,4054277.96187142,185.8,-0.0,186.5,ASK
977,1712374831.011247,4055257.87970796,186.2,1.4302438689698025e-07,186.5,BID
978,1712374831.018801,4056962.30713165,186.1,2.48770537889612e-07,186.5,BID
979,1712374860.1668446,4056962.30713165,186.1,0.0,186.5,BID
980,1712374890.1713583,4056962.30713165,186.1,0.0,186.5,BID
981,1712374920.1169076,4056962.30713165,186.1,0.0,186.5,BID
982,1712374934.169932,4059649.23693194,185.9,-3.92143554609095e-07,186.5,ASK
983,1712374934.1737683,4065028.47307965,185.9,-7.850717885584486e-07,186.5,ASK
984,1712374934.2687893,4065028.4730804,185.9,-1.0941699206680656e-16,186.5,ASK
985,1712374950.1145215,4065028.4730804,185.9,-0.0,186.5,ASK
986,1712374980.1566627,4065028.4730804,185.9,-0.0,186.5,ASK
987,1712375010.2957094,4065028.4730804,185.9,-0.0,186.5,ASK
988,1712375032.045733,4065528.4730804,186.1,7.295645664973058e-08,186.5,BID
989,1712375040.1232965,4065528.4730804,186.1,0.0,186.5,BID
990,1712375070.115371,4065528.4730804,186.1,0.0,186.5,BID
991,1712375100.1246097,4065528.4730804,186.1,0.0,186.5,BID
992,1712375127.9762428,4065614.4483625,186.0,1.2575033255146944e-08,186.5,BID
993,1712375130.1143832,4065614.4483625,186.0,0.0,186.5,BID
994,1712375158.9567187,4065664.4483625,186.0,7.313150672848818e-09,186.5,BID
995,1712375160.1668377,4065664.4483625,186.0,0.0,186.5,BID
996,1712375190.2007208,4065664.4483625,186.0,0.0,186.5,BID
997,1712375220.121546,4065664.4483625,186.0,0.0,186.5,BID
998,1712375250.112356,4065664.4483625,186.0,0.0,186.5,BID
999,1712375258.148452,4065793.08203651,185.9,-1.881432320066128e-08,186.5,ASK
1000,1712375258.1582856,4066122.54680251,185.9,-4.818844395490825e-08,186.5,ASK
1201,1712375280.1721094,4066122.54680251,185.9,-0.0,186.5,ASK
1202,1712375282.688818,4066498.85488097,185.8,-5.503919311800242e-08,186.5,ASK
1203,1712375282.6915915,4067886.88037922,185.8,-2.0301398727221325e-07,186.5,ASK
1204,1712375289.639501,4068244.33809894,185.7,-5.2282120935873306e-08,186.5,ASK
1205,1712375289.6422796,4068333.17359502,185.7,-1.2993167844009631e-08,186.5,ASK
1206,1712375293.859048,4068475.7158753,185.7,-2.0848375416018263e-08,186.5,ASK
1207,1712375293.862091,4070067.80001631,185.7,-2.3285980693206562e-07,186.5,ASK
1208,1712375310.1791122,4070067.80001631,185.7,-0.0,186.5,ASK
1209,1712375319.0994637,4072910.44877003,185.7,4.157240706929743e-07,186.5,BID
1210,1712375319.1021142,4073197.08856831,185.7,4.191972842496879e-08,186.5,BID
1211,1712375319.1992726,4073197.08856869,185.7,5.557023892840379e-17,186.5,BID
1212,1712375335.909688,4073304.78916104,185.7,-1.5750707367304977e-08,186.5,ASK
1213,1712375336.0295444,4073304.78916111,185.7,1.0215117450074228e-17,186.5,BID
1214,1712375336.032556,4078137.67037811,185.7,7.067862499993127e-07,186.5,BID
1215,1712375340.119372,4078137.67037811,185.7,0.0,186.5,BID
1216,1712375370.1192052,4078137.67037811,185.7,0.0,186.5,BID
1217,1712375378.7802372,4080497.67037811,185.7,-3.450633263375472e-07,186.5,ASK
1218,1712375378.7832816,4081268.16080659,185.7,-1.1265592803502589e-07,186.5,ASK
1219,1712375394.420495,4081352.19442004,186.0,1.2286829737789842e-08,186.5,BID
1220,1712375400.1459582,4081352.19442004,186.0,0.0,186.5,BID
1221,1712375430.130808,4081352.19442004,186.0,0.0,186.5,BID
1222,1712375433.0320463,4081358.16080659,186.0,-8.74373172116947e-10,186.5,ASK
1223,1712375433.0404785,4081519.45112904,186.0,-2.3637075755652243e-08,186.5,ASK
1224,1712375460.1746528,4081519.45112904,186.0,-0.0,186.5,ASK
1225,1712375490.1744697,4081519.45112904,186.0,-0.0,186.5,ASK
1226,1712375520.1398375,4081519.45112904,186.0,-0.0,186.5,ASK
1227,1712375529.961861,4081519.45112917,186.0,-1.9039598882703413e-17,186.5,ASK
1228,1712375529.9646227,4081547.45112917,186.0,-4.1033776466751624e-09,186.5,ASK
1229,1712375550.12935,4081547.45112917,186.0,-0.0,186.5,ASK
1230,1712375556.0927024,4084235.62317219,185.8,-3.9394916617490404e-07,186.5,ASK
1231,1712375580.1820765,4084235.62317219,185.8,-0.0,186.5,ASK
1232,1712375602.0520897,4084710.53625328,186.0,6.959298586456689e-08,186.5,BID
1233,1712375610.2046082,4084710.53625328,186.0,0.0,186.5,BID
1234,1712375640.152495,4084710.53625328,186.0,0.0,186.5,BID
1235,1712375648.4923978,4091824.95144499,186.0,1.0425212670999509e-06,186.5,BID
1236,1712375648.6730762,4099346.828923,186.0,-1.1022293509778675e-06,186.5,ASK
1237,1712375648.6931837,4100210.49060668,186.0,-1.2655793182620849e-07,186.5,ASK
1238,1712375648.6954384,4106245.5433265,186.0,-8.843553038361998e-07,186.5,ASK
1239,1712375648.776291,4107269.76024376,186.0,-1.5008512851645136e-07,186.5,ASK
1240,1712375648.8123465,4108825.58358784,186.0,-2.279848561473069e-07,186.5,ASK
1241,1712375648.952378,4111025.54238125,186.0,-3.223741891737742e-07,186.5,ASK
1242,1712375650.362463,4111275.53238125,186.0,-3.663265139012896e-08,186.5,ASK
1243,1712375650.9447007,4112436.65902118,186.0,-1.701473955770705e-07,186.5,ASK
1244,1712375651.3822951,4113976.4411747,186.0,-2.256342367558002e-07,186.5,ASK
1245,1712375651.4025323,4115223.82927767,186.0,-1.827878456108508e-07,186.5,ASK
1246,1712375651.5850914,4118274.09663766,186.0,-4.469754023965304e-07,186.5,ASK
1247,1712375651.645368,4119565.8033913,186.0,-1.892821441030677e-07,186.5,ASK
1248,1712375651.8124394,4121400.42489216,186.0,-2.6883895305323536e-07,186.5,ASK
1249,1712375652.0125194,4129000.28975491,186.0,-1.113657346809694e-06,186.5,ASK
1250,1712375652.0375688,4136615.26541918,186.0,-1.115871630278304e-06,186.5,ASK
1251,1712375652.0448751,4139710.30723658,186.0,-4.535364931980842e-07,186.5,ASK
1252,1712375652.1324928,4141327.66228358,186.0,-2.370014945027821e-07,186.5,ASK
1253,1712375652.872544,4149122.57534358,186.0,-1.142239020533198e-06,186.5,ASK
1254,1712375654.242795,4153313.54602586,186.0,-6.141300371618142e-07,186.5,ASK
1255,1712375654.7425866,4154710.53625286,186.0,-2.047100123247214e-07,186.5,ASK
1256,1712375667.1925538,4154710.53625328,186.0,-6.154919660240277e-17,186.5,ASK
1257,1712375667.1940615,4155523.43468071,186.0,-1.191192636009574e-07,186.5,ASK
1258,1712375670.1351998,4155523.43468071,186.0,-0.0,186.5,ASK
1259,1712375675.4027755,4156195.34519276,186.0,-9.826972602472885e-08,186.5,ASK
1260,1712375675.608022,4160837.89449716,186.0,-6.7899227652744e-07,186.5,ASK
1261,1712375675.7225015,4161766.31495292,186.0,-1.3578537943236018e-07,186.5,ASK
1262,1712375693.3599925,4163067.0629622,186.0,-1.9023984326293848e-07,186.5,ASK
1263,1712375693.432746,4166787.72182948,186.0,-5.441619396658505e-07,186.5,ASK
1264,1712375693.4780016,4169899.6961431,186.0,-4.5513927481552454e-07,186.5,ASK
1265,1712375697.7777233,4178319.3257051,186.0,-1.231406080793206e-06,186.5,ASK
1266,1712375700.1488156,4178319.3257051,186.0,-0.0,186.5,ASK
1267,1712375730.1318023,4178319.3257051,186.0,-0.0,186.5,ASK
1268,1712375749.9834342,4178319.3257056,186.0,-7.330811460348094e-17,186.5,ASK
1269,1712375749.9868698,4180319.3257051,186.0,-2.9316196897079865e-07,186.5,ASK
1270,1712375756.1535647,4180319.3257056,186.0,-7.330811460348094e-17,186.5,ASK
1271,1712375756.1558735,4181664.99910895,186.0,-1.972501323082103e-07,186.5,ASK
1272,1712375756.25327,4182683.04240737,186.0,-1.4922578896848669e-07,186.5,ASK
1273,1712375756.2957878,4183363.85125541,186.0,-9.979363121698612e-08,186.5,ASK
1274,1712375756.2976146,4184370.58011062,186.0,-1.475673067434255e-07,186.5,ASK
1275,1712375760.1835928,4184370.58011062,186.0,-0.0,186.5,ASK
1276,1712375762.4635406,4185469.58011062,186.0,-1.610659290457313e-07,186.5,ASK
1277,1712375781.553571,4185690.28538704,186.0,-3.2345860229242035e-08,186.5,ASK
1278,1712375785.1334963,4185693.17900602,185.8,-4.2407955351331054e-10,186.5,ASK
1279,1712375785.1366563,4187061.39302192,185.8,-2.005210751631937e-07,186.5,ASK
1280,1712375785.1535614,4188448.21925948,185.8,-2.0324882290952025e-07,186.5,ASK
1281,1712375785.1734903,4189829.34035041,185.8,-2.0241269484557529e-07,186.5,ASK
1282,1712375785.2334723,4190667.10745061,185.8,-1.227804698067975e-07,186.5,ASK
1283,1712375790.1734407,4190667.10745061,185.8,-0.0,186.5,ASK
1284,1712375816.333706,4195084.76954013,185.8,-6.473274295807629e-07,186.5,ASK
1285,1712375816.343514,4195114.23812123,185.8,-4.318080575267307e-09,186.5,ASK
1286,1712375820.1212397,4195114.23812123,185.8,-0.0,186.5,ASK
1287,1712375840.553925,4233368.28655449,185.8,5.60475122788307e-06,186.5,BID
1288,1712375850.1208816,4233368.28655449,185.8,0.0,186.5,BID
1289,1712375863.6238751,4238263.5784134,185.8,7.164823631236022e-07,186.5,BID
1290,1712375867.3578937,4240263.5784134,185.8,2.92723042373693e-07,186.5,BID
1291,1712375880.2042005,4240263.5784134,185.8,0.0,186.5,BID
1292,1712375887.493961,4240361.00037249,185.8,1.4256152952987625e-08,186.5,BID
1293,1712375910.1921668,4240361.00037249,185.8,0.0,186.5,BID
1294,1712375935.544252,4240458.32522997,185.8,1.4241905954138224e-08,186.5,BID
1295,1712375940.1271083,4240458.32522997,185.8,0.0,186.5,BID
1296,1712375941.894397,4241303.34368678,185.7,-1.2365434543243468e-07,186.5,ASK
1297,1712375941.8977582,4241330.32268516,185.7,-3.947926057932408e-09,186.5,ASK
1298,1712375942.055076,4241463.96239094,185.8,1.9555940120390765e-08,186.5,BID
1299,1712375942.058371,4246027.91757299,185.7,6.678586557147767e-07,186.5,BID
1300,1712375970.1255498,4246027.91757299,185.7,0.0,186.5,BID
1301,1712375970.3544805,4251410.04889699,185.8,7.874658930148296e-07,186.5,BID
1302,1712375982.1548429,4260769.4392854,185.7,1.3693832919719542e-06,186.5,BID
1303,1712375999.4446292,4277250.7644515,185.7,2.411401851552285e-06,186.5,BID
1304,1712376000.2047143,4277250.7644515,185.7,0.0,186.5,BID
1305,1712376023.584813,4281797.90289255,185.7,6.650493385012798e-07,186.5,BID
1306,1712376023.6092954,4283091.00453224,185.7,1.8912474322906525e-07,186.5,BID
1307,1712376024.2694864,4283883.4281082,185.7,1.1589723555532249e-07,186.5,BID
1308,1712376030.1248293,4283883.4281082,185.7,0.0,186.5,BID
1309,1712376034.594715,4289643.7591822,185.7,8.42335116151348e-07,186.5,BID
1310,1712376034.6349769,4289643.7591824,185.7,2.9280335675474106e-17,186.5,BID
1311,1712376057.1450062,4291259.2680674,185.7,2.362363980140333e-07,186.5,BID
1312,1712376057.1471543,4295454.12995354,185.8,6.134160395831669e-07,186.5,BID
1313,1712376057.150417,4295454.12995384,185.8,4.385240970931471e-17,186.5,BID
1314,1712376060.1840377,4295454.12995384,185.8,0.0,186.5,BID
1315,1712376090.1853547,4295454.12995384,185.8,0.0,186.5,BID
1316,1712376120.1219175,4295454.12995384,185.8,0.0,186.5,BID
1317,1712376150.1483486,4295454.12995384,185.8,0.0,186.5,BID
1318,1712376180.1857567,4295454.12995384,185.8,0.0,186.5,BID
1319,1712376210.1911871,4295454.12995384,185.8,0.0,186.5,BID
1320,1712376226.375939,4296412.14932952,185.8,-1.4004747803227478e-07,186.5,ASK
1321,1712376240.1292148,4296412.14932952,185.8,-0.0,186.5,ASK
1322,1712376266.6460342,4296705.31774516,185.8,-4.285553086858965e-08,186.5,ASK
1323,1712376266.6496418,4298781.24372189,185.8,-3.034600762919744e-07,186.5,ASK
1324,1712376270.1299827,4298781.24372189,185.8,-0.0,186.5,ASK
1325,1712376300.1866186,4298781.24372189,185.8,-0.0,186.5,ASK
1326,1712376301.126192,4308146.2318812,185.8,1.3729971195022997e-06,186.5,BID
1327,1712376310.3961856,4312558.54330154,185.8,6.468871895424106e-07,186.5,BID
1328,1712376330.1707206,4312558.54330154,185.8,0.0,186.5,BID
1329,1712376360.1212504,4312558.54330154,185.8,0.0,186.5,BID
1330,1712376364.4967525,4314890.66104171,185.8,-3.417825678322188e-07,186.5,ASK
1331,1712376390.1272702,4314890.66104171,185.8,-0.0,186.5,ASK
1332,1712376420.176438,4314890.66104171,185.8,-0.0,186.5,ASK
1333,1712376450.1868742,4314890.66104171,185.8,-0.0,186.5,ASK
1334,1712376480.124204,4314890.66104171,185.8,-0.0,186.5,ASK
1335,1712376488.5968292,4316574.25287151,185.8,-2.467224488796614e-07,186.5,ASK
1336,1712376488.599635,4326005.76424176,185.8,-1.382143546147299e-06,186.5,ASK
1337,1712376488.7366686,4341801.31766076,185.8,2.314763918406606e-06,186.5,BID
1338,1712376488.7402265,4341801.31766174,185.8,1.435779431304707e-16,186.5,BID
1339,1712376510.1178074,4341801.31766174,185.8,0.0,186.5,BID
1340,1712376540.1868742,4341801.31766174,185.8,0.0,186.5,BID
1341,1712376567.3768137,4343938.14629043,186.0,3.1291288637404933e-07,186.5,BID
1342,1712376567.3787282,4344488.14629043,186.0,8.054089373149085e-08,186.5,BID
1343,1712376570.1913955,4344488.14629043,186.0,0.0,186.5,BID
1344,1712376600.1473112,4344488.14629043,186.0,0.0,186.5,BID
1345,1712376630.1270072,4344488.14629043,186.0,0.0,186.5,BID
1346,1712376660.1877277,4344488.14629043,186.0,0.0,186.5,BID
1347,1712376679.7472234,4344595.50397034,186.2,1.579943764929548e-08,186.5,BID
1348,1712376690.1752863,4344595.50397034,186.2,0.0,186.5,BID
1349,1712376693.7171342,4344665.88992089,185.8,-1.0358412798549992e-08,186.5,ASK
1350,1712376720.1589584,4344665.88992089,185.8,-0.0,186.5,ASK
1351,1712376750.1271796,4344665.88992089,185.8,-0.0,186.5,ASK
1352,1712376780.1872814,4344665.88992089,185.8,-0.0,186.5,ASK
1353,1712376785.2820544,4344739.79516897,185.8,-1.0876312506220805e-08,186.5,ASK
1354,1712376810.1873202,4344739.79516897,185.8,-0.0,186.5,ASK
1355,1712376834.787705,4351319.80429326,185.8,-9.683492413221274e-07,186.5,ASK
1356,1712376834.7918875,4351393.46087086,185.7,-1.0839694853037056e-08,186.5,ASK
1357,1712376840.1228416,4351393.46087086,185.7,-0.0,186.5,ASK
1358,1712376858.4175062,4351662.27807516,186.0,3.9553377655600855e-08,186.5,BID
1359,1712376858.6374109,4353277.78696116,186.0,-2.377036590356025e-07,186.5,ASK
1360,1712376859.1052325,4357943.40095416,186.0,-6.864917472106105e-07,186.5,ASK
1361,1712376870.118368,4357943.40095416,186.0,-0.0,186.5,ASK
1362,1712376900.1488929,4357943.40095416,186.0,-0.0,186.5,ASK
1363,1712376930.1172214,4357943.40095416,186.0,-0.0,186.5,ASK
1364,1712376960.191061,4357943.40095416,186.0,-0.0,186.5,ASK
1365,1712376990.1687188,4357943.40095416,186.0,-0.0,186.5,ASK
1366,1712377009.0366344,4357943.40095458,186.0,-6.185428023229119e-17,186.5,ASK
1367,1712377009.0396416,4358655.40095416,186.0,-1.0485112124041885e-07,186.5,ASK
1368,1712377009.439958,4359440.51261316,186.0,-1.1561774971012088e-07,186.5,ASK
1369,1712377020.117869,4359440.51261316,186.0,-0.0,186.5,ASK
1370,1712377034.456021,4359440.51261379,186.0,-9.284618757538238e-17,186.5,ASK
1371,1712377041.20567,4359494.27605465,186.0,7.917030764863868e-09,186.5,BID
1372,1712377050.1155512,4359494.27605465,186.0,0.0,186.5,BID
1373,1712377080.177193,4359494.27605465,186.0,0.0,186.5,BID
1374,1712377092.3945773,4359566.44632458,185.8,-1.06275453510731e-08,186.5,ASK
1375,1712377110.1840796,4359566.44632458,185.8,-0.0,186.5,ASK
1376,1712377128.3336313,4360729.81613734,185.8,-1.7131349298846114e-07,186.5,ASK
1377,1712377140.1209328,4360729.81613734,185.8,-0.0,186.5,ASK
1378,1712377170.112809,4360729.81613734,185.8,-0.0,186.5,ASK
1379,1712377187.9727485,4361351.24735721,186.0,9.15067274874638e-08,186.5,BID
1380,1712377200.1422665,4361351.24735721,186.0,0.0,186.5,BID
1381,1712377229.8720372,4365291.11075884,186.0,5.879497742251359e-07,186.5,BID
1382,1712377230.1153152,4365291.11075884,186.0,0.0,186.5,BID
1383,1712377260.1811757,4365291.11075884,186.0,0.0,186.5,BID
1384,1712377290.1709373,4365291.11075884,186.0,0.0,186.5,BID
1385,1712377320.1429708,4365291.11075884,186.0,0.0,186.5,BID
1386,1712377331.5005004,4365558.55637976,185.9,-3.990681458520744e-08,186.5,ASK
1387,1712377350.1118915,4365558.55637976,185.9,-0.0,186.5,ASK
1388,1712377368.4711418,4365611.71468239,185.9,7.931940637998224e-09,186.5,BID
1389,1712377368.4740105,4365844.26906147,185.9,3.470027142892824e-08,186.5,BID
1390,1712377380.1759768,4365844.26906147,185.9,0.0,186.5,BID
1391,1712377385.759735,4366396.39038547,185.9,-8.238334638977309e-08,186.5,ASK
1392,1712377410.1793802,4366396.39038547,185.9,-0.0,186.5,ASK
1393,1712377440.1151652,4366396.39038547,185.9,-0.0,186.5,ASK
1394,1712377470.102555,4366396.39038547,185.9,-0.0,186.5,ASK
1395,1712377491.7684853,4366705.99580747,185.9,-4.619625975472944e-08,186.5,ASK
1396,1712377500.16815,4366705.99580747,185.9,-0.0,186.5,ASK
1397,1712377513.4778953,4366732.89198822,185.9,-4.018513941992306e-09,186.5,ASK
1398,1712377525.808264,4366786.65542908,186.0,8.032706899033458e-09,186.5,BID
1399,1712377527.1576433,4366858.31130301,185.9,-1.07059857714207e-08,186.5,ASK
1400,1712377530.167774,4366858.31130301,185.9,-0.0,186.5,ASK
1401,1712377560.1658113,4366858.31130301,185.9,-0.0,186.5,ASK
1402,1712377565.357691,4367248.31130301,185.9,-5.8269009287729816e-08,186.5,ASK
1403,1712377565.3617065,4367279.07883084,185.9,-4.596906063790631e-09,186.5,ASK
1404,1712377590.1135836,4367279.07883084,185.9,-0.0,186.5,ASK
1405,1712377620.196795,4367279.07883084,185.9,-0.0,186.5,ASK
1406,1712377650.1809273,4367279.07883084,185.9,-0.0,186.5,ASK
1407,1712377664.3263605,4372658.3149793,185.9,8.036899948812882e-07,186.5,BID
1408,1712377680.1165226,4372658.3149793,185.9,0.0,186.5,BID
1409,1712377698.476143,4373350.33677946,185.8,-1.0337674324515869e-07,186.5,ASK
1410,1712377698.4801984,4374251.79063252,185.8,-1.3466246799377737e-07,186.5,ASK
1411,1712377710.1137972,4374251.79063252,185.8,-0.0,186.5,ASK
1412,1712377717.226138,4375049.7077477,185.8,-1.191905005319292e-07,186.5,ASK
1413,1712377740.154725,4375049.7077477,185.8,-0.0,186.5,ASK
1414,1712377770.129461,4375049.7077477,185.8,-0.0,186.5,ASK
1415,1712377800.1500251,4375049.7077477,185.8,-0.0,186.5,ASK
1416,1712377826.5851922,4376804.29296426,185.8,-2.6247845520397216e-07,186.5,ASK
1417,1712377826.5931528,4377573.39953046,185.8,-1.1505505772991717e-07,186.5,ASK
1418,1712377826.7251136,4377773.39953046,185.7,-2.991914587295127e-08,186.5,ASK
1419,1712377826.7290592,4379853.75479992,185.7,-3.112122638726841e-07,186.5,ASK
1420,1712377826.732155,4386674.9499374,185.7,-1.020421661730691e-06,186.5,ASK
1421,1712377830.1137905,4386674.9499374,185.7,-0.0,186.5,ASK
1422,1712377860.176776,4386674.9499374,185.7,-0.0,186.5,ASK
1423,1712377890.1733124,4386674.9499374,185.7,-0.0,186.5,ASK
1424,1712377920.1144297,4386674.9499374,185.7,-0.0,186.5,ASK
1425,1712377937.3342216,4387250.69329889,185.7,8.610093867983797e-08,186.5,BID
1426,1712377942.5341582,4389176.53743988,185.6,-2.8800503728118777e-07,186.5,ASK
1427,1712377942.5360863,4392250.69329889,185.6,-4.5973210081655e-07,186.5,ASK
1428,1712377946.4047172,4392480.02157169,185.6,-3.4295453277668067e-08,186.5,ASK
1429,1712377946.4079933,4398560.30578302,185.6,-9.092908630001684e-07,186.5,ASK
1430,1712377950.1223688,4398560.30578302,185.6,-0.0,186.5,ASK
1431,1712377951.5542994,4401642.283833,185.6,4.607498886215362e-07,186.5,BID
1432,1712377980.1738918,4401642.283833,185.6,0.0,186.5,BID
1433,1712378010.1735475,4401642.283833,185.6,0.0,186.5,BID
1434,1712378040.1177578,4401642.283833,185.6,0.0,186.5,BID
1435,1712378070.1032164,4401642.283833,185.6,0.0,186.5,BID
1436,1712378090.663318,4403948.2368175,185.6,-3.447061316498034e-07,186.5,ASK
1437,1712378094.2132215,4404918.0644037,185.6,1.4497499205467241e-07,186.5,BID
1438,1712378100.1639547,4404918.0644037,185.6,0.0,186.5,BID
1439,1712378121.9530942,4413274.35253069,185.6,1.2521467264899835e-06,186.5,BID
1440,1712378130.165595,4413274.35253069,185.6,0.0,186.5,BID
1441,1712378160.1059313,4413274.35253069,185.6,0.0,186.5,BID
1442,1712378190.1130097,4413274.35253069,185.6,0.0,186.5,BID
1443,1712378212.9726048,4413303.68272413,185.7,4.3939572370394595e-09,186.5,BID
1444,1712378212.976732,4415644.39022589,185.7,3.506614672705371e-07,186.5,BID
1445,1712378215.862449,4417193.76872389,185.7,2.3211244337777058e-07,186.5,BID
1446,1712378220.13718,4417193.76872389,185.7,0.0,186.5,BID
1447,1712378227.472439,4430469.71745145,185.6,-1.988653475425509e-06,186.5,ASK
1448,1712378228.9524326,4430469.71745169,185.7,3.5853107267804174e-17,186.5,BID
1449,1712378237.0924647,4440093.99220949,185.8,1.4416557218105134e-06,186.5,BID
1450,1712378241.6654904,4447310.99570787,185.8,1.0810616539530076e-06,186.5,BID
1451,1712378248.0733104,4454856.68228896,185.8,1.130296308903586e-06,186.5,BID
1452,1712378248.2127385,4458134.69592315,185.8,-4.910257895611852e-07,186.5,ASK
1453,1712378248.3523295,4458964.12607802,185.7,-1.2424341144684388e-07,186.5,ASK
1454,1712378248.3561864,4459783.96116187,185.7,-1.2280613026087997e-07,186.5,ASK
1455,1712378250.1125965,4459783.96116187,185.7,-0.0,186.5,ASK
1456,1712378254.3364868,4470596.84320308,185.8,1.6177846365818553e-06,186.5,BID
1457,1712378255.8422644,4470704.48582956,185.8,1.6105103773192887e-08,186.5,BID
1458,1712378256.5024009,4471774.2695173,185.7,-1.6005719917178902e-07,186.5,ASK
1459,1712378280.1710782,4471774.2695173,185.7,-0.0,186.5,ASK
1460,1712378281.5022984,4474774.2695173,185.8,4.486996908495496e-07,186.5,BID
1461,1712378293.6325042,4475016.40973361,185.8,3.6216080066922754e-08,186.5,BID
1462,1712378293.6368778,4478016.14519006,185.8,4.486601239798358e-07,186.5,BID
1463,1712378307.5819988,4478465.86961906,185.8,6.726373741995536e-08,186.5,BID
1464,1712378310.1845078,4478465.86961906,185.8,0.0,186.5,BID
1465,1712378334.6218872,4478465.86961926,185.8,2.9803527315361655e-17,186.5,BID
1466,1712378340.1118686,4478465.86961926,185.8,0.0,186.5,BID
1467,1712378370.1117802,4478465.86961926,185.8,0.0,186.5,BID
1468,1712378379.1920245,4478516.4616535,185.8,-7.565469863142036e-09,186.5,ASK
1469,1712378379.1953323,4478624.10427998,185.8,-1.6096744455028392e-08,186.5,ASK
1470,1712378379.1978345,4478843.22810982,185.7,-3.2767504921355814e-08,186.5,ASK
1471,1712378382.971652,4485242.92820582,185.9,9.570031910460834e-07,186.5,BID
1472,1712378383.051641,4486601.28194845,185.9,2.031265288632855e-07,186.5,BID
1473,1712378383.0537045,4487738.87631215,185.9,1.7011444596553522e-07,186.5,BID
1474,1712378383.1320474,4487953.9300756,186.0,3.2158872256666146e-08,186.5,BID
1475,1712378383.1354983,4489002.79585822,186.0,1.5684608433044273e-07,186.5,BID
1476,1712378389.6318629,4493943.37766764,185.7,-7.388084576329677e-07,186.5,ASK
1477,1712378397.90153,4494144.0622387,185.8,3.0010121102021794e-08,186.5,BID
1478,1712378400.1182208,4494144.0622387,185.8,0.0,186.5,BID
1479,1712378430.1118908,4494144.0622387,185.8,0.0,186.5,BID
1480,1712378445.275572,4495488.65868846,185.8,-2.033854132218605e-07,186.5,ASK
1481,1712378460.1723776,4495488.65868846,185.8,-0.0,186.5,ASK
1482,1712378490.0898778,4495569.22021452,186.1,1.2185381063168136e-08,186.5,BID
1483,1712378490.1663878,4495569.22021452,186.1,0.0,186.5,BID
1484,1712378495.551411,4503170.26407593,185.8,-1.149697757990992e-06,186.5,ASK
1485,1712378520.1413496,4503170.26407593,185.8,-0.0,186.5,ASK
1486,1712378530.7313228,4503210.50739513,186.0,6.085713146841461e-09,186.5,BID
1487,1712378550.1079476,4503210.50739513,186.0,0.0,186.5,BID
1488,1712378580.2002783,4503210.50739513,186.0,0.0,186.5,BID
1489,1712378610.1687222,4503210.50739513,186.0,0.0,186.5,BID
1490,1712378640.1156042,4503210.50739513,186.0,0.0,186.5,BID
1491,1712378660.1105676,4504332.4605356,186.0,1.696648632410132e-07,186.5,BID
1492,1712378660.1142175,4515684.46426337,186.0,1.716681464233396e-06,186.5,BID
1493,1712378667.3408225,4520452.67043137,186.0,-7.210613511537341e-07,186.5,ASK
1494,1712378670.1114724,4520452.67043137,186.0,-0.0,186.5,ASK
1495,1712378697.238427,4520506.46279285,185.9,-8.130686778363013e-09,186.5,ASK
1496,1712378697.243287,4521112.03465551,185.8,-9.153186440597077e-08,186.5,ASK
1497,1712378700.1369154,4521112.03465551,185.8,-0.0,186.5,ASK
1498,1712378730.110166,4521112.03465551,185.8,-0.0,186.5,ASK
1499,1712378760.1639657,4521112.03465551,185.8,-0.0,186.5,ASK
1500,1712378790.1607168,4521112.03465551,185.8,-0.0,186.5,ASK
1501,1712378820.1145952,4521112.03465551,185.8,-0.0,186.5,ASK
1502,1712378835.1001172,4521380.85185981,185.8,-4.1200402901992535e-08,186.5,ASK
1503,1712378835.1027796,4529320.63010775,185.8,-1.2168940735032038e-06,186.5,ASK
1504,1712378841.9496982,4531802.08131175,185.8,3.803208565199369e-07,186.5,BID
1505,1712378844.1398432,4531802.08131235,185.8,9.192431459656624e-17,186.5,BID
1506,1712378844.2397633,4533347.36233317,185.8,-2.3683826643657378e-07,186.5,ASK
1507,1712378850.1129785,4533347.36233317,185.8,-0.0,186.5,ASK
1508,1712378871.989842,4533847.36233317,185.8,-7.660605815309561e-08,186.5,ASK
1509,1712378880.162811,4533847.36233317,185.8,-0.0,186.5,ASK
1510,1712378910.1806035,4533847.36233317,185.8,-0.0,186.5,ASK
1511,1712378940.1117575,4533847.36233317,185.8,-0.0,186.5,ASK
1512,1712378966.9096398,4535845.68134145,185.8,-3.061623265808304e-07,186.5,ASK
1513,1712378966.916283,4536491.46598203,185.8,-9.894062319933776e-08,186.5,ASK
1514,1712378970.1199682,4536491.46598203,185.8,-0.0,186.5,ASK
1515,1712378994.6992552,4541367.75346187,186.1,7.470394625257729e-07,186.5,BID
1516,1712379000.1293564,4541367.75346187,186.1,0.0,186.5,BID
1517,1712379013.049251,4545756.1682926,186.1,6.728424596517823e-07,186.5,BID
1518,1712379018.2289968,4555629.55356933,186.1,1.5138114993519656e-06,186.5,BID
1519,1712379021.6391444,4563033.35797556,186.1,1.1351693400964947e-06,186.5,BID
1520,1712379025.1992338,4575955.77581976,186.1,1.9812966053380685e-06,186.5,BID
1521,1712379025.2041156,4576200.40835183,186.1,3.750765616698286e-08,186.5,BID
1522,1712379025.3190594,4576819.44170167,186.1,-9.491170223841001e-08,186.5,ASK
1523,1712379025.859205,4577685.86282447,186.1,-1.328417986550898e-07,186.5,ASK
1524,1712379025.9280949,4578547.66452531,186.1,-1.3213353761926573e-07,186.5,ASK
1525,1712379025.9592545,4582786.67955271,186.1,-6.499361176078046e-07,186.5,ASK
1526,1712379026.139032,4583406.87032911,186.1,-9.508916170013722e-08,186.5,ASK
1527,1712379026.3990674,4584708.35785017,186.1,-1.995472394141101e-07,186.5,ASK
1528,1712379030.1195118,4584708.35785017,186.1,-0.0,186.5,ASK
1529,1712379036.3197763,4585229.97057737,186.1,-7.98761559841973e-08,186.5,ASK
1530,1712379036.3252227,4585783.80223724,186.1,-8.480993991485267e-08,186.5,ASK
1531,1712379060.1591375,4585783.80223724,186.1,-0.0,186.5,ASK
1532,1712379069.350696,4586329.97057737,186.1,-8.363386905272042e-08,186.5,ASK
1533,1712379090.1610656,4586329.97057737,186.1,-0.0,186.5,ASK
1534,1712379120.134039,4586329.97057737,186.1,-0.0,186.5,ASK
1535,1712379150.1157043,4586329.97057737,186.1,-0.0,186.5,ASK
1536,1712379180.1746962,4586329.97057737,186.1,-0.0,186.5,ASK
1537,1712379210.1735244,4586329.97057737,186.1,-0.0,186.5,ASK
1538,1712379213.9244735,4586858.49326357,186.1,8.093055915942854e-08,186.5,BID
1539,1712379232.575497,4587180.00762874,186.1,-4.9232205221173375e-08,186.5,ASK
1540,1712379240.1187956,4587180.00762874,186.1,-0.0,186.5,ASK
1541,1712379270.1227543,4587180.00762874,186.1,-0.0,186.5,ASK
1542,1712379300.1694777,4587180.00762874,186.1,-0.0,186.5,ASK
1543,1712379330.1691458,4587180.00762874,186.1,-0.0,186.5,ASK
1544,1712379360.1171613,4587180.00762874,186.1,-0.0,186.5,ASK
1545,1712379367.2377875,4587341.21128268,186.1,-2.472659546998346e-08,186.5,ASK
1546,1712379367.2437625,4588066.63045805,186.1,-1.1127009876732676e-07,186.5,ASK
1547,1712379390.113179,4588066.63045805,186.1,-0.0,186.5,ASK
1548,1712379420.168017,4588066.63045805,186.1,-0.0,186.5,ASK
1549,1712379450.1717837,4588066.63045805,186.1,-0.0,186.5,ASK
1550,1712379480.1389372,4588066.63045805,186.1,-0.0,186.5,ASK
1551,1712379506.929483,4588281.46124792,186.1,3.2951483834199234e-08,186.5,BID
1552,1712379510.1235838,4588281.46124792,186.1,0.0,186.5,BID
1553,1712379540.1998274,4588281.46124792,186.1,0.0,186.5,BID
1554,1712379545.5102055,4600059.31006962,185.7,-1.80651579496713e-06,186.5,ASK
1555,1712379545.5153165,4605021.97176644,185.7,-7.611854147649793e-07,186.5,ASK
1556,1712379545.520096,4607189.31879489,185.8,-3.324330868347133e-07,186.5,ASK
1557,1712379545.5230706,4612033.23698649,185.8,-7.429722401030642e-07,186.5,ASK
1558,1712379570.188622,4612033.23698649,185.8,-0.0,186.5,ASK
1559,1712379600.1572518,4612033.23698649,185.8,-0.0,186.5,ASK
1560,1712379630.1211271,4612033.23698649,185.8,-0.0,186.5,ASK
1561,1712379659.431322,4615931.78336731,186.1,5.981796807109734e-07,186.5,BID
1562,1712379659.436318,4618371.78336731,186.1,3.743852909165266e-07,186.5,BID
1563,1712379659.5073924,4619558.12550711,186.1,-1.8202829800638826e-07,186.5,ASK
1564,1712379659.521523,4623303.49625711,186.1,-5.746769335364398e-07,186.5,ASK
1565,1712379659.531245,4625422.6637895,186.1,-3.251578496371647e-07,186.5,ASK
