,time,acc_trade_volume,trade_price,dev,high,ask_bid
0,1712365207.22467,29158378.25593388,65.18,0.0,65.67,ASK
1,1712365209.7986865,29171935.37865488,65.25,6.920776957995495e-07,65.67,BID
2,1712365209.8000178,29181710.15093584,65.25,4.989924496807315e-07,65.67,BID
3,1712365211.4515822,29192388.63342784,65.25,5.451259614440653e-07,65.67,BID
4,1712365211.452886,29192388.63342841,65.25,2.909637450271533e-17,65.67,BID
5,1712365215.0987558,29194689.95285155,65.23,-1.1748007865990865e-07,65.67,ASK
6,1712365230.870762,29194689.95285155,65.23,-0.0,65.67,ASK
7,1712365240.5016692,29210032.08233912,65.18,-7.831034038188153e-07,65.67,ASK
8,1712365240.5022209,29241974.01257069,65.18,-1.6304017189498894e-06,65.67,ASK
9,1712365240.502772,29242277.25409286,65.17,-1.5478259936691783e-08,65.67,ASK
10,1712365240.503338,29243302.12756205,65.18,-5.2312288385753526e-08,65.67,ASK
11,1712365240.5039785,29249857.77255679,65.17,-3.3461768874831946e-07,65.67,ASK
12,1712365240.504534,29257525.78574258,65.18,-3.913959422116676e-07,65.67,ASK
13,1712365240.5051873,29305153.83743629,65.17,-2.431063395001209e-06,65.67,ASK
14,1712365240.558622,29339423.85519855,65.16,-1.7492335454671558e-06,65.67,ASK
15,1712365240.559894,29354929.06061448,65.17,-7.914272362231283e-07,65.67,ASK
16,1712365244.1886616,29405785.99190071,65.16,-2.595874062351623e-06,65.67,ASK
17,1712365244.1984928,29445192.74235545,65.16,-2.011426147820532e-06,65.67,ASK
18,1712365246.19904,29453528.46142625,65.16,-4.254774399413812e-07,65.67,ASK
19,1712365248.9487948,29459671.91097317,65.1,-3.1357812846505546e-07,65.67,ASK
20,1712365248.9501116,29475525.5713895,65.1,-8.092133132545096e-07,65.67,ASK
21,1712365249.0685496,29511131.80239823,65.1,1.817437450432564e-06,65.67,BID
22,1712365249.0784502,29527316.45285674,65.1,8.261079320146463e-07,65.67,BID
23,1712365249.0885034,29539640.1725963,65.12,6.290356813618572e-07,65.67,BID
24,1712365251.660193,29557606.8993053,65.12,9.170698795561436e-07,65.67,BID
25,1712365251.6686203,29754229.9995813,65.12,1.0036169960649225e-05,65.67,BID
26,1712365251.6785111,29772743.1222753,65.12,9.449593948957816e-07,65.67,BID
27,1712365251.718606,29795478.69903384,65.12,1.1604847659395603e-06,65.67,BID
28,1712365251.7394483,29978087.98612678,65.12,9.32086738071548e-06,65.67,BID
29,1712365251.7987275,29990166.35745484,65.16,6.165124409394448e-07,65.67,BID
30,1712365251.8085244,30056120.85438714,65.16,3.366494272303419e-06,65.67,BID
31,1712365253.108612,30072982.05569714,65.17,8.606409005367099e-07,65.67,BID
32,1712365260.598507,30072982.05569714,65.17,0.0,65.67,BID
33,1712365290.5588615,30072982.05569714,65.17,0.0,65.67,BID
34,1712365291.948746,30073137.81893701,65.17,-7.927424292324449e-09,65.67,ASK
35,1712365295.6588314,30074287.81893701,65.17,-5.8528173551613774e-08,65.67,ASK
36,1712365296.3088517,30086481.39350494,65.22,6.205805639359016e-07,65.67,BID
37,1712365296.3105023,30097205.29843218,65.22,5.457831032455996e-07,65.67,BID
38,1712365296.3887253,30171291.29843218,65.22,-3.770537622386831e-06,65.67,ASK
39,1712365296.4739003,30183893.78230043,65.22,-6.4139162001956e-07,65.67,ASK
40,1712365296.488552,30196727.50372509,65.22,-6.531602390047289e-07,65.67,ASK
41,1712365320.8687656,30196727.50372509,65.22,-0.0,65.67,ASK
42,1712365324.6190915,30198910.94907679,65.23,1.1107878218091969e-07,65.67,BID
43,1712365324.6207402,30205641.35351801,65.23,3.423969957998464e-07,65.67,BID
44,1712365324.6786528,30205641.35351803,65.23,1.137103915061025e-18,65.67,BID
45,1712365324.680189,30205841.35351803,65.25,1.0174633598626385e-08,65.67,BID
46,1712365327.2688427,30206041.35351803,65.3,1.0174633598626385e-08,65.67,BID
47,1712365336.8286982,30213039.87151803,65.3,-3.560367819169182e-07,65.67,ASK
48,1712365338.008585,30226405.96301267,65.3,-6.799754180183148e-07,65.67,ASK
49,1712365340.9521384,30243952.93225392,65.3,8.926699139804455e-07,65.67,BID
50,1712365342.1102855,30288439.5097921,65.3,2.2631731325393763e-06,65.67,BID
51,1712365349.1786504,30364950.60390074,65.3,3.892361743927228e-06,65.67,BID
52,1712365349.33893,30382585.89108478,65.3,8.971629275206544e-07,65.67,BID
53,1712365349.3621216,30396465.54745635,65.3,7.061020902778817e-07,65.67,BID
54,1712365349.45884,30443099.1815436,65.3,2.3724007010508942e-06,65.67,BID
55,1712365350.849109,30443099.1815436,65.3,0.0,65.67,BID
56,1712365358.8601031,30455251.7215436,65.31,-6.177326449135022e-07,65.67,ASK
57,1712365362.77602,30455451.7215436,65.35,1.0166313296044246e-08,65.67,BID
58,1712365372.0487556,30462448.6825436,65.35,-3.556664882311637e-07,65.67,ASK
59,1712365375.0188432,30466371.4950157,65.35,-1.994027029648689e-07,65.67,ASK
60,1712365375.0204556,30468423.3575436,65.35,-1.042993864951954e-07,65.67,ASK
61,1712365376.269892,30468623.3575436,65.4,1.0166313296044246e-08,65.67,BID
62,1712365376.2715647,30468976.09287367,65.44,1.7930089380442077e-08,65.67,BID
63,1712365376.273245,30469176.09287367,65.4,1.0166313296044246e-08,65.67,BID
64,1712365376.8902223,30469328.90460961,65.44,7.767659914353211e-09,65.67,BID
65,1712365380.6003177,30469328.90460961,65.44,0.0,65.67,BID
66,1712365392.1722367,30469528.90460961,65.45,1.0165427789302713e-08,65.67,BID
67,1712365392.1740007,30470228.90460961,65.5,3.5578997262559494e-08,65.67,BID
68,1712365392.175686,30470428.90460961,65.45,1.0165427789302713e-08,65.67,BID
69,1712365392.177366,30476077.42966058,65.5,2.87098367608599e-07,65.67,BID
70,1712365398.6721582,30540565.23904091,65.5,3.277730847730321e-06,65.67,BID
71,1712365398.67373,30565321.46413189,65.5,1.2582880924904328e-06,65.67,BID
72,1712365410.5406806,30566484.14923002,65.35,-5.909595703351793e-08,65.67,ASK
73,1712365410.5717993,30566484.14923002,65.35,-0.0,65.67,ASK
74,1712365415.602179,30566684.44923002,65.35,-1.0177384186550148e-08,65.67,ASK
75,1712365417.5488422,30574691.66740353,65.35,-4.06852399486011e-07,65.67,ASK
76,1712365417.5508225,30603415.54470399,65.35,-1.4594804523865191e-06,65.67,ASK
77,1712365417.7886732,30607995.69737574,65.47,2.327207856879028e-07,65.67,BID
78,1712365418.4087553,30608195.99737574,65.35,-1.0177384186550148e-08,65.67,ASK
79,1712365421.2012804,30621122.87337574,65.36,-6.568236813948475e-07,65.67,ASK
80,1712365423.4489374,30627081.63337574,65.36,-3.027687957825195e-07,65.67,ASK
81,1712365423.9723074,30629908.50546876,65.36,-1.4363536363842117e-07,65.67,ASK
82,1712365425.878802,30639018.14746876,65.36,-4.628673311812162e-07,65.67,ASK
83,1712365427.5487473,30639232.42706876,65.36,-1.0887697516292129e-08,65.67,ASK
84,1712365428.328484,30642675.84743676,65.36,-1.749626160799118e-07,65.67,ASK
85,1712365428.3684623,30642675.84743693,65.36,-8.707092792769649e-18,65.67,ASK
86,1712365428.6686072,30684021.309609,65.35,-2.1007920763557347e-06,65.67,ASK
87,1712365429.328949,30688575.48023986,65.35,2.3140061987620666e-07,65.67,BID
88,1712365429.330694,30744450.66420007,65.36,2.83905748205248e-06,65.67,BID
89,1712365433.9110725,30780248.51308919,65.36,1.8189139350738176e-06,65.67,BID
90,1712365440.8484807,30780248.51308919,65.36,0.0,65.67,BID
91,1712365441.5888016,30781001.24841926,65.36,-3.821988070899337e-08,65.67,ASK
92,1712365448.5185988,30781255.21841926,65.36,-1.289524048630542e-08,65.67,ASK
93,1712365451.3286395,30825679.74013423,65.37,-2.255640000779334e-06,65.67,ASK
94,1712365453.6188602,30827105.74570032,65.37,7.24049482589032e-08,65.67,BID
95,1712365453.6207235,30872956.27298138,65.37,2.3280449490384264e-06,65.67,BID
96,1712365453.6786098,30896584.76905766,65.37,-1.199728862583544e-06,65.67,ASK
97,1712365470.8287227,30896584.76905766,65.37,-0.0,65.67,ASK
98,1712365471.4688482,30898657.48008943,65.5,1.052005769135985e-07,65.67,BID
99,1712365471.4711258,30899421.65554411,65.43,3.8785772576770126e-08,65.67,BID
100,1712365471.473142,30901722.97496725,65.49,1.1680360999002296e-07,65.67,BID
101,1712365471.475162,30902689.75387408,65.5,4.9068923350883543e-08,65.67,BID
102,1712365471.768524,30902989.75387408,65.38,-1.5226518598278455e-08,65.67,ASK
103,1712365472.988719,30910100.65487408,65.38,-3.6091422109008347e-07,65.67,ASK
104,1712365473.758808,30918180.14266561,65.38,-4.1007490374102425e-07,65.67,ASK
105,1712365473.7604606,30925987.95667202,65.37,-3.962860839350305e-07,65.67,ASK
106,1712365473.7988858,30971817.47087916,65.36,-2.32607983475026e-06,65.67,ASK
107,1712365473.8709965,31017710.08216874,65.36,-2.3292823310811494e-06,65.67,ASK
108,1712365473.9787722,31018110.08216933,65.36,-2.0302024827767904e-08,65.67,ASK
109,1712365477.7207184,31019637.7326429,65.46,7.753599449153669e-08,65.67,BID
110,1712365485.1891332,31020402.72652294,65.37,3.882731180670875e-08,65.67,BID
111,1712365486.848847,31022168.35242953,65.36,-8.961445234766857e-08,65.67,ASK
112,1712365492.468896,31025215.73929529,65.36,-1.5467030929201549e-07,65.67,ASK
113,1712365495.798869,31029297.56599226,65.37,2.071733670545222e-07,65.67,BID
114,1712365495.800857,31031060.24213463,65.37,8.94647368819063e-08,65.67,BID
115,1712365496.2987893,31031427.31498929,65.37,-1.8630805494701762e-08,65.67,ASK
116,1712365500.551129,31031427.31498929,65.37,-0.0,65.67,ASK
117,1712365515.0989504,31038425.53798929,65.38,-3.571341104755443e-07,65.67,ASK
118,1712365515.4990244,31039308.35094258,65.38,-4.5051810836763054e-08,65.67,ASK
119,1712365516.2789953,31065862.16241721,65.38,-1.3550971211879992e-06,65.67,ASK
120,1712365518.8290474,31070611.94341721,65.37,-2.423913631201924e-07,65.67,ASK
121,1712365524.5990677,31072521.31641721,65.37,-9.743933966110457e-08,65.67,ASK
122,1712365526.9493756,31090245.66091626,65.37,-9.045107602934642e-07,65.67,ASK
123,1712365526.9514294,31091775.41462591,65.37,-7.806656494683476e-08,65.67,ASK
124,1712365527.2089164,31100510.37346024,65.37,4.4576341070306193e-07,65.67,BID
125,1712365530.869067,31100510.37346024,65.37,0.0,65.67,BID
126,1712365531.679012,31132480.57477444,65.37,1.631131004855382e-06,65.67,BID
127,1712365549.0895095,31142545.0228091,65.45,5.134917066911531e-07,65.67,BID
128,1712365549.091615,31152338.76882633,65.49,4.996803937948776e-07,65.67,BID
129,1712365549.1001909,31167919.77540338,65.52,7.949484792076486e-07,65.67,BID
130,1712365549.1011338,31372664.33873978,65.5,1.044614020573101e-05,65.67,BID
131,1712365552.093505,31372740.61639042,65.55,3.8917127769294096e-09,65.67,BID
132,1712365558.2893715,31379518.44366735,65.57,3.458071504868827e-07,65.67,BID
133,1712365558.2916374,31379842.16601671,65.55,1.651642902768172e-08,65.67,BID
134,1712365558.293713,31395356.83530832,65.57,7.915639273871462e-07,65.67,BID
135,1712365560.559214,31395356.83530832,65.57,0.0,65.67,BID
136,1712365562.2692497,31395356.83530848,65.55,-8.164778373739868e-18,65.67,ASK
137,1712365562.271019,31397786.53782548,65.55,-1.2384227665272954e-07,65.67,ASK
138,1712365562.892507,31400150.53782548,65.38,-1.2049341018448708e-07,65.67,ASK
139,1712365562.894277,31400315.53095839,65.38,-8.409723029417818e-09,65.67,ASK
140,1712365571.399035,31408177.42509302,65.4,-4.0072184212814186e-07,65.67,ASK
141,1712365571.408985,31445264.82773857,65.41,-1.8903500929133325e-06,65.67,ASK
142,1712365573.2758422,31445388.52319172,65.54,6.304774523945528e-09,65.67,BID
143,1712365579.6190495,31465636.04319172,65.52,1.0320189224105546e-06,65.67,BID
144,1712365579.6791856,31507105.8371346,65.52,-2.1137211894355256e-06,65.67,ASK
145,1712365579.6813862,31545256.30257027,65.52,-1.9445345518058966e-06,65.67,ASK
146,1712365579.699039,31570443.30257027,65.52,-1.283784907917375e-06,65.67,ASK
147,1712365582.6492496,31572468.05457027,65.53,1.0320189224107446e-07,65.67,BID
148,1712365586.419093,31572838.88599666,65.55,1.890132959782161e-08,65.67,BID
149,1712365588.1489418,31595455.10491456,65.52,-1.152751837096865e-06,65.67,ASK
150,1712365590.6090248,31595455.10491456,65.52,-0.0,65.67,ASK
151,1712365590.6609352,31776826.86545847,65.52,-9.23837297896939e-06,65.67,ASK
152,1712365590.6632347,31776979.49061109,65.52,-7.774132431974911e-09,65.67,ASK
153,1712365590.779861,31795018.63555559,65.48,-9.18843973941783e-07,65.67,ASK
154,1712365591.0667386,31819698.63555559,65.43,-1.2571033353660727e-06,65.67,ASK
155,1712365591.067841,31870021.23292003,65.42,-2.563237641455328e-06,65.67,ASK
156,1712365591.069068,31882428.63555559,65.43,-6.319848961262665e-07,65.67,ASK
157,1712365591.800826,31882581.51737794,65.41,-7.787206190845336e-09,65.67,ASK
158,1712365591.8088837,31888525.49061109,65.4,-3.027629082950675e-07,65.67,ASK
159,1712365591.8389995,31920609.49061109,65.4,-1.6342343359758945e-06,65.67,ASK
160,1712365594.499096,31928272.21385944,65.51,3.903093579207847e-07,65.67,BID
161,1712365598.6090453,31981846.4067905,65.4,-2.728861289431956e-06,65.67,ASK
162,1712365608.8090043,31985210.83355162,65.4,-1.713708307536275e-07,65.67,ASK
163,1712365620.8391924,31985210.83355162,65.4,-0.0,65.67,ASK
164,1712365625.5615425,31985410.83355162,65.4,-1.0174000023435956e-08,65.67,ASK
165,1712365626.099007,31985610.83355162,65.4,-1.0174000023435956e-08,65.67,ASK
166,1712365626.2790136,31989899.32555162,65.4,-2.181555885426473e-07,65.67,ASK
167,1712365627.4989295,31993087.00999224,65.4,-1.6215750786788393e-07,65.67,ASK
168,1712365627.969293,31993647.72099224,65.4,-2.8523368635663053e-08,65.67,ASK
169,1712365628.8498418,31995647.72099224,65.4,-1.0174000023435957e-07,65.67,ASK
170,1712365629.5914788,31997957.30599224,65.4,-1.1748858922049265e-07,65.67,ASK
171,1712365630.9831448,31998736.43060954,65.4,-3.963406937339584e-08,65.67,ASK
172,1712365633.3291037,31999036.43060954,65.49,1.5261000035153932e-08,65.67,BID
173,1712365633.331926,32008661.61002624,65.49,4.896328780554662e-07,65.67,BID
174,1712365641.0790334,32046227.54002624,65.49,1.910978863501952e-06,65.67,BID
175,1712365641.2592354,32048344.7770606,65.49,-1.077038481860826e-07,65.67,ASK
176,1712365641.298999,32062944.7770606,65.49,-7.427020017108247e-07,65.67,ASK
177,1712365642.6490784,32123458.02300372,65.49,-3.078308828217335e-06,65.67,ASK
178,1712365644.3091602,32130458.02300372,65.49,-3.560900008202584e-07,65.67,ASK
179,1712365645.919052,32134072.45983796,65.49,-1.8386640218124985e-07,65.67,ASK
180,1712365650.8030553,32226117.88732388,65.49,-4.682350906994638e-06,65.67,ASK
181,1712365650.869122,32226117.88732388,65.49,-0.0,65.67,ASK
182,1712365652.689228,32226483.92832388,65.49,-1.860557447490464e-08,65.67,ASK
183,1712365653.7090013,32227335.29607034,65.49,-4.327434908184127e-08,65.67,ASK
184,1712365655.676325,32228625.99007034,65.49,-6.560495502199511e-08,65.67,ASK
185,1712365656.099242,32233488.26724042,65.49,-2.4714570227183565e-07,65.67,ASK
186,1712365658.1489258,32236404.92424042,65.49,-1.4825136810114805e-07,65.67,ASK
187,1712365658.8289728,32241388.64009606,65.49,-2.5331833459523826e-07,65.67,ASK
188,1712365662.3992238,32241541.335164,65.49,-7.761369514535409e-09,65.67,ASK
189,1712365662.4089272,32298419.70417674,65.49,-2.8910825035292748e-06,65.67,ASK
190,1712365662.9043214,32298619.70417674,65.5,1.016584179086336e-08,65.67,BID
191,1712365662.905499,32298819.70417674,65.5,1.016584179086336e-08,65.67,BID
192,1712365662.906639,32326915.58914455,65.49,1.4280916077853343e-06,65.67,BID
193,1712365662.9689982,32330653.27292888,65.5,-1.899835100787899e-07,65.67,ASK
194,1712365663.029033,32368815.38558343,65.5,-1.9397499982563945e-06,65.67,ASK
195,1712365663.2960072,32369091.97558343,65.5,-1.405885090466691e-08,65.67,ASK
196,1712365665.1996377,32369549.92093528,65.51,2.327699997885405e-08,65.67,BID
197,1712365672.4491525,32441967.32073828,65.5,-3.680919146514871e-06,65.67,ASK
198,1712365672.4521463,32521331.20490528,65.5,-4.034003451750671e-06,65.67,ASK
199,1712365672.511992,32559555.70998228,65.5,-1.9429213557342125e-06,65.67,ASK
200,1712365672.5292304,32630422.73732825,65.5,-3.6021149409396062e-06,65.67,ASK
201,1712365672.6168532,32633203.73732825,65.45,-1.4135603010195504e-07,65.67,ASK
202,1712365673.3893652,32633532.27762493,65.39,-1.6699443389923238e-08,65.67,ASK
203,1712365673.3924017,32638183.40138352,65.45,-2.364129413976561e-07,65.67,ASK
204,1712365673.3954544,32745209.75539776,65.4,-5.440064911808499e-06,65.67,ASK
205,1712365673.398319,32746209.75539776,65.39,-5.0829208954316815e-08,65.67,ASK
206,1712365673.3996513,32764812.50663761,65.38,-9.455631298955684e-07,65.67,ASK
207,1712365673.7491052,32817243.78658632,65.31,-2.665040484255143e-06,65.67,ASK
208,1712365673.752237,32817549.73732825,65.37,-1.555123419137952e-08,65.67,ASK
209,1712365680.5392883,32817549.73732825,65.37,-0.0,65.67,ASK
210,1712365710.61957,32817549.73732825,65.37,-0.0,65.67,ASK
211,1712365712.0190992,32818277.8964813,65.45,-3.693906435390157e-08,65.67,ASK
212,1712365712.5096583,32827174.91674494,65.45,-4.5134034599326185e-07,65.67,ASK
213,1712365712.5111113,32998695.91674494,65.44,-8.701154452968778e-06,65.67,ASK
214,1712365712.5689535,33018277.8964813,65.41,9.933817443985726e-07,65.67,BID
215,1712365715.3790717,33019829.83719459,65.45,7.872899439828309e-08,65.67,BID
216,1712365728.5095656,33048662.58659529,65.45,-1.4626675791256652e-06,65.67,ASK
217,1712365732.608977,33051595.03120949,65.45,1.487611051296702e-07,65.67,BID
218,1712365738.6690865,33066873.87001774,65.45,7.750860613720414e-07,65.67,BID
219,1712365740.8390813,33066873.87001774,65.45,0.0,65.67,BID
220,1712365741.6190958,33074513.28942186,65.45,3.872225309579589e-07,65.67,BID
221,1712365743.9746425,33082558.70578191,65.45,4.078014729587255e-07,65.67,BID
222,1712365744.958995,33082858.70578191,65.45,-1.5206228790731055e-08,65.67,ASK
223,1712365746.7875285,33085218.38405324,65.45,-1.1960602555458106e-07,65.67,ASK
224,1712365748.7296472,33085297.16678166,65.45,-3.993293976976337e-09,65.67,ASK
225,1712365752.0191028,33087880.06268384,65.45,-1.309203534372611e-07,65.67,ASK
226,1712365752.0990689,33090459.67871439,65.45,-1.3075410517601158e-07,65.67,ASK
227,1712365753.5312738,33102565.69819463,65.45,-6.13623006538568e-07,65.67,ASK
228,1712365758.2293794,33109179.64954154,65.45,-3.352441913061443e-07,65.67,ASK
229,1712365758.8504035,33114079.62760536,65.45,-2.483672916934585e-07,65.67,ASK
230,1712365761.9992487,33153572.03984536,65.45,-2.00176885339762e-06,65.67,ASK
231,1712365762.0020976,33259239.76689536,65.45,-5.356025444396204e-06,65.67,ASK
232,1712365762.0188704,33357160.33385836,65.45,-4.963341815191513e-06,65.67,ASK
233,1712365762.0590603,33365315.3230353,65.45,-4.133554373682927e-07,65.67,ASK
234,1712365762.0611782,33376333.5877761,65.45,-5.584875150847629e-07,65.67,ASK
235,1712365762.139185,33414071.74246886,65.41,-1.912850047993779e-06,65.67,ASK
236,1712365762.1408873,33429357.5877761,65.42,-7.748002033386324e-07,65.67,ASK
237,1712365762.1589117,33473843.5877761,65.41,-2.254880979948205e-06,65.67,ASK
238,1712365762.1989255,33523855.5877761,65.41,-2.5349797142734715e-06,65.67,ASK
239,1712365762.2390282,33527632.28048939,65.41,-1.9143084490193826e-07,65.67,ASK
240,1712365762.279282,33530944.91862071,65.41,-1.679091110858632e-07,65.67,ASK
241,1712365762.2890203,33734031.95700129,65.41,-1.0293959900157024e-05,65.67,ASK
242,1712365762.2905335,33736424.65973249,65.4,-1.212799505294254e-07,65.67,ASK
243,1712365762.291881,33762104.13565802,65.41,-1.301626620498805e-06,65.67,ASK
244,1712365762.4591186,33762547.76423381,65.37,-2.2486392072119336e-08,65.67,ASK
245,1712365762.4689271,33763547.76423381,65.37,-5.0687429302436856e-08,65.67,ASK
246,1712365762.5390131,33768756.13565802,65.31,-2.639989583452537e-07,65.67,ASK
247,1712365763.209273,33778131.13565802,65.31,-4.751946497103454e-07,65.67,ASK
248,1712365763.2290132,33780240.13565802,65.31,-1.0689978839883933e-07,65.67,ASK
249,1712365765.979356,33827232.9136221,65.31,-2.381943110779688e-06,65.67,ASK
250,1712365765.982183,33827386.02953084,65.31,-7.761051799058362e-09,65.67,ASK
251,1712365768.569177,33831128.66848284,65.31,-1.8970474728414414e-07,65.67,ASK
252,1712365768.5890827,33831128.66848352,65.31,-3.4366220731450266e-17,65.67,ASK
253,1712365768.7292025,33833088.44643145,65.3,-9.933610618430244e-08,65.67,ASK
254,1712365768.7321842,33833241.58578752,65.3,-7.762240284181664e-09,65.67,ASK
255,1712365770.8289642,33833241.58578752,65.3,-0.0,65.67,ASK
256,1712365772.7789836,33833241.58578826,65.3,-3.729266100788082e-17,65.67,ASK
257,1712365774.7691064,33833793.00254427,65.29,2.7879053207570028e-08,65.67,BID
258,1712365775.6599214,33833970.44166205,65.29,8.971135809373209e-09,65.67,BID
259,1712365776.5590165,33835138.13962498,65.29,5.9037585064387824e-08,65.67,BID
260,1712365776.6791122,33836097.76539186,65.2,-4.851767292587935e-08,65.67,ASK
261,1712365776.6814811,33836251.13962498,65.2,-7.754440465204733e-09,65.67,ASK
262,1712365776.9792094,33837785.58799079,65.17,-7.758010101840537e-08,65.67,ASK
263,1712365776.9821844,33837825.96222391,65.2,-2.041278907602073e-09,65.67,ASK
264,1712365776.98459,33905165.83711409,65.17,-3.404633491070563e-06,65.67,ASK
265,1712365777.3390868,33906468.94631917,65.29,6.588383553400094e-08,65.67,BID
266,1712365777.418947,33907581.94631917,65.17,-5.6272113391084094e-08,65.67,ASK
267,1712365778.349232,33909156.0005388,65.29,7.95825314743232e-08,65.67,BID
268,1712365778.4689424,33910654.0005388,65.11,-7.573730984711944e-08,65.67,ASK
269,1712365779.6491182,33911579.01202601,65.29,4.6767611227530246e-08,65.67,BID
270,1712365780.4792292,33912296.35005633,65.29,3.626785892333804e-08,65.67,BID
271,1712365781.4003253,33912894.78779564,65.29,3.025638483747115e-08,65.67,BID
272,1712365782.2018244,33914010.24192337,65.29,5.639619151672564e-08,65.67,BID
273,1712365783.1889913,33915168.45910823,65.29,5.8558246862684944e-08,65.67,BID
274,1712365784.5893104,33915919.75333399,65.29,3.798464857324567e-08,65.67,BID
275,1712365784.7390063,33917621.4163758,65.11,-8.603429976821256e-08,65.67,ASK
276,1712365784.741363,33917783.75333399,65.1,-8.207586450098972e-09,65.67,ASK
277,1712365785.5589366,33919252.90634363,65.29,7.427883625086494e-08,65.67,BID
278,1712365785.657298,33920912.90634363,65.1,-8.392786004420448e-08,65.67,ASK
279,1712365786.403791,33921859.03073088,65.28,4.783505732377844e-08,65.67,BID
280,1712365786.559085,33922601.03073088,65.1,-3.751474226072272e-08,65.67,ASK
281,1712365787.199143,33923567.23783872,65.28,4.885041862691344e-08,65.67,BID
282,1712365787.3190072,33924666.23783872,65.1,-5.5564288065410094e-08,65.67,ASK
283,1712365788.2727506,33925794.97998672,65.27,5.7068019893426975e-08,65.67,BID
284,1712365788.3692164,33927037.97998672,65.1,-6.284477712948565e-08,65.67,ASK
285,1712365789.6337037,33927315.42059974,65.25,1.4027106590633286e-08,65.67,BID
286,1712365790.4590178,33928230.10259207,65.25,4.624536279349252e-08,65.67,BID
287,1712365790.5620637,33928942.10259207,65.1,-3.599797370570697e-08,65.67,ASK
288,1712365791.464567,33930227.37462272,65.25,6.498200669074101e-08,65.67,BID
289,1712365791.5856905,33931149.37462272,65.1,-4.661535359081718e-08,65.67,ASK
290,1712365792.259051,33931875.62749628,65.25,3.671858405363618e-08,65.67,BID
291,1712365792.3590884,33932379.62749628,65.1,-2.5481711724264488e-08,65.67,ASK
292,1712365793.2691264,33933437.00680662,65.25,5.345998962158247e-08,65.67,BID
293,1712365793.3691168,33933635.00680662,65.1,-1.0010672463103906e-08,65.67,ASK
294,1712365794.6490974,33934091.17538899,65.25,2.3063405384283866e-08,65.67,BID
295,1712365794.7690392,33934538.17538899,65.1,-2.259985146973457e-08,65.67,ASK
296,1712365795.5191138,33936064.58151925,65.25,7.717349401880801e-08,65.67,BID
297,1712365795.5990562,33938026.58151925,65.1,-9.919666349802961e-08,65.67,ASK
298,1712365796.4790945,33938411.39377978,65.25,1.9455704544882584e-08,65.67,BID
299,1712365796.6253192,33939464.39377978,65.1,-5.3238576281052594e-08,65.67,ASK
300,1712365797.313107,33939690.40941675,65.23,1.1427113703420864e-08,65.67,BID
301,1712365797.404117,33940075.40941675,65.1,-1.946519645603537e-08,65.67,ASK
302,1712365798.249177,33941302.32954552,65.23,6.203179569448216e-08,65.67,BID
303,1712365798.3690286,33942457.32954552,65.1,-5.8395589368106126e-08,65.67,ASK
304,1712365799.6295629,33943559.12319874,65.23,5.570553224399744e-08,65.67,BID
305,1712365800.5193338,33943761.11614677,65.23,1.0212551730375183e-08,65.67,BID
306,1712365800.6890216,33943761.11614677,65.23,0.0,65.67,BID
307,1712365801.439124,33944626.37752956,65.23,4.384235529132436e-08,65.67,BID
308,1712365801.5592344,33945758.37752956,65.1,-5.735786570046772e-08,65.67,ASK
309,1712365802.200232,33946117.50676457,65.23,1.8196896140137545e-08,65.67,BID
310,1712365802.3235698,33947607.50676457,65.1,-7.5497544075704e-08,65.67,ASK
311,1712365802.9891171,33980713.79642533,65.23,1.6774789012390575e-06,65.67,BID
312,1712365803.0691073,34001733.44286987,65.23,-1.0650548214112011e-06,65.67,ASK
313,1712365803.1502297,34007726.04476675,65.23,-3.036420978774751e-07,65.67,ASK
314,1712365803.2500532,34009149.69590102,65.24,7.213568071029881e-08,65.67,BID
315,1712365803.3502183,34010053.69590101,65.1,-4.580522137134993e-08,65.67,ASK
316,1712365803.3544188,34010053.69590102,65.23,-7.5503427786019025e-19,65.67,ASK
317,1712365804.6491609,34011211.45187894,65.24,5.8662908034909183e-08,65.67,BID
318,1712365804.829061,34013029.45187894,65.1,-9.211713767089252e-08,65.67,ASK
319,1712365805.499131,34013292.25077532,65.24,1.3315886753340914e-08,65.67,BID
320,1712365806.45922,34014129.58983111,65.24,4.2427545147895584e-08,65.67,BID
321,1712365806.5993192,34015132.58983111,65.1,-5.0821501146262486e-08,65.67,ASK
322,1712365807.239121,34015674.95647733,65.24,2.7481442804292176e-08,65.67,BID
323,1712365808.2692728,34015871.86021736,65.24,9.977012611980321e-09,65.67,BID
324,1712365808.369316,34017453.86021736,65.1,-8.01591374011837e-08,65.67,ASK
325,1712365809.729022,34018193.64252611,65.23,3.748439426930752e-08,65.67,BID
326,1712365809.8517687,34018347.25235713,65.1,-7.783332206652154e-09,65.67,ASK
327,1712365809.8545332,34018960.64252611,65.1,-3.1080168669901515e-08,65.67,ASK
328,1712365810.5391686,34020323.51237127,65.23,6.905592362709129e-08,65.67,BID
329,1712365810.6392615,34021633.96618852,65.1,-6.640003008515532e-08,65.67,ASK
330,1712365810.6429744,34022295.51237127,65.1,-3.3520209456648884e-08,65.67,ASK
331,1712365811.4592578,34023637.40136237,65.22,6.79928343959102e-08,65.67,BID
332,1712365811.5990722,34024565.40136237,65.1,-4.702128919614316e-08,65.67,ASK
333,1712365811.8690093,34030979.18070578,65.1,-3.249829454168029e-07,65.67,ASK
334,1712365811.8711522,34031145.24206833,65.1,-8.414244992191013e-09,65.67,ASK
335,1712365812.2791498,34032761.4479055,65.1,8.189232981714665e-08,65.67,BID
336,1712365812.3790336,34033099.4479055,65.09,-1.7126288521871104e-08,65.67,ASK
337,1712365812.388976,34034099.4479055,65.09,-5.06694926682577e-08,65.67,ASK
338,1712365813.2690742,34034525.73054758,65.1,2.1599525207170484e-08,65.67,BID
339,1712365813.389103,34035735.73054758,65.09,-6.131008612859182e-08,65.67,ASK
340,1712365813.6772466,34049771.59865663,65.1,7.111903162443875e-07,65.67,BID
341,1712365814.7264178,34050774.00663209,65.2,5.079150356305235e-08,65.67,BID
342,1712365814.829021,34051572.00663209,65.1,-4.043425514926965e-08,65.67,ASK
343,1712365815.5810874,34052472.12933147,65.2,4.560876051676325e-08,65.67,BID
344,1712365816.4991586,34053327.57411674,65.2,4.334495327519135e-08,65.67,BID
345,1712365816.6190104,34054303.57411674,65.1,-4.945342484421952e-08,65.67,ASK
346,1712365817.239143,34055064.98515968,65.2,3.858031125796104e-08,65.67,BID
347,1712365818.3135047,34055789.8011106,65.2,3.672605651111237e-08,65.67,BID
348,1712365818.388954,34059659.8929376,65.2,1.960955894535439e-07,65.67,BID
349,1712365818.4092288,34060384.70888794,65.2,3.6726056481666025e-08,65.67,BID
350,1712365819.669074,34060921.73740679,65.22,2.7210962598420174e-08,65.67,BID
351,1712365819.7891085,34061378.73740679,65.1,-2.315595814939377e-08,65.67,ASK
352,1712365820.3590777,34128853.73740679,65.22,3.418924017790689e-06,65.67,BID
353,1712365820.579412,34128854.59849775,65.22,4.3631041989085225e-11,65.67,BID
354,1712365820.5832114,34130193.90310678,65.23,6.786188506783394e-08,65.67,BID
355,1712365820.6591797,34130797.90310678,65.11,-3.060437357162765e-08,65.67,ASK
356,1712365821.4991918,34132051.92732876,65.23,6.354077112138665e-08,65.67,BID
357,1712365821.6306784,34132481.92732876,65.11,-2.178788184735081e-08,65.67,ASK
358,1712365822.2592006,34133661.93652698,65.23,5.97904674176132e-08,65.67,BID
359,1712365822.399325,34134744.93652698,65.17,-5.4875060559723096e-08,65.67,ASK
360,1712365823.3891468,34136353.3069087,65.23,8.149531126442283e-08,65.67,BID
361,1712365823.5292425,34138234.3069087,65.17,-9.530931570899274e-08,65.67,ASK
362,1712365824.4291606,34139768.04923998,65.2,7.771394580985454e-08,65.67,BID
363,1712365824.669155,34140146.14214201,65.23,1.9157775527558447e-08,65.67,BID
364,1712365825.544809,34141078.85715044,65.23,4.726019628122709e-08,65.67,BID
365,1712365825.621676,34143031.85715044,65.18,-9.89575191811073e-08,65.67,ASK
366,1712365826.499364,34144449.36443236,65.23,7.182437482816124e-08,65.67,BID
367,1712365826.579264,34173715.60326877,65.23,1.4829054741492146e-06,65.67,BID
368,1712365826.583744,34244620.6321922,65.23,3.592721843178314e-06,65.67,BID
369,1712365826.639131,34246479.6321922,65.23,-9.419458687029109e-08,65.67,ASK
370,1712365826.679033,34247344.50499106,65.24,4.3822665940816e-08,65.67,BID
371,1712365826.6991467,34262191.89612459,65.24,7.52309776182873e-07,65.67,BID
372,1712365826.7191246,34272874.99420736,65.24,5.413071599793641e-07,65.67,BID
373,1712365826.8990295,34273103.79225494,65.24,-1.1593080994357617e-08,65.67,ASK
374,1712365826.9791908,34288587.25813974,65.24,-7.845393611289538e-07,65.67,ASK
375,1712365826.983611,34325674.66078529,65.23,-1.879199876433451e-06,65.67,ASK
376,1712365827.2591412,34326078.72333319,65.23,2.0473644308325572e-08,65.67,BID
377,1712365827.399106,34327113.72333319,65.11,-5.2442924911646735e-08,65.67,ASK
378,1712365828.309005,34327313.72333319,65.3,1.0133898533651541e-08,65.67,BID
379,1712365828.311345,34366046.86831271,65.23,1.962588805558434e-06,65.67,BID
380,1712365828.3335495,34367663.35401388,65.39,8.19065103839563e-08,65.67,BID
381,1712365828.4490826,34367878.35401388,65.21,-1.0893940923675409e-08,65.67,ASK
382,1712365829.6718984,34368331.67408731,65.36,2.296949813682109e-08,65.67,BID
383,1712365829.8180704,34370110.67408731,65.17,-9.014102745683048e-08,65.67,ASK
384,1712365830.5853467,34370110.67408731,65.17,-0.0,65.67,ASK
385,1712365830.6339302,34371034.56979283,65.2,4.6747466177741895e-08,65.67,BID
386,1712365830.6508603,34420863.30203299,65.2,2.5212445096959613e-06,65.67,BID
387,1712365830.6747975,34432430.75750511,65.2,5.852925067342158e-07,65.67,BID
388,1712365830.711786,34433264.75750511,65.2,-4.21989046590996e-08,65.67,ASK
389,1712365831.6292531,34433605.23806831,65.34,1.722770602493521e-08,65.67,BID
390,1712365831.6790888,34434000.23806831,65.2,-1.9986291774993217e-08,65.67,ASK
391,1712365832.2627726,34435092.00295427,65.33,5.524134572248103e-08,65.67,BID
392,1712365832.419207,34435949.00295427,65.2,-4.336266342068149e-08,65.67,ASK
393,1712365833.3691804,34436318.22665661,65.31,1.8682057329713494e-08,65.67,BID
394,1712365833.4944997,34436889.22665661,65.12,-2.889157621144589e-08,65.67,ASK
395,1712365834.8291547,34437948.55284344,65.3,5.3600005708459954e-08,65.67,BID
396,1712365835.6125286,34438587.97091388,65.3,3.235340790399102e-08,65.67,BID
397,1712365835.7404704,34440144.97091388,65.12,-7.878140833839099e-08,65.67,ASK
398,1712365836.8070548,34475193.14873895,65.3,1.7733749574524415e-06,65.67,BID
399,1712365836.815231,34475358.91988588,65.33,8.387722811223605e-09,65.67,BID
400,1712365836.8591013,34476861.85746237,65.36,7.604594664122421e-08,65.67,BID
401,1712365837.2591813,34477416.85746237,65.22,-2.80820048990411e-08,65.67,ASK
402,1712365837.3791232,34477669.17574852,65.35,1.2766852878921513e-08,65.67,BID
403,1712365837.4993303,34478632.17574852,65.22,-4.8726073365363204e-08,65.67,ASK
404,1712365838.42923,34479690.37008669,65.35,5.3542736195860534e-08,65.67,BID
405,1712365838.5764484,34480211.37008669,65.22,-2.6361665860180924e-08,65.67,ASK
406,1712365838.654364,34492388.46440104,65.35,6.16139139083784e-07,65.67,BID
407,1712365839.7291408,34492579.87985628,65.35,9.685278832302189e-09,65.67,BID
408,1712365839.8691435,34493911.87985628,65.22,-6.739681175769864e-08,65.67,ASK
409,1712365840.6217065,34494630.47205214,65.35,3.63594766929414e-08,65.67,BID
410,1712365841.6015394,34495883.31061373,65.35,6.3391384908459e-08,65.67,BID
411,1712365841.739077,34496952.31061373,65.22,-5.4089483310044936e-08,65.67,ASK
412,1712365842.2591746,34498458.1407591,65.35,7.619230544056716e-08,65.67,BID
413,1712365842.359388,34499904.1407591,65.22,-7.316500735858276e-08,65.67,ASK
414,1712365842.879062,34514685.48051861,65.26,7.479092892627865e-07,65.67,BID
415,1712365843.3762665,34515812.99390805,65.35,5.705015590260058e-08,65.67,BID
416,1712365843.469139,34516442.99390805,65.22,-3.1876870425938544e-08,65.67,ASK
417,1712365844.731006,34517915.78656298,65.35,7.452066765956648e-08,65.67,BID
418,1712365844.7891848,34522389.81580696,65.34,2.263778579243117e-07,65.67,BID
419,1712365844.8492796,34522809.81580696,65.22,-2.1251246950625697e-08,65.67,ASK
420,1712365845.269756,34525870.72795878,65.34,1.548766667440911e-07,65.67,BID
421,1712365845.6090028,34526910.3820757,65.34,5.2604634242302896e-08,65.67,BID
422,1712365846.5419486,34527914.92753024,65.34,5.082819887510584e-08,65.67,BID
423,1712365846.679179,34529330.92753024,65.22,-7.164706114782378e-08,65.67,ASK
424,1712365846.8192034,34554006.36665655,65.34,1.2485329773533416e-06,65.67,BID
425,1712365846.9604025,34555010.91211109,65.34,-5.082819887510584e-08,65.67,ASK
426,1712365847.2791688,34555451.01922662,65.35,2.2268630944867814e-08,65.67,BID
427,1712365848.3889222,34557031.96796418,65.35,7.999317151953257e-08,65.67,BID
428,1712365848.5291858,34557504.96796418,65.22,-2.3932951922966563e-08,65.67,ASK
429,1712365849.7291496,34558172.05289149,65.35,3.3753301255641404e-08,65.67,BID
430,1712365849.8492055,34559319.05289149,65.22,-5.803614345801828e-08,65.67,ASK
431,1712365850.7113805,34559518.39489608,65.35,1.0086348017069645e-08,65.67,BID
432,1712365850.7593966,34561398.39489608,65.22,-9.512462920756265e-08,65.67,ASK
433,1712365851.559163,34562434.61524803,65.35,5.2430891891760896e-08,65.67,BID
434,1712365851.6930337,34563476.61524803,65.25,-5.2723331720361855e-08,65.67,ASK
435,1712365852.2992458,34563926.10262369,65.35,2.2743255288990723e-08,65.67,BID
436,1712365852.4390562,34564271.10262369,65.25,-1.7456381423728252e-08,65.67,ASK
437,1712365853.4091098,34565947.35358007,65.35,8.481529291721433e-08,65.67,BID
438,1712365853.5548325,34567267.35358007,65.26,-6.678963327339506e-08,65.67,ASK
439,1712365854.7299223,34567561.125577,65.35,1.4864336318911947e-08,65.67,BID
440,1712365854.8291557,34569997.29694808,65.35,1.2326590338301208e-07,65.67,BID
441,1712365854.8746765,34571141.29694808,65.27,-5.788434883694237e-08,65.67,ASK
442,1712365855.5992503,34571141.29694809,65.35,3.7698601950182973e-19,65.67,BID
443,1712365855.6032047,34571341.29694809,65.4,1.0119641405059856e-08,65.67,BID
444,1712365855.6065414,34571826.60992517,65.5,2.4555966486511344e-08,65.67,BID
445,1712365855.6790187,34572270.60992517,65.27,-2.246560391923288e-08,65.67,ASK
446,1712365856.439193,34574663.31265637,65.35,1.210664681432345e-07,65.67,BID
447,1712365856.5217743,34576139.99255863,65.48,7.471735540442428e-08,65.67,BID
448,1712365856.6590338,34576903.99255863,65.35,-3.8657030167328655e-08,65.67,ASK
449,1712365857.3591182,34577102.32767394,65.47,1.0035401225020596e-08,65.67,BID
450,1712365857.4792464,34578148.32767394,65.35,-5.292572454846304e-08,65.67,ASK
451,1712365857.7691584,34598206.64823784,65.47,1.014915056471903e-06,65.67,BID
452,1712365858.4492023,34599776.83305531,65.47,7.94485364623597e-08,65.67,BID
453,1712365858.5916476,34600869.83305531,65.35,-5.530384027865211e-08,65.67,ASK
454,1712365859.7944558,34601381.07484544,65.47,2.5867917937019508e-08,65.67,BID
455,1712365860.719288,34602238.78066489,65.47,4.33983766193512e-08,65.67,BID
456,1712365860.8191414,34602328.0824475,65.35,-4.518510084129485e-09,65.67,ASK
457,1712365860.822754,34602742.78066489,65.35,-2.0982986256621352e-08,65.67,ASK
458,1712365860.863521,34602742.78066489,65.35,-0.0,65.67,ASK
459,1712365861.5991805,34603525.31428347,65.44,3.9564389486564025e-08,65.67,BID
460,1712365861.7391574,34604209.31428347,65.31,-3.45825939823862e-08,65.67,ASK
461,1712365861.9833703,34622562.80012662,65.35,-9.279402764257192e-07,65.67,ASK
462,1712365862.4493644,34623792.49551924,65.33,6.217259720045468e-08,65.67,BID
463,1712365863.4128013,34625387.54214819,65.41,8.06445174733393e-08,65.67,BID
464,1712365863.5092027,34626354.54214819,65.25,-4.8890889445858846e-08,65.67,ASK
465,1712365864.7890935,34626522.14649003,65.41,8.473966233355331e-09,65.67,BID
466,1712365865.662769,34627583.81901716,65.41,5.3677470684043614e-08,65.67,BID
467,1712365865.7235372,34629244.81901716,65.25,-8.39790769075197e-08,65.67,ASK
468,1712365866.5620975,34629838.82604972,65.41,3.0032608230854054e-08,65.67,BID
469,1712365866.6916814,34630730.82604972,65.25,-4.5098938351298966e-08,65.67,ASK
470,1712365867.3992138,34632354.16652081,65.38,8.207503568251827e-08,65.67,BID
471,1712365867.5434785,34632912.16652081,65.3,-2.8212116143525586e-08,65.67,ASK
472,1712365868.489225,34633331.59736536,65.36,2.1206150000879653e-08,65.67,BID
473,1712365868.618428,34634284.59736536,65.3,-4.8183058574874334e-08,65.67,ASK
474,1712365869.7491517,34660731.88473758,65.36,1.3371576039899318e-06,65.67,BID
475,1712365869.929092,34661492.3192541,65.36,3.844707329675348e-08,65.67,BID
476,1712365870.0432858,34661720.3192541,65.32,-1.1527531327462066e-08,65.67,ASK
477,1712365870.664713,34662165.10199583,65.36,2.248792539140536e-08,65.67,BID
478,1712365871.5767095,34662796.8958481,65.39,3.1943085195334765e-08,65.67,BID
479,1712365871.7191305,34664729.8958481,65.32,-9.773121954379025e-08,65.67,ASK
480,1712365872.3442028,34665826.47024785,65.39,5.5442086605157576e-08,65.67,BID
481,1712365872.433464,34667680.47024785,65.32,-9.373703105752049e-08,65.67,ASK
482,1712365873.4293258,34668477.13640475,65.39,4.027892140889077e-08,65.67,BID
483,1712365873.5321825,34670265.13640475,65.32,-9.04001140943078e-08,65.67,ASK
484,1712365874.7893689,34670797.78229537,65.46,2.693022890578287e-08,65.67,BID
485,1712365874.9291666,34672420.78229537,65.34,-8.205782168627605e-08,65.67,ASK
486,1712365875.619148,34672655.80139391,65.45,1.1882412372816091e-08,65.67,BID
487,1712365875.7191803,34673236.80139391,65.34,-2.9374981145857284e-08,65.67,ASK
488,1712365876.6191866,34674302.50040078,65.45,5.3881046874314144e-08,65.67,BID
489,1712365876.7592754,34674935.50040078,65.34,-3.2004067238085475e-08,65.67,ASK
490,1712365877.3191588,34675221.85639772,65.45,1.447797248023168e-08,65.67,BID
491,1712365877.4191344,34677021.85639772,65.34,-9.100682626943736e-08,65.67,ASK
492,1712365878.449336,34678033.81255413,65.46,5.116384339928759e-08,65.67,BID
493,1712365878.4542952,34678069.73845178,65.45,1.816389958914123e-09,65.67,BID
494,1712365878.5504322,34678479.73845178,65.34,-2.072933265026073e-08,65.67,ASK
495,1712365879.7904358,34679112.24685385,65.46,3.19792123673979e-08,65.67,BID
496,1712365879.9090164,34679566.24685385,65.34,-2.29539439590692e-08,65.67,ASK
497,1712365880.699401,34680307.31009857,65.46,3.7467674426195504e-08,65.67,BID
498,1712365880.799183,34680867.31009857,65.34,-2.8313234839380533e-08,65.67,ASK
499,1712365881.6391912,34682202.44605946,65.46,6.750360357682455e-08,65.67,BID
500,1712365881.759198,34683050.44605946,65.34,-4.2874327042490494e-08,65.67,ASK
501,1712365882.3330767,34683581.77817067,65.46,2.6863805075682363e-08,65.67,BID
502,1712365882.4490695,34683808.77817067,65.36,-1.14769719795346e-08,65.67,ASK
503,1712365883.4293127,34684950.81269029,65.47,5.774052062265528e-08,65.67,BID
504,1712365883.5292144,34686113.81269029,65.36,-5.8800521639642027e-08,65.67,ASK
505,1712365884.099171,34733283.70123649,65.47,2.384878806707011e-06,65.67,BID
506,1712365884.7990675,34733807.42642732,65.5,2.6479204141714426e-08,65.67,BID
507,1712365884.939199,34734316.42642732,65.36,-2.5734708095079787e-08,65.67,ASK
508,1712365885.71908,34735810.47222884,65.5,7.553798149863586e-08,65.67,BID
509,1712365885.8054402,34737168.47222884,65.38,-6.865959448549774e-08,65.67,ASK
510,1712365886.689021,34738224.89970975,65.5,5.341228456765129e-08,65.67,BID
511,1712365886.809293,34738438.89970975,65.38,-1.0819700456477552e-08,65.67,ASK
512,1712365887.4291358,34739640.94551127,65.5,6.077465190343935e-08,65.67,BID
513,1712365887.5292232,34741117.94551127,65.38,-7.46761568888661e-08,65.67,ASK
514,1712365888.4891722,34742685.83864104,65.5,7.927165426129759e-08,65.67,BID
515,1712365888.609183,34743053.83864104,65.39,-1.8605840037307192e-08,65.67,ASK
516,1712365889.8594737,34743974.357725,65.5,4.654084463989844e-08,65.67,BID
517,1712365889.9591465,34744217.357725,65.39,-1.2285921546374044e-08,65.67,ASK
518,1712365890.720626,34744616.227954,65.5,2.0166618685835955e-08,65.67,BID
519,1712365890.853006,34744616.227954,65.5,0.0,65.67,BID
520,1712365891.5891387,34744793.99894636,65.5,8.983770756987124e-09,65.67,BID
521,1712365891.709133,34746241.99894636,65.4,-7.317560577993678e-08,65.67,ASK
522,1712365892.38907,34747343.76993872,65.5,5.5678701517112535e-08,65.67,BID
523,1712365892.5091653,34748614.76993872,65.43,-6.423079761484784e-08,65.67,ASK
524,1712365893.4946074,34749487.73177078,65.5,4.411568431205601e-08,65.67,BID
525,1712365893.5892377,34750210.73177078,65.44,-3.65372672506176e-08,65.67,ASK
526,1712365894.8195343,34751715.25085474,65.5,7.603183382309277e-08,65.67,BID
527,1712365894.9190607,34752732.25085474,65.44,-5.1394745219748424e-08,65.67,ASK
528,1712365895.739058,34752886.75467153,65.5,7.80794916366362e-09,65.67,BID
529,1712365896.669146,34754331.82337382,65.5,7.302747077593195e-08,65.67,BID
530,1712365896.7690036,34754696.82337382,65.44,-1.8445508363036548e-08,65.67,ASK
531,1712365897.5293255,34756140.3020186,65.5,7.294711620320325e-08,65.67,BID
532,1712365897.535077,34756357.46459519,65.5,1.0974449651214265e-08,65.67,BID
533,1712365897.6703367,34757123.46459519,65.44,-3.871029974270137e-08,65.67,ASK
534,1712365898.2583177,34766190.69208163,65.5,4.582181381662092e-07,65.67,BID
535,1712365898.2610474,34828780.41256954,65.51,3.163011541643338e-06,65.67,BID
536,1712365898.5491586,34829205.27900214,65.51,2.1470896810114253e-08,65.67,BID
537,1712365898.669098,34830174.27900214,65.44,-4.896903453091073e-08,65.67,ASK
538,1712365899.049131,34866032.68164768,65.51,1.8121273037904088e-06,65.67,BID
539,1712365899.1990898,34873734.51871018,65.51,3.89217260129031e-07,65.67,BID
540,1712365899.239106,34873934.51871018,65.51,1.0107127870157013e-08,65.67,BID
541,1712365899.2436168,34874850.92544134,65.51,4.6311200064457554e-08,65.67,BID
542,1712365899.9392188,34874879.72673301,65.55,1.45549168851649e-09,65.67,BID
543,1712365899.9450805,34875495.92925522,65.55,3.1140188429487943e-08,65.67,BID
544,1712365900.0592277,34876760.92925522,65.52,-6.392758377874311e-08,65.67,ASK
545,1712365900.699165,34876845.19397423,65.56,4.258371449854252e-09,65.67,BID
546,1712365900.704332,34877579.63493565,65.55,3.711544355079207e-08,65.67,BID
547,1712365900.7591166,34888917.43601565,65.56,5.729630264099923e-07,65.67,BID
548,1712365900.7624967,34888917.43601618,65.56,2.6732909634007066e-17,65.67,BID
549,1712365900.7658565,34970027.56294965,65.57,4.098952122406257e-06,65.67,BID
550,1712365900.7789178,34971558.56294965,65.52,-7.737006384605195e-08,65.67,ASK
551,1712365900.942838,35030860.15178476,65.57,2.9968437062998003e-06,65.67,BID
552,1712365901.05926,35034494.65170755,65.58,1.836717773185531e-07,65.67,BID
553,1712365901.065205,35045242.42437038,65.58,5.431455631127957e-07,65.67,BID
554,1712365901.71413,35046466.34569985,65.59,6.185164689975293e-08,65.67,BID
555,1712365901.8090885,35047696.04109247,65.58,-6.214344287294545e-08,65.67,ASK
556,1712365901.813805,35047805.34569985,65.54,-5.523778217755753e-09,65.67,ASK
557,1712365901.9090414,35053884.5401801,65.59,3.072159797974624e-07,65.67,BID
558,1712365902.469394,35054042.24714762,65.59,7.969822433582159e-09,65.67,BID
559,1712365902.5690882,35054781.24714762,65.55,-3.734583748023017e-08,65.67,ASK
560,1712365903.0891387,35078810.35506287,65.59,1.2143263315262926e-06,65.67,BID
561,1712365903.5113385,35078955.37030677,65.6,7.328438065861638e-09,65.67,BID
562,1712365903.514917,35079155.37030677,65.6,1.0107127870157013e-08,65.67,BID
563,1712365903.6689923,35081126.37030677,65.59,-9.960574516039736e-08,65.67,ASK
564,1712365904.0591383,35081181.35506287,65.6,2.778689804295374e-09,65.67,BID
565,1712365904.0644393,35088121.96481896,65.6,3.5074815150829177e-07,65.67,BID
566,1712365904.7590811,35098234.15448793,65.6,5.110259701577177e-07,65.67,BID
567,1712365904.84067,35098844.00355028,65.64,3.081911227350447e-08,65.67,BID
568,1712365904.8433957,35098970.71349007,65.65,6.403367819149698e-09,65.67,BID
569,1712365904.846153,35099170.71349007,65.65,1.0107127870157013e-08,65.67,BID
570,1712365904.9809208,35099597.71349007,65.6,-2.1578718002785223e-08,65.67,ASK
571,1712365905.2108874,35114299.66127656,65.61,7.429723310920122e-07,65.67,BID
572,1712365905.2191017,35115991.24191669,65.61,8.548510916236695e-08,65.67,BID
573,1712365905.2222655,35129861.42309263,65.65,7.009384736377151e-07,65.67,BID
574,1712365905.6790583,35130447.62263566,65.65,2.9623968694112088e-08,65.67,BID
575,1712365906.6092455,35131124.39338965,65.65,3.4201042746652664e-08,65.67,BID
576,1712365906.72902,35132234.39338965,65.61,-5.609455967937143e-08,65.67,ASK
577,1712365907.3905172,35132967.02096009,65.65,3.7023802678342025e-08,65.67,BID
578,1712365908.5700154,35134144.21821827,65.65,5.949041608383548e-08,65.67,BID
579,1712365908.6591294,35140128.66894327,65.65,3.0242804355135025e-07,65.67,BID
580,1712365908.678967,35140576.66894327,65.62,-2.2639966429151723e-08,65.67,ASK
581,1712365908.724183,35140576.6689435,65.65,1.1672115474003085e-17,65.67,BID
582,1712365909.3420908,35146909.4798935,65.67,3.2003265024570617e-07,65.67,BID
583,1712365909.4828331,35146909.47989372,65.67,1.1295595620002985e-17,65.67,BID
584,1712365909.8791049,35147519.78744548,65.68,3.0842282328627134e-08,65.68,BID
585,1712365910.079234,35148020.78744548,65.66,-2.531835531474332e-08,65.68,ASK
586,1712365910.1893332,35154116.86852277,65.68,3.080693547752022e-07,65.68,BID
587,1712365910.192738,35154316.86852277,65.7,1.0107127870157013e-08,65.7,BID
588,1712365910.1956997,35154925.78921085,65.69,3.077219628593196e-08,65.7,BID
589,1712365910.198681,35155425.78921085,65.7,2.5267819675392534e-08,65.7,BID
590,1712365910.6892924,35155925.78921085,65.75,2.5267819675392534e-08,65.75,BID
591,1712365910.693507,35156292.86206551,65.75,1.8550261398583722e-08,65.75,BID
592,1712365910.6976109,35159579.90721992,65.77,1.6611292845288914e-07,65.77,BID
593,1712365910.7003195,35159779.90721992,65.75,1.0107127870157013e-08,65.77,BID
594,1712365910.749376,35160867.66759699,65.77,5.497066611577435e-08,65.77,BID
595,1712365910.8292751,35162694.66759699,65.7,-9.232861309388433e-08,65.77,ASK
596,1712365911.6890645,35163247.51127095,65.76,2.7938308524573964e-08,65.77,BID
597,1712365911.829165,35164894.51127095,65.7,-8.3232198010743e-08,65.77,ASK
598,1712365912.39383,35165333.98815659,65.76,2.220924539566534e-08,65.77,BID
599,1712365913.5391867,35168803.10665857,65.7,-1.753141214813781e-07,65.77,ASK
600,1712365913.5434375,35169275.49726607,65.7,-2.3872561373246816e-08,65.77,ASK
601,1712365913.5652883,35169904.29896923,65.76,3.1776896094179066e-08,65.77,BID
602,1712365913.699877,35172691.34121495,65.76,1.408449617848986e-07,65.77,BID
603,1712365913.7189934,35173700.34121495,65.7,-5.0990460104942144e-08,65.77,ASK
604,1712365913.7593737,35206667.60670595,65.76,1.6660218392348244e-06,65.77,BID
605,1712365913.8193936,35207292.80117447,65.77,3.1594602185261867e-08,65.77,BID
606,1712365913.8242557,35207292.80117499,65.76,2.6356389780006965e-17,65.77,BID
607,1712365913.8284526,35214702.16003994,65.77,3.744366874195621e-07,65.77,BID
608,1712365913.8790832,35215311.17343823,65.78,3.0776881455763326e-08,65.78,BID
609,1712365913.9832635,35217334.99619223,65.78,-1.0227517680621365e-07,65.78,ASK
610,1712365914.022311,35217534.99619223,65.8,1.0107127870157013e-08,65.8,BID
611,1712365914.0266757,35272017.0776439,65.8,2.753286819321658e-06,65.8,BID
612,1712365914.8471873,35273181.45454359,65.8,5.8842531071090574e-08,65.8,BID
613,1712365914.9491136,35274951.45454359,65.78,-8.944808165088957e-08,65.8,ASK
614,1712365915.2090485,35323484.45903534,65.8,2.4526464116049293e-06,65.8,BID
615,1712365915.24906,35325309.58226494,65.8,-9.223376930183041e-08,65.8,ASK
616,1712365915.6920104,35325809.58226494,65.85,2.5267819675392534e-08,65.85,BID
617,1712365915.6978035,35326427.72956941,65.85,3.1238469244624074e-08,65.85,BID
618,1712365916.389425,35326627.72956941,65.9,1.0107127870157013e-08,65.9,BID
619,1712365916.3934436,35328146.868729,65.86,7.677066869269525e-08,65.9,BID
620,1712365916.39665,35329247.32430988,65.85,5.561222635667171e-08,65.9,BID
621,1712365916.399867,35332284.06891966,65.86,1.5346383040031348e-07,65.9,BID
622,1712365916.402983,35430560.11588397,65.9,4.966442866209192e-06,65.9,BID
623,1712365916.6701615,35431701.15748737,65.86,5.7663266953729794e-08,65.9,BID
624,1712365916.7906597,35432343.15748737,65.8,-3.2443880463204014e-08,65.9,ASK
625,1712365917.179156,35464093.11588337,65.86,1.6045044469028203e-06,65.9,BID
626,1712365917.4192722,35464611.44668761,65.9,2.6194178587284666e-08,65.9,BID
627,1712365917.5190532,35466133.51670283,65.9,7.691878135589455e-08,65.9,BID
628,1712365917.579203,35468083.51670283,65.86,-9.854449673403089e-08,65.9,ASK
629,1712365917.6191514,35485690.12907783,65.9,8.89761413172e-07,65.9,BID
630,1712365917.7191074,35491444.42243218,65.9,2.907968936739169e-07,65.9,BID
631,1712365917.7234018,35503343.58588337,65.9,6.013318327456215e-07,65.9,BID
632,1712365917.8593483,35503422.21230776,65.92,3.973436626268124e-09,65.92,BID
633,1712365917.864014,35503665.00802009,65.91,1.2269836554197909e-08,65.92,BID
634,1712365917.868311,35505181.53819905,65.94,7.663882218871321e-08,65.94,BID
635,1712365918.539399,35505381.53819905,65.95,1.0107127870157013e-08,65.95,BID
636,1712365918.5454402,35505881.53819905,65.95,2.5267819675392534e-08,65.95,BID
637,1712365918.5499947,35505960.74819905,65.98,4.0029279930208684e-09,65.98,BID
638,1712365918.5543709,35506585.54705056,66.0,3.1574609426437454e-08,66.0,BID
639,1712365918.6391325,35507487.54705056,65.9,-4.558314669440813e-08,66.0,ASK
640,1712365919.3993075,35508102.93166594,65.9,-3.1098854985069545e-08,66.0,ASK
641,1712365919.830403,35537898.41251085,65.9,-1.5057336742614685e-06,66.0,ASK
642,1712365919.8338306,35574088.62198135,65.9,-1.828895373830708e-06,66.0,ASK
643,1712365919.849203,35577055.30953388,65.89,-1.499234522209472e-07,66.0,ASK
644,1712365919.8524804,35580090.40332037,66.0,1.5338040499001605e-07,66.0,BID
645,1712365919.8557668,35585864.25019022,65.9,2.917850430813316e-07,66.0,BID
646,1712365919.859085,35665868.78505944,66.0,4.043080320578027e-06,66.0,BID
647,1712365919.8691702,35666412.11839277,66.0,2.7457697380718727e-08,66.0,BID
648,1712365919.9290333,35666836.77812053,65.89,-2.1460450848864712e-08,66.0,ASK
649,1712365919.9691627,35667679.90796382,65.8,-4.260810568624435e-08,66.0,ASK
650,1712365919.9726114,35699314.52545001,65.79,-1.5986756202823276e-06,66.0,ASK
651,1712365919.9759305,35708027.77812053,65.8,-4.403297945296158e-07,66.0,ASK
652,1712365920.529112,35709544.70026349,65.89,7.665863033985322e-08,66.0,BID
653,1712365920.5591528,35709544.70026349,65.89,0.0,66.0,BID
654,1712365920.6908815,35709696.70026349,65.89,7.656872318610013e-09,66.0,BID
655,1712365920.6948092,35710046.13113312,65.89,1.7602286532184034e-08,66.0,BID
656,1712365920.789275,35710516.13113312,65.81,-2.3675855195702016e-08,66.0,ASK
657,1712365921.3512695,35715357.13113312,65.81,-2.438613085157308e-07,66.0,ASK
658,1712365921.6695814,35715931.70997664,65.89,2.894392659116668e-08,66.0,BID
659,1712365921.7691247,35715931.73465188,65.81,-1.242994243371146e-12,66.0,ASK
660,1712365921.7790322,35716977.70997664,65.79,-5.2690128356191335e-08,66.0,ASK
661,1712365922.2590814,35739338.47193253,65.89,1.1264046002832873e-06,66.0,BID
662,1712365922.4991949,35740669.08355796,65.89,6.702844290525243e-08,66.0,BID
663,1712365922.619138,35741886.08355796,65.84,-6.130535270887098e-08,66.0,ASK
664,1712365923.5395634,35742996.08355796,65.88,5.591531758984945e-08,66.0,BID
665,1712365923.5437322,35744856.96077756,65.89,9.374012678321736e-08,66.0,BID
666,1712365923.665572,35746598.96077756,65.88,-8.775178670407003e-08,66.0,ASK
667,1712365924.8919196,35747959.48589518,65.89,6.853530994660877e-08,66.0,BID
668,1712365925.0091808,35748188.48589518,65.84,-1.1535682637905875e-08,66.0,ASK
669,1712365925.1941922,35763637.48589518,65.84,-7.782303976987243e-07,66.0,ASK
670,1712365925.2090936,35771883.48589518,65.84,-4.153853232845932e-07,66.0,ASK
671,1712365925.2322683,35823177.48589508,65.84,-2.583892162566056e-06,66.0,ASK
672,1712365925.689025,35824002.6225071,65.88,4.156556370822963e-08,66.0,BID
673,1712365925.8093529,35824216.78972898,65.81,-1.0788493899477825e-08,66.0,ASK
674,1712365925.8164177,35824276.6225071,65.84,-3.014025938016542e-09,66.0,ASK
675,1712365926.009207,35843614.98792751,65.88,9.741539136492848e-07,66.0,BID
676,1712365926.6491065,35844919.73899004,65.88,6.572573877198869e-08,66.0,BID
677,1712365926.7892628,35846038.73899004,65.81,-5.636868502976714e-08,66.0,ASK
678,1712365927.4991057,35846908.06200157,65.88,4.3791416466666613e-08,66.0,BID
679,1712365927.5038152,35847515.22654316,65.88,3.058540375868965e-08,66.0,BID
680,1712365927.5391395,35850837.22654316,65.84,-1.673429594896215e-07,66.0,ASK
681,1712365927.6392157,35850837.62989171,65.84,-2.0318344399877643e-11,66.0,ASK
682,1712365927.6453347,35851388.22654316,65.81,-2.7735843810561423e-08,66.0,ASK
683,1712365927.9992266,35854710.22654316,65.81,-1.673429594896215e-07,66.0,ASK
684,1712365928.61922,35854946.460408,65.85,1.1900082502901968e-08,66.0,BID
685,1712365928.7190936,35855993.460408,65.81,-5.274174551042555e-08,66.0,ASK
686,1712365929.021638,35859705.76716862,65.81,-1.870043346944346e-07,66.0,ASK
687,1712365929.1192412,35864461.69011746,65.81,-2.3957562352928504e-07,66.0,ASK
688,1712365929.850345,35864503.78986515,65.88,2.120739425588707e-09,66.0,BID
689,1712365929.853065,35865179.27154506,65.85,3.4026822214624246e-08,66.0,BID
690,1712365929.989259,35866168.27154506,65.81,-4.9820044230955954e-08,66.0,ASK
691,1712365930.7536442,35867617.46705204,65.88,7.300200632676546e-08,66.0,BID
692,1712365930.8701484,35869004.46705204,65.81,-6.986895990731637e-08,66.0,ASK
693,1712365931.093362,35882954.46545812,65.81,-7.027194515797963e-07,66.0,ASK
694,1712365931.7209244,35884321.10176655,65.88,6.884315605024664e-08,66.0,BID
695,1712365931.8424122,35885629.10176655,65.81,-6.58894012680388e-08,66.0,ASK
696,1712365932.4191136,35885979.13212477,65.88,1.7632485266512645e-08,66.0,BID
697,1712365932.519303,35886220.13212477,65.81,-1.214017255779614e-08,66.0,ASK
698,1712365932.5790997,35886374.98555962,65.81,-7.800611702431402e-09,66.0,ASK
699,1712365932.5822036,36189651.12882585,65.81,-1.5277280962302682e-05,66.0,ASK
700,1712365932.661871,36193606.38882584,65.8,-1.9924290004495015e-07,66.0,ASK
701,1712365932.6833377,36211360.62362252,65.8,-8.943546641631952e-07,66.0,ASK
702,1712365932.6876652,36225832.05915617,65.79,-7.289864088694454e-07,66.0,ASK
703,1712365932.6904087,36265341.38882584,65.79,-1.990249293911368e-06,66.0,ASK
704,1712365932.7000506,36288797.38882584,65.79,-1.1815762967455032e-06,66.0,ASK
705,1712365932.702917,36349445.38882584,65.79,-3.0550920551253955e-06,66.0,ASK
706,1712365932.7190957,36358604.38882584,65.79,-4.613769313562442e-07,66.0,ASK
707,1712365932.7393188,36376358.62362252,65.8,8.943546641631952e-07,66.0,BID
708,1712365932.7457073,36410318.42041035,65.8,-1.7106962366469935e-06,66.0,ASK
709,1712365932.7507348,36423787.42041035,65.8,-6.784895609168308e-07,66.0,ASK
710,1712365932.7557433,36450506.73924666,65.79,-1.3459632419069051e-06,66.0,ASK
711,1712365933.143045,36453378.71666732,65.78,-1.446734500783438e-07,66.0,ASK
712,1712365933.559141,36454152.70238377,65.81,3.8988880311325094e-08,66.0,BID
713,1712365933.664649,36455967.70238377,65.78,-9.142910038340249e-08,66.0,ASK
714,1712365933.6992135,36466482.91407834,65.78,-5.296949562399015e-07,66.0,ASK
715,1712365933.712084,36468934.03094441,65.7,-1.2347295316754568e-07,66.0,ASK
716,1712365933.714858,36469453.56851275,65.77,-2.6171268589104522e-08,66.0,ASK
717,1712365933.7177205,36476926.70238377,65.76,-3.764528412517856e-07,66.0,ASK
718,1712365933.787056,36478034.26780283,65.7,-5.579267761984159e-08,66.0,ASK
719,1712365933.7901306,36493420.12286175,65.7,-7.750495243343168e-07,66.0,ASK
720,1712365934.0090942,36498684.12286175,65.7,-2.651695781918626e-07,66.0,ASK
721,1712365934.5692673,36502142.95264898,65.8,1.7423564508316006e-07,66.0,BID
722,1712365934.6134038,36503665.0226642,65.7,-7.6672998463693e-08,66.0,ASK
723,1712365934.6194513,36505631.34309673,65.7,-9.905174006187168e-08,66.0,ASK
724,1712365934.6244776,36509251.60213468,65.69,-1.823675079859903e-07,66.0,ASK
725,1712365934.9090905,36510755.81186112,65.8,7.577330141938486e-08,66.0,BID
726,1712365935.033271,36512493.81186112,65.69,-8.75502900641066e-08,66.0,ASK
727,1712365935.7530398,36515537.95189156,65.7,-1.5334599692776134e-07,66.0,ASK
728,1712365935.7581267,36516831.61450554,65.8,6.516716749084045e-08,66.0,BID
729,1712365935.8493063,36517954.61450554,65.65,-5.6570181669730566e-08,66.0,ASK
730,1712365936.739246,36518783.77863927,65.8,4.1768446731445935e-08,66.0,BID
731,1712365936.879312,36520099.77863927,65.65,-6.629239454796566e-08,66.0,ASK
732,1712365937.4791615,36520627.55979428,65.8,2.6586532342385204e-08,66.0,BID
733,1712365938.1395192,36522806.16666621,65.8,1.0974549112391704e-07,66.0,BID
734,1712365938.1436994,36530024.43418686,65.8,3.636141629420794e-07,66.0,BID
735,1712365938.1465292,36532415.07023924,65.82,1.204262829823722e-07,66.0,BID
736,1712365938.5592377,36532914.32578466,65.82,2.5149578721431482e-08,66.0,BID
737,1712365938.6790252,36533425.32578466,65.7,-2.5741195755327084e-08,66.0,ASK
738,1712365939.8491385,36534547.15805448,65.82,5.651135824269572e-08,66.0,BID
739,1712365939.9491034,36534943.15805448,65.7,-1.994816735637872e-08,66.0,ASK
740,1712365940.6890428,36535990.81385448,65.82,5.277478088453915e-08,66.0,BID
741,1712365940.8291657,36536731.55459522,65.88,3.731419258572149e-08,66.0,BID
742,1712365940.9090598,36538445.55459522,65.7,-8.634131022432609e-08,66.0,ASK
743,1712365941.7791138,36539520.34208763,65.88,5.4141517098798754e-08,66.0,BID
744,1712365941.8991065,36540926.34208763,65.71,-7.082606894714263e-08,66.0,ASK
745,1712365942.5190904,36541453.04214834,65.88,2.6532073125414443e-08,66.0,BID
746,1712365942.6391206,36543039.04214834,65.71,-7.989341774549658e-08,66.0,ASK
747,1712365943.5791354,36543239.04214834,65.85,1.0074831998171072e-08,66.0,BID
748,1712365943.5892055,36543743.04943431,65.88,2.53889436602574e-08,66.0,BID
749,1712365943.6791484,36543855.77330193,65.71,-5.678370142154337e-09,66.0,ASK
750,1712365943.6841505,36544463.04943431,65.7,-3.0591025051261525e-08,66.0,ASK
751,1712365944.0120995,36554811.79127468,65.87,5.213091771708572e-07,66.0,BID
752,1712365944.8926384,36554887.70988992,65.86,3.8243364702267015e-09,66.0,BID
753,1712365944.969155,36555741.27806483,65.86,4.299777980619634e-08,66.0,BID
754,1712365945.069233,36556666.27806483,65.71,-4.65960979915412e-08,66.0,ASK
755,1712365945.7892191,36557739.61544715,65.86,5.406846902098175e-08,66.0,BID
756,1712365945.8528533,36572923.33849604,65.86,7.648672941215296e-07,66.0,BID
757,1712365945.88912,36573561.33849604,65.72,-3.2138714074165724e-08,66.0,ASK
758,1712365946.8191178,36574135.80335105,65.87,2.8938184515663133e-08,66.0,BID
759,1712365947.4991157,36574648.73791913,65.87,2.5838647997167496e-08,66.0,BID
760,1712365948.6791742,36575769.64273163,65.87,5.6464638359388734e-08,66.0,BID
761,1712365948.699128,36576061.12952178,65.72,-1.4683402202257332e-08,66.0,ASK
762,1712365948.7021935,36577632.64273163,65.71,-7.91636578607062e-08,66.0,ASK
763,1712365949.9090228,36578070.11047111,65.87,2.203706989929019e-08,66.0,BID
764,1712365950.0093474,36579112.11047111,65.72,-5.2489874710471286e-08,66.0,ASK
765,1712365950.4951663,36580089.7935612,65.72,-4.9249964400585375e-08,66.0,ASK
766,1712365950.589148,36580089.7935612,65.72,-0.0,66.0,ASK
767,1712365950.8492997,36581084.40415782,65.87,4.995850087361048e-08,66.0,BID
768,1712365950.9491546,36582112.40415782,65.72,-5.163562410517584e-08,66.0,ASK
769,1712365951.7591343,36583596.46366897,65.87,7.4543131388818e-08,66.0,BID
770,1712365951.7651515,36629140.71750227,65.87,2.2876517228473376e-06,66.0,BID
771,1712365951.879471,36630178.71750227,65.72,-5.213791616845576e-08,66.0,ASK
772,1712365952.5831814,36630920.35127087,65.86,3.7251675582602497e-08,66.0,BID
773,1712365953.273513,36656366.63125872,65.86,1.2781464477895375e-06,66.0,BID
774,1712365953.5791647,36657131.63277709,65.86,3.842541910736969e-08,66.0,BID
775,1712365953.6791897,36657335.63277709,65.72,-1.0246758090910382e-08,66.0,ASK
776,1712365954.911196,36658270.32231709,65.87,4.694871375758844e-08,66.0,BID
777,1712365955.0290613,36660119.32231709,65.72,-9.287380250045733e-08,66.0,ASK
778,1712365955.833793,36661520.08138798,65.87,7.035901638744792e-08,66.0,BID
779,1712365955.9091277,36663034.08138798,65.72,-7.604701838057998e-08,66.0,ASK
780,1712365956.209082,36716507.75592356,65.72,-2.685940231363542e-06,66.0,ASK
781,1712365956.2189374,36725112.13326469,65.72,-4.321910447914625e-07,66.0,ASK
782,1712365956.3989792,36731288.56411333,65.87,3.102372194666993e-07,66.0,BID
783,1712365956.7391365,36731585.9225466,65.87,1.4936078098409503e-08,66.0,BID
784,1712365957.554337,36731816.45237808,65.87,1.1579330469990835e-08,66.0,BID
785,1712365957.6390948,36733188.45237808,65.73,-6.89144710820051e-08,66.0,ASK
786,1712365958.6391618,36734433.13129109,65.87,6.251923393378801e-08,66.0,BID
787,1712365958.8089411,36734840.13129109,65.73,-2.0443286975492768e-08,66.0,ASK
788,1712365958.8891132,36736359.19554709,65.83,7.630139193997814e-08,66.0,BID
789,1712365959.9491546,36736359.1955475,65.83,2.058302125364217e-17,66.0,BID
790,1712365959.9546745,36737819.87567461,65.87,7.336880348400966e-08,66.0,BID
791,1712365960.0889904,36738129.87567461,65.73,-1.5571053961677538e-08,66.0,ASK
792,1712365960.831463,36738477.89449956,65.87,1.7480709364431898e-08,66.0,BID
793,1712365960.9091234,36739514.89449956,65.73,-5.2087686962127766e-08,66.0,ASK
794,1712365961.8391583,36740884.45575658,65.87,6.879197495766361e-08,66.0,BID
795,1712365961.9393313,36741311.45575658,65.73,-2.1447871102052607e-08,66.0,ASK
796,1712365962.2794676,36747743.30702873,65.83,-3.230667846198245e-07,66.0,ASK
797,1712365962.2864833,36750019.13082873,65.83,-1.1431282321623277e-07,66.0,ASK
798,1712365962.459568,36758726.13082873,65.83,4.3734569949782683e-07,66.0,BID
799,1712365962.479128,36759291.7245123,65.86,2.8409321829877893e-08,66.0,BID
800,1712365962.5791633,36759572.7245123,65.77,-1.4114406978165768e-08,66.0,ASK
801,1712365962.9479897,36763430.7245123,65.77,-1.937842780133933e-07,66.0,ASK
802,1712365963.0317345,36778027.8045123,65.77,-7.331997431061164e-07,66.0,ASK
803,1712365963.559145,36778227.8045123,65.77,-1.0045841265598412e-08,66.0,ASK
804,1712365963.5900104,36779220.10636471,65.86,4.984253448447729e-08,66.0,BID
805,1712365963.727836,36779750.10636471,65.77,-2.6621479353835792e-08,66.0,ASK
806,1712365964.889168,36779993.53181262,65.86,1.2227067048606712e-08,66.0,BID
1007,1712365965.035379,36780876.53181262,65.77,-4.435238918761698e-08,66.0,ASK
807,1712365965.035379,36780876.53181262,65.77,-4.4352389187616984e-08,66.0,ASK
808,1712365965.0557702,36781076.53181262,65.77,-1.0045841265598412e-08,66.0,ASK
809,1712365965.829146,36781457.84064954,65.86,1.9152840244070064e-08,66.0,BID
810,1712365965.9146547,36782031.84064954,65.77,-2.8831564432267442e-08,66.0,ASK
811,1712365966.5791757,36792888.97470586,65.86,5.45345226645681e-07,66.0,BID
812,1712365966.7791083,36793209.73085526,65.86,1.6111326808999013e-08,66.0,BID
813,1712365966.9190576,36793440.73085526,65.77,-1.1602946661766165e-08,66.0,ASK
814,1712365967.041603,36800439.33085526,65.77,-3.5153412340716005e-07,66.0,ASK
815,1712365967.4828937,36800964.49028435,65.86,2.63783413191377e-08,66.0,BID
816,1712365967.5795596,36801414.49028435,65.77,-2.2603142847596426e-08,66.0,ASK
817,1712365968.6543982,36802666.13012643,65.86,6.286887587607576e-08,66.0,BID
818,1712365968.7692251,36804066.13012643,65.77,-7.032088885918889e-08,66.0,ASK
819,1712365968.8693287,36805110.56282243,65.86,5.2461025383072034e-08,66.0,BID
820,1712365968.8761194,36812138.57961635,65.87,3.530117056184808e-07,66.0,BID
821,1712365968.8823044,36838338.6875316,65.86,1.3160106262904988e-06,66.0,BID
822,1712365968.8853514,36858211.42929612,65.87,9.98192046393135e-07,66.0,BID
823,1712365968.9891934,36859953.42929612,65.87,-8.749927742336216e-08,66.0,ASK
824,1712365968.9960663,36879575.07968258,65.87,-9.855799257572308e-07,66.0,ASK
825,1712365969.389134,36900938.07968258,65.77,-1.0730465347848944e-06,66.0,ASK
826,1712365970.2514296,36902173.52387392,65.85,6.205538119336697e-08,66.0,BID
827,1712365970.30917,36905099.99837544,65.77,-1.4699449155047565e-07,66.0,ASK
828,1712365970.5243108,36906113.99837544,65.77,-5.093241521658396e-08,66.0,ASK
829,1712365970.7891684,36906270.47521674,65.85,7.859707547246633e-09,66.0,BID
830,1712365970.876689,36906450.47521674,65.77,-9.041257139038573e-09,66.0,ASK
831,1712365970.949167,36908643.24296892,65.77,-1.1014098385351678e-07,66.0,ASK
832,1712365971.779081,36908958.58085806,65.85,1.5839171896763805e-08,66.0,BID
833,1712365971.9191918,36909888.58085806,65.77,-4.6713161885032617e-08,66.0,ASK
834,1712365972.4993408,36911362.64312077,65.85,7.404097753416378e-08,66.0,BID
835,1712365972.5991597,36911587.64312077,65.77,-1.1301571423798213e-08,66.0,ASK
836,1712365972.619095,36935807.06521479,65.85,1.2165223495051228e-06,66.0,BID
837,1712365972.7990327,36939153.07910084,65.77,-1.680676218587013e-07,66.0,ASK
838,1712365973.64919,36939443.14743796,65.85,1.4569902354423851e-08,66.0,BID
839,1712365973.7392542,36958835.37342432,65.85,9.740561202280011e-07,66.0,BID
840,1712365973.7492678,36959284.37342427,65.77,-2.2552913638648776e-08,66.0,ASK
841,1712365973.7528949,37063763.04681986,65.77,-5.247880842861934e-06,66.0,ASK
842,1712365973.756073,37063763.04681991,65.85,-2.619657250463549e-18,66.0,ASK
843,1712365973.909026,37114369.27655542,65.88,2.5419107548666265e-06,66.0,BID
844,1712365973.9148395,37115888.34081091,65.88,7.630139191453003e-08,66.0,BID
845,1712365973.9692764,37123513.42116099,65.89,3.830017341716181e-07,66.0,BID
846,1712365973.9763372,37123513.42116261,65.89,8.158361151443621e-17,66.0,BID
847,1712365973.980734,37123513.42116353,65.89,4.6031120258145204e-17,66.0,BID
848,1712365973.9899552,37123713.42116353,65.9,1.0045841265598412e-08,66.0,BID
849,1712365973.993403,37123913.42116353,65.9,1.0045841265598412e-08,66.0,BID
850,1712365974.9296453,37124237.7463076,65.94,1.6290594578717516e-08,66.0,BID
851,1712365975.0692856,37126081.7463076,65.78,-9.262265646881736e-08,66.0,ASK
852,1712365975.1694396,37126081.74630793,65.85,1.6840653752979952e-17,66.0,BID
853,1712365975.1764278,37141807.73354893,65.85,7.899038578395564e-07,66.0,BID
854,1712365975.770778,37141999.72626958,65.94,9.6436419789334e-09,66.0,BID
855,1712365975.8092787,37144436.25009827,65.97,1.2238465811447653e-07,66.0,BID
856,1712365975.8127668,37144831.6477783,65.94,1.9860511651799745e-08,66.0,BID
857,1712365975.8159363,37145031.6477783,65.95,1.0045841265598412e-08,66.0,BID
858,1712365976.8391042,37146319.03598506,65.97,6.466448786145144e-08,66.0,BID
859,1712365976.9614856,37147993.03598506,65.78,-8.408369139305872e-08,66.0,ASK
860,1712365977.5590558,37148964.85650954,65.97,4.881377363770599e-08,66.0,BID
861,1712365977.659209,37149218.05111333,65.94,-1.2717763995069024e-08,66.0,ASK
862,1712365977.6664352,37150680.85650954,65.77,-7.347555406376534e-08,66.0,ASK
863,1712365978.1791153,37151289.39457444,65.91,3.0566384020525707e-08,66.0,BID
864,1712365978.6864076,37152253.57299956,65.91,4.84299170522669e-08,66.0,BID
865,1712365978.839132,37153832.57299956,65.78,-7.931191679189948e-08,66.0,ASK
866,1712365979.9530702,37154427.29307238,65.91,2.987231724511355e-08,66.0,BID
867,1712365980.094799,37155268.29307238,65.78,-4.224276252184132e-08,66.0,ASK
868,1712365980.8497565,37156284.89650233,65.89,5.106318343674184e-08,66.0,BID
869,1712365980.8694448,37156284.89650233,65.89,0.0,66.0,BID
870,1712365980.92916,37157400.89650233,65.78,-5.5949192010345576e-08,66.0,ASK
871,1712365981.839326,37157657.24137178,65.88,1.2851512833073634e-08,66.0,BID
872,1712365981.9450672,37158165.24137178,65.78,-2.54679117753186e-08,66.0,ASK
873,1712365982.5592456,37159122.98271968,65.88,4.8015102661280914e-08,66.0,BID
874,1712365982.6392512,37159377.61447768,65.78,-1.2765628243821396e-08,66.0,ASK
875,1712365982.6457064,37159771.98271968,65.78,-1.9771133059686026e-08,66.0,ASK
876,1712365983.5993264,37160816.45752235,65.88,5.2363370326429176e-08,66.0,BID
877,1712365983.7190948,37162228.45752235,65.78,-7.078876265108239e-08,66.0,ASK
878,1712365985.051991,37163567.40712769,65.88,6.712647720579253e-08,66.0,BID
879,1712365985.1519616,37164052.40712769,65.78,-2.4314837029585664e-08,66.0,ASK
880,1712365985.789124,37164269.71131712,65.88,1.089425969444276e-08,66.0,BID
881,1712365985.8930233,37165215.71131712,65.78,-4.7426465628841326e-08,66.0,ASK
882,1712365986.7696033,37165895.97846951,65.88,3.4104298859745523e-08,66.0,BID
883,1712365986.9191377,37167351.97846951,65.79,-7.299464477335408e-08,66.0,ASK
884,1712365987.5192082,37168204.74106817,65.88,4.275213115721541e-08,66.0,BID
885,1712365987.6392488,37168918.74106817,65.79,-3.5795450802317875e-08,66.0,ASK
886,1712365988.6593032,37170091.35794734,65.88,5.8787604773657073e-08,66.0,BID
887,1712365988.7591405,37170885.35794734,65.79,-3.9806145570084576e-08,66.0,ASK
888,1712365989.8493316,37190052.00943489,65.88,9.608948604587678e-07,66.0,BID
889,1712365989.9291444,37190252.00943489,65.88,1.0026736919416773e-08,66.0,BID
890,1712365989.9363425,37190741.73317502,65.88,2.4551655527414908e-08,66.0,BID
891,1712365990.0291035,37191010.73317502,65.79,-1.3485961156615556e-08,66.0,ASK
892,1712365990.289141,37203748.78284002,65.88,6.386053642873009e-07,66.0,BID
1093,1712365990.309011,37203748.7828405,65.88,2.3905603693525238e-17,66.0,BID
893,1712365990.309011,37203748.7828405,65.88,2.390560369352524e-17,66.0,BID
894,1712365990.8690965,37204531.88250243,65.91,3.925967145935157e-08,66.0,BID
895,1712365990.8725076,37204816.17538986,65.9,1.4252649951828634e-08,66.0,BID
896,1712365990.9491928,37218186.46424513,65.91,6.703018444419889e-07,66.0,BID
897,1712365991.4350371,37218285.69984513,65.88,-4.975046270934631e-09,66.0,ASK
898,1712365991.9036753,37218306.7756027,66.0,1.0566053826872952e-09,66.0,BID
899,1712365991.9086938,37218706.7756027,66.0,2.0053473838833545e-08,66.0,BID
900,1712365992.059218,37219131.7756027,65.91,-2.130681595376064e-08,66.0,ASK
901,1712365992.5991518,37219884.64724991,65.99,3.774422970325944e-08,66.0,BID
902,1712365992.7791631,37220198.64724991,65.91,-1.5741976963484332e-08,66.0,ASK
903,1712365993.6390996,37221644.36629825,65.99,7.24792227856542e-08,66.0,BID
904,1712365993.7192583,37223040.36629825,65.91,-6.998662369752905e-08,66.0,ASK
905,1712365993.959099,37228405.78246025,66.0,2.689880815977593e-07,66.0,BID
906,1712365994.9692142,37229098.58658001,66.01,3.4732823227523324e-08,66.01,BID
907,1712365994.9767723,37229098.58658083,66.0,4.108775634824651e-17,66.01,BID
908,1712365995.0890734,37230068.58658083,65.91,-4.862967405917133e-08,66.01,ASK
1108,1712365995.0890734,37230068.58658083,65.91,-4.8629674059171334e-08,66.01,ASK
909,1712365995.629333,37244525.00227625,66.01,7.247533848785889e-07,66.01,BID
910,1712365995.6368482,37260115.53516583,66.01,7.816108585867771e-07,66.01,BID
911,1712365995.8090844,37260742.15942682,66.03,3.1414983061444245e-08,66.03,BID
912,1712365995.813422,37260742.15942752,66.01,3.51113554248652e-17,66.03,BID
913,1712365995.889986,37262200.15942752,65.91,-7.309491214254825e-08,66.03,ASK
914,1712365996.36913,37262461.37402837,66.03,1.3095650410975106e-08,66.03,BID
915,1712365996.8591557,37262931.14534443,66.03,2.3551366992055574e-08,66.03,BID
916,1712365996.9591527,37263087.99828936,66.03,7.863616069388668e-09,66.03,BID
917,1712365997.1994472,37290047.53430945,66.01,-1.3515808757146731e-06,66.03,ASK
918,1712365997.205372,37352776.70773657,66.0,-3.144844595631e-06,66.03,ASK
919,1712365997.3228903,37379735.70773657,66.0,-1.3515540030527833e-06,66.03,ASK
920,1712365997.5191853,37379935.70773657,66.05,1.0026736919416773e-08,66.05,BID
921,1712365997.523268,37381351.46136853,66.08,7.097694605207544e-08,66.08,BID
922,1712365997.6191325,37381734.46136853,66.0,-1.920120120068312e-08,66.08,ASK
923,1712365998.219202,37389584.17706367,66.0,-3.935351708366917e-07,66.08,ASK
924,1712365998.6591582,37391012.52578472,66.07,7.160838427612859e-08,66.08,BID
925,1712365998.759282,37392193.52578472,66.0,-5.9207881509156026e-08,66.08,ASK
926,1712365999.4307306,37392647.36273789,66.07,2.2752518668382724e-08,66.08,BID
927,1712365999.509019,37418201.78225689,66.03,-1.281137208227097e-06,66.08,ASK
928,1712365999.9337351,37418576.57026415,66.04,1.8789503747084296e-08,66.08,BID
929,1712366000.8504791,37418794.574504,66.04,1.0929355801454194e-08,66.08,BID
930,1712366001.9192624,37420258.62659364,66.04,7.339832569566356e-08,66.08,BID
931,1712366002.051072,37420575.62659364,66.0,-1.589237801727558e-08,66.08,ASK
932,1712366002.1793058,37421751.78225689,66.04,5.896501705817004e-08,66.08,BID
933,1712366002.186836,37424360.02624052,66.07,1.307608812277393e-07,66.08,BID
934,1712366002.5390854,37424782.47213124,66.07,2.117876904455068e-08,66.08,BID
935,1712366002.600149,37430665.1644615,66.0,-2.949210418671173e-07,66.08,ASK
936,1712366002.6462846,37431644.44257919,66.0,-4.9094820284921455e-08,66.08,ASK
937,1712366002.6496909,37432109.1644615,66.0,-2.329822027326762e-08,66.08,ASK
938,1712366003.6593351,37433490.92622932,66.07,6.9272808656173e-08,66.08,BID
939,1712366003.7591631,37434744.92622932,66.0,-6.286764048474316e-08,66.08,ASK
940,1712366004.809222,37461420.38891293,66.07,1.3373392326614145e-06,66.08,BID
941,1712366004.8171582,37466091.95247226,66.08,2.3420269405873085e-07,66.08,BID
942,1712366004.8212385,37468557.74773633,66.07,1.236194020496311e-07,66.08,BID
943,1712366004.9691164,37469057.74773633,66.1,2.5066842298541922e-08,66.1,BID
944,1712366004.9752593,37469667.26362135,66.1,3.0557277136768953e-08,66.1,BID
945,1712366005.089366,37470284.26362135,66.0,-3.093248339640073e-08,66.1,ASK
946,1712366005.8717506,37471495.50416597,66.1,6.072395143503758e-08,66.1,BID
947,1712366005.9583158,37473047.50416597,66.0,-7.780747849467415e-08,66.1,ASK
948,1712366006.8824673,37473278.60855326,66.1,1.1586114461438064e-08,66.1,BID
949,1712366007.0025804,37473540.60855326,66.01,-1.3135025364435968e-08,66.1,ASK
950,1712366007.523563,37475121.00189667,66.1,7.923094141791724e-08,66.1,BID
951,1712366007.619122,37475601.106694,66.0,-2.4069422482689968e-08,66.1,ASK
952,1712366007.6231368,37475965.00189667,66.01,-1.82434073172488e-08,66.1,ASK
953,1712366008.6592126,37477057.13383796,66.09,5.475259828296906e-08,66.1,BID
954,1712366008.7792027,37477567.13383796,66.0,-2.5568179144512763e-08,66.1,ASK
955,1712366008.8991702,37484745.13383796,66.0,-3.5985958803786786e-07,66.1,ASK
956,1712366009.9292166,37486049.38561583,66.09,6.538694726704292e-08,66.1,BID
957,1712366010.0741253,37495158.62138638,66.0,-4.566795530410222e-07,66.1,ASK
958,1712366010.077799,37510840.38561583,66.0,-7.861846218052834e-07,66.1,ASK
959,1712366010.0891075,37515140.14984528,66.0,-2.1556302372090165e-07,66.1,ASK
960,1712366010.0962496,37549467.38561583,66.0,-1.720950811210656e-06,66.1,ASK
961,1712366010.1697223,37570887.90539363,66.0,-1.0738895824456794e-06,66.1,ASK
962,1712366010.3175125,37577766.90539363,66.01,-3.4486961634333975e-07,66.1,ASK
963,1712366010.321228,37594667.50173392,66.01,-8.472891664267887e-07,66.1,ASK
964,1712366010.325982,37601845.50173392,66.0,-3.5985958803786786e-07,66.1,ASK
965,1712366010.3295956,37612366.90539363,65.93,-5.274767325944446e-07,66.1,ASK
966,1712366010.3335123,37617856.87661011,66.01,2.7523248541394937e-07,66.1,BID
967,1712366010.337093,37639575.87661011,66.0,1.088853495764064e-06,66.1,BID
968,1712366010.409759,37640442.87661011,65.93,-4.34659045456717e-08,66.1,ASK
969,1712366010.8403337,37641778.49242589,66.01,6.695934205124435e-08,66.1,BID
970,1712366010.8912594,37641778.49242589,66.01,0.0,66.1,BID
971,1712366010.9292033,37642758.49242589,65.93,-4.9052221670420624e-08,66.1,ASK
972,1712366011.0490172,37643033.99933915,65.93,-1.3790026715249482e-08,66.1,ASK
973,1712366011.61729,37645989.51070278,66.0,1.479330597534407e-07,66.1,BID
974,1712366011.789221,37647240.41979368,66.0,6.261211226154969e-08,66.1,BID
975,1712366011.9393427,37648164.41979368,65.93,-4.6249237574968015e-08,66.1,ASK
976,1712366012.55912,37649356.08646034,66.0,5.964683417356867e-08,66.1,BID
977,1712366012.6592233,37651016.08646034,65.93,-8.30884571152023e-08,66.1,ASK
978,1712366012.7269363,37747293.43691257,65.93,-4.818997894105639e-06,66.1,ASK
979,1712366012.8210783,37775093.43691257,65.93,-1.391481390242544e-06,66.1,ASK
980,1712366012.841164,37785994.68949693,65.93,-5.456435288298968e-07,66.1,ASK
981,1712366012.881666,37817594.68949693,65.91,-1.581683882433971e-06,66.1,ASK
982,1712366012.8878598,37872994.68949693,65.91,-2.7729521230013286e-06,66.1,ASK
983,1712366012.9593158,37896604.53402088,65.91,-1.18175033387044e-06,66.1,ASK
984,1712366012.966917,37901284.35159957,65.91,-2.342402543336202e-07,66.1,ASK
985,1712366012.9705465,37962315.57387279,65.91,-3.0548133099620938e-06,66.1,ASK
986,1712366013.0392482,37977281.86138638,65.91,-7.491118905101337e-07,66.1,ASK
987,1712366013.0470753,37977890.34185256,65.91,-3.045644766240831e-08,66.1,ASK
988,1712366013.0521383,37988527.65150931,65.91,-5.324323176118819e-07,66.1,ASK
989,1712366013.1237135,38005319.84660931,65.9,-8.405045677329067e-07,66.1,ASK
990,1712366013.1274457,38017327.65150931,65.88,-6.010301099284339e-07,66.1,ASK
991,1712366013.479001,38031223.70613753,65.9,6.955432162937528e-07,66.1,BID
992,1712366013.699196,38032320.62618001,65.91,5.490445416156723e-08,66.1,BID
1193,1712366013.799194,38033185.62618001,65.88,-4.329609361725901e-08,66.1,ASK
993,1712366013.799194,38033185.62618001,65.88,-4.3296093617259014e-08,66.1,ASK
994,1712366013.819272,38071064.41405879,65.92,1.89595785677228e-06,66.1,BID
995,1712366013.82703,38096942.10867922,65.93,1.2952636865722515e-06,66.1,BID
996,1712366013.8335109,38116428.4603286,65.91,9.753559598502185e-07,66.1,BID
997,1712366014.83538,38116928.4600286,65.93,2.5026628693530788e-08,66.1,BID
998,1712366014.8891945,38117006.21578405,65.93,-3.891931175846901e-09,66.1,ASK
999,1712366014.8955626,38122696.46157024,65.94,2.848155078197657e-07,66.1,BID
1000,1712366015.0892327,38123244.56590751,65.94,2.7434423928743064e-08,66.1,BID
1201,1712366015.2890627,38125200.56590751,65.93,-9.790423019116605e-08,66.1,ASK
1202,1712366015.8491216,38126286.73515227,65.94,5.4366341393368643e-08,66.1,BID
1203,1712366015.9292097,38126587.73515227,65.93,-1.5066039513057762e-08,66.1,ASK
1204,1712366016.482468,38127226.75547377,65.94,3.1985067818655533e-08,66.1,BID
1205,1712366016.849168,38128229.86436063,65.94,5.0208897426368215e-08,66.1,BID
1206,1712366016.9491615,38129745.09941566,65.88,-7.584249571642218e-08,66.1,ASK
1207,1712366016.9592304,38129943.86436063,65.93,-9.948838919395112e-09,66.1,ASK
1208,1712366017.019215,38130021.20739975,65.94,3.871273366804141e-09,66.1,BID
1209,1712366017.53924,38130193.57621988,65.94,8.62762609604703e-09,66.1,BID
1210,1712366017.6591682,38131156.57621988,65.88,-4.820131578430109e-08,66.1,ASK
1211,1712366017.6991315,38131615.32765104,65.88,-2.2962017237619482e-08,66.1,ASK
1212,1712366018.7197163,38132252.83144236,65.94,3.190916049775244e-08,66.1,BID
1213,1712366018.8415496,38133874.83144236,65.88,-8.1186432193288e-08,66.1,ASK
1214,1712366020.0376365,38134729.77533074,65.94,4.2792752171710974e-08,66.1,BID
1215,1712366020.1692233,38135151.77533074,65.88,-2.1122487290732143e-08,66.1,ASK
1216,1712366020.8692982,38135446.01600973,65.98,1.4727713276081018e-08,66.1,BID
1217,1712366020.9693742,38136112.01600973,65.88,-3.33354894209185e-08,66.1,ASK
1218,1712366021.8600914,38136482.02207217,65.98,1.852001979003524e-08,66.1,BID
1219,1712366022.000395,38138248.02207217,65.88,-8.83941055815947e-08,66.1,ASK
1220,1712366022.599332,38139270.22577026,65.98,5.1164655500743096e-08,66.1,BID
1221,1712366022.699149,38140032.22577026,65.88,-3.8140605013122976e-08,66.1,ASK
1222,1712366023.6992002,38140633.96872266,65.98,3.0119212948660153e-08,66.1,BID
1223,1712366023.830512,38141033.96872266,65.88,-2.002131496751861e-08,66.1,ASK
1224,1712366025.0532732,38142149.80685542,65.98,5.585136677196056e-08,66.1,BID
1225,1712366025.2091565,38143104.80685542,65.88,-4.78008894849507e-08,66.1,ASK
1226,1712366025.549358,38147574.52099652,65.88,-2.2372388658437002e-07,66.1,ASK
1227,1712366025.552174,38149010.96124634,65.88,-7.189855668432025e-08,66.1,ASK
1228,1712366025.5547814,38293903.51429478,65.88,-7.25234860257676e-06,66.1,ASK
1229,1712366025.9492764,38295021.74441014,65.88,5.5971093364543775e-08,66.1,BID
1230,1712366026.049258,38296389.74441014,65.83,-6.847289718891368e-08,66.1,ASK
1231,1712366026.816219,38297481.86645021,65.88,5.4664298368055855e-08,66.1,BID
1232,1712366026.9391568,38298559.86645021,65.83,-5.395744383746268e-08,66.1,ASK
1233,1712366027.639049,38299752.89923709,65.88,5.971521298155044e-08,66.1,BID
1234,1712366027.760039,38299888.48689103,65.77,-6.786607813219579e-09,66.1,ASK
1235,1712366027.762869,38839645.69163339,65.79,-2.7016622505335416e-05,66.1,ASK
1236,1712366027.7690952,38880495.68403806,65.83,-2.0446764108865795e-06,66.1,ASK
1237,1712366027.7712765,38883792.94638286,65.78,-1.6503881983944626e-07,66.1,ASK
1238,1712366027.7725508,38894551.98394874,65.79,-5.38525199634597e-07,66.1,ASK
1239,1712366027.7738369,38936096.72186383,65.77,-2.079450707602636e-06,66.1,ASK
1240,1712366027.7751417,39107617.72186383,65.75,-8.585189911359403e-06,66.1,ASK
1241,1712366027.7764356,39107769.76686915,65.77,-7.610352351949624e-09,66.1,ASK
1242,1712366027.7777383,39196204.63688661,65.75,-4.4264559668279125e-06,66.1,ASK
1243,1712366027.7790897,39197562.0231638,65.73,-6.794164547058843e-08,66.1,ASK
1244,1712366027.7804265,39592452.41847748,65.71,-1.9765562455557825e-05,66.1,ASK
1245,1712366027.7819774,39607720.14471322,65.75,-7.641998895089892e-07,66.1,ASK
1246,1712366027.7833085,39610436.68457931,65.72,-1.359717507020129e-07,66.1,ASK
1247,1712366027.7846477,39640794.91165884,65.71,-1.519529065536587e-06,66.1,ASK
1248,1712366027.785981,39681503.75845634,65.73,-2.0376116092431995e-06,66.1,ASK
1249,1712366027.7873266,39713440.02014234,65.71,-1.5985148852511202e-06,66.1,ASK
1250,1712366027.7886748,39715345.02014234,65.71,-9.535151253280742e-08,66.1,ASK
1251,1712366028.019082,39715496.92656798,65.82,7.603415983320314e-09,66.1,BID
1252,1712366028.6796515,39716134.13975746,65.81,3.1894614920225095e-08,66.1,BID
1253,1712366028.7909224,39717143.13975746,65.71,-5.050376700556572e-08,66.1,ASK
1254,1712366030.0517328,39717909.6646017,65.81,3.83670883422264e-08,66.1,BID
1255,1712366030.1732233,39718123.48448623,65.71,-1.0702388136294042e-08,66.1,ASK
1256,1712366030.1761296,39719411.6646017,65.71,-6.447764956673839e-08,66.1,ASK
1257,1712366030.8786678,39719735.7983403,65.8,1.6223959180260735e-08,66.1,BID
1258,1712366030.9690185,39720565.7983403,65.71,-4.1544228557601145e-08,66.1,ASK
1259,1712366031.8568416,39721806.45183574,65.8,6.209878599431267e-08,66.1,BID
1260,1712366031.9791234,39722258.45183574,65.71,-2.2624085913296042e-08,66.1,ASK
1261,1712366032.5791218,39723879.72843148,65.8,8.115022343201786e-08,66.1,BID
1262,1712366032.7592666,39724527.72843148,65.71,-3.243453024738016e-08,66.1,ASK
1263,1712366033.7441142,39725666.87076724,65.76,5.7017818742967984e-08,66.1,BID
1264,1712366033.819145,39725881.87076724,65.71,-1.076145679504126e-08,66.1,ASK
1265,1712366034.0068488,39725958.65209402,65.71,-3.843157817627439e-09,66.1,ASK
1266,1712366035.069384,39741179.35224622,65.7,-7.618460794331862e-07,66.1,ASK
1267,1712366035.072491,39756063.10234331,65.71,-7.449806214794854e-07,66.1,ASK
1268,1712366035.075546,39790797.08853409,65.7,-1.7385501940072986e-06,66.1,ASK
1269,1712366035.189068,39791726.45150799,65.69,-4.6517672049309535e-08,66.1,ASK
1270,1712366035.215049,39823298.92256151,65.69,-1.5803059681633884e-06,66.1,ASK
1271,1712366035.929001,39824228.2855354,65.69,4.651767204856368e-08,66.1,BID
1272,1712366036.3529463,39960309.3705784,65.7,6.811305661918885e-06,66.1,BID
1273,1712366036.4534378,39998568.6161814,65.7,1.915001016593417e-06,66.1,BID
1274,1712366036.5491009,40067970.20804287,65.7,3.473777824763873e-06,66.1,BID
1275,1712366040.280681,40071772.79021367,65.8,1.903317383286124e-07,66.1,BID
1276,1712366040.2821903,40073842.82202463,65.8,1.0361189720011609e-07,66.1,BID
1277,1712366040.4922063,40073918.80986657,65.8,3.803441293027792e-09,66.1,BID
1278,1712366040.519053,40073918.80986657,65.8,0.0,66.1,BID
1279,1712366042.0632603,40076374.47217016,65.69,-1.219373865488988e-07,66.1,ASK
1280,1712366042.0791278,40079072.49609685,65.69,-1.3397199850571453e-07,66.1,ASK
1281,1712366044.3733532,40079163.37779685,65.79,4.5127853968867915e-09,66.1,BID
1282,1712366044.376797,40127112.86289685,65.8,2.3809604809723023e-06,66.1,BID
1283,1712366044.4756873,40128964.88294545,65.84,9.196316783129117e-08,66.1,BID
1284,1712366046.3978677,40143000.59007068,65.8,-6.969514671113141e-07,66.1,ASK
1285,1712366046.8592672,40143155.19412807,65.8,-7.676957324308447e-09,66.1,ASK
1286,1712366046.8849812,40144370.79064245,65.8,-6.036117500560792e-08,66.1,ASK
1287,1712366050.6151717,40145348.57645003,65.8,-4.8552541530898176e-08,66.1,ASK
1288,1712366051.3941846,40145695.08879,65.89,1.7206278355686785e-08,66.1,BID
1289,1712366051.399166,40182782.49143555,65.89,1.8415972529590675e-06,66.1,BID
1290,1712366051.463376,40192974.29184255,65.89,-5.060799703774838e-07,66.1,ASK
1291,1712366051.4690275,40216868.29011379,65.89,-1.1864708348295882e-06,66.1,ASK
1292,1712366051.4791915,40286269.88197526,65.89,-3.446177726290723e-06,66.1,ASK
1293,1712366051.482095,40384799.03483726,65.89,-4.892524261706611e-06,66.1,ASK
1294,1712366051.4937031,40437989.03483726,65.8,-2.6411813957708976e-06,66.1,ASK
1295,1712366051.5036657,40491179.03483726,65.8,-2.6411813957708976e-06,66.1,ASK
1296,1712366051.5065668,40555113.08088926,65.8,-3.1746834553281813e-06,66.1,ASK
1297,1712366051.509468,40567016.13071592,65.8,-5.910530880824676e-07,66.1,ASK
1298,1712366051.639197,40573920.13071592,65.8,-3.428222665238255e-07,66.1,ASK
1299,1712366055.0092337,40576738.90071591,65.8,-1.3996771729510128e-07,66.1,ASK
1300,1712366055.3291078,40588638.0641671,65.8,-5.908601077742613e-07,66.1,ASK
1301,1712366057.45939,40617632.02473609,65.8,-1.4397125257481236e-06,66.1,ASK
1302,1712366057.4627402,40695915.43694716,65.8,-3.88720985014734e-06,66.1,ASK
1303,1712366059.7691953,40708149.92687924,65.8,-6.075109455792988e-07,66.1,ASK
1304,1712366059.7722948,40708279.09405249,65.8,-6.413873565260456e-09,66.1,ASK
1305,1712366059.7755857,40713049.15999605,65.79,-2.3686048931594842e-07,66.1,ASK
1306,1712366059.84914,40726684.598578,65.86,6.770758921945026e-07,66.1,BID
1307,1712366068.3416398,40732416.72092746,65.88,2.846319779598667e-07,66.1,BID
1308,1712366068.3442595,40742520.15107384,65.89,5.016918920115251e-07,66.1,BID
1309,1712366068.3467782,40752230.66986024,65.86,4.821816424498077e-07,66.1,BID
1310,1712366069.9697003,40757375.72651124,65.8,-2.55480878112769e-07,66.1,ASK
1311,1712366069.974198,40776109.04404578,65.8,-9.302141333578724e-07,66.1,ASK
1312,1712366070.225502,40779399.01296184,65.8,-1.633653824733665e-07,66.1,ASK
1313,1712366070.230222,40790005.098674,65.8,-5.266515560237094e-07,66.1,ASK
1314,1712366070.3092766,40791639.06759904,65.86,-8.113570833039722e-08,66.1,ASK
1315,1712366070.6091266,40791639.06759904,65.86,-0.0,66.1,ASK
1316,1712366085.7093253,40800590.49835192,65.86,4.4344811642607707e-07,66.1,BID
1317,1712366093.5990863,40821738.58166141,65.84,1.0476624316851784e-06,66.1,BID
1318,1712366096.0193064,40850928.48245827,65.84,1.4460488925613047e-06,66.1,BID
1319,1712366097.7227845,40862346.57980359,65.84,5.65645191337425e-07,66.1,BID
1320,1712366097.7262754,40863109.21156159,65.84,3.778028629690381e-08,66.1,BID
1321,1712366100.6190572,40863109.21156159,65.84,0.0,66.1,BID
1322,1712366101.6191816,40864743.18048663,65.84,-8.17735894862665e-08,66.1,ASK
1323,1712366105.529516,40884850.73761258,65.84,-1.006302565976182e-06,66.1,ASK
1324,1712366105.533218,40885609.77486187,65.84,-3.798676919562256e-08,66.1,ASK
1325,1712366105.6776495,40894999.80345819,65.84,4.699332600113961e-07,66.1,BID
1326,1712366106.7794662,40897639.74104524,65.84,-1.321182852406894e-07,66.1,ASK
1327,1712366109.8893006,40905131.51132614,65.82,-3.749330468218428e-07,66.1,ASK
1328,1712366110.249077,40905548.12352978,65.82,-2.08497694130132e-08,66.1,ASK
1329,1712366111.5792692,40948280.12352978,65.81,-2.1385651663167973e-06,66.1,ASK
1330,1712366111.5992415,40948595.82952725,65.81,-1.5799818613597457e-08,66.1,ASK
1331,1712366111.6024644,40964461.71490305,65.81,-7.940239117629915e-07,66.1,ASK
1332,1712366111.6059146,41007781.71490305,65.8,-2.167992207358505e-06,66.1,ASK
1333,1712366111.6093338,41008085.62008463,65.8,-1.520923512095513e-08,66.1,ASK
1334,1712366111.6116383,41015680.60488706,65.8,-3.800985195447745e-07,66.1,ASK
1335,1712366111.6131334,41037832.12352978,65.8,-1.1085946398560754e-06,66.1,ASK
1336,1712366111.619061,41074643.12352978,65.8,-1.8422428703849013e-06,66.1,ASK
1337,1712366111.669564,41091971.17791276,65.8,-8.671996045933692e-07,66.1,ASK
1338,1712366111.7191322,41109622.87769292,65.8,-8.833967583109893e-07,66.1,ASK
1339,1712366111.739451,41129621.11027991,65.8,-1.0008313113926923e-06,66.1,ASK
1340,1712366111.742943,41143865.3371576,65.8,-7.128664097570894e-07,66.1,ASK
1341,1712366111.8193824,41170946.27711914,65.8,-1.3552924008438902e-06,66.1,ASK
1342,1712366111.8222525,41208934.42481705,65.8,-1.9011543901443736e-06,66.1,ASK
1343,1712366111.8391268,41233041.29492494,65.8,-1.2064521361428307e-06,66.1,ASK
1344,1712366111.8591964,41328717.61079966,65.8,-4.788215772049306e-06,66.1,ASK
1345,1712366111.8793552,41331702.29649659,65.8,-1.4937154506828177e-07,66.1,ASK
1346,1712366111.8827507,41374524.03281078,65.8,-2.143056108834574e-06,66.1,ASK
1347,1712366111.8861616,41378515.2335931,65.8,-1.997435871208669e-07,66.1,ASK
1348,1712366113.4391806,41388817.71494415,65.69,-5.15597859776728e-07,66.1,ASK
1349,1712366113.449201,41389046.02544643,65.7,-1.1426024695481229e-08,66.1,ASK
1350,1712366113.4520483,41390715.5210381,65.69,-8.355155662420437e-08,66.1,ASK
1351,1712366113.7194395,41404828.30061429,65.76,7.062879996617681e-07,66.1,BID
1352,1712366116.5999403,41421885.3710381,65.76,8.536379445796156e-07,66.1,BID
1353,1712366116.6592135,41469073.6262481,65.76,-2.361582861821757e-06,66.1,ASK
1354,1712366116.6794782,41469073.62624831,65.76,-1.0440406714772985e-17,66.1,ASK
1355,1712366117.4592466,41469073.62624906,65.69,-3.766003850685968e-17,66.1,ASK
1356,1712366117.580299,41475089.62624906,65.65,-3.010766648076817e-07,66.1,ASK
1357,1712366123.4194324,41479876.27666794,65.65,-2.395526502187435e-07,66.1,ASK
1358,1712366123.423288,41497003.18373868,65.65,-8.571329885854085e-07,66.1,ASK
1359,1712366125.149429,41573391.34020546,65.65,-3.822920774572156e-06,66.1,ASK
1360,1712366130.5591402,41573391.34020546,65.65,-0.0,66.1,ASK
1361,1712366135.1698563,41573665.46448203,65.66,-1.368681946085737e-08,66.1,ASK
1362,1712366135.17372,41653886.745998,65.65,-4.005388398146567e-06,66.1,ASK
1363,1712366136.97925,41658665.59556826,65.65,-2.386043735962284e-07,66.1,ASK
1364,1712366143.3992653,41659291.49077093,65.75,3.1250477876210216e-08,66.1,BID
1365,1712366143.4115975,41670439.84625526,65.76,5.566290250107243e-07,66.1,BID
1366,1712366143.419125,41670439.84625679,65.76,7.663239124078677e-17,66.1,BID
1367,1712366143.6091497,41670747.04815998,65.77,1.5338360540497485e-08,66.1,BID
1368,1712366147.4794104,41670947.04815998,65.8,9.985849945189808e-09,66.1,BID
1369,1712366147.4840453,41746552.93861713,65.82,3.7749453853879553e-06,66.1,BID
1370,1712366149.3744252,41762324.35434113,65.84,7.874549542150744e-07,66.1,BID
1371,1712366155.59553,41767563.51955813,65.82,2.6158758847533444e-07,66.1,BID
1372,1712366155.6692474,41772324.35434113,65.82,2.377049087841559e-07,66.1,BID
1373,1712366156.3720112,41772324.35434186,65.84,3.6456186124257785e-17,66.1,BID
1374,1712366157.3402824,41772524.35434186,65.85,9.985849945189808e-09,66.1,BID
1375,1712366157.4794247,41816741.78935059,65.86,2.2077433547920245e-06,66.1,BID
1376,1712366157.5618336,41817294.99805275,65.87,2.7621295440810075e-08,66.1,BID
1377,1712366157.779319,41830053.06209653,65.89,6.370005656613032e-07,66.1,BID
1378,1712366157.959309,41830053.06209654,65.89,7.440037984542405e-19,66.1,BID
1379,1712366159.6293826,41830253.06209654,65.9,9.985849945189808e-09,66.1,BID
1380,1712366159.6324522,41831330.47299838,65.9,5.3794317975282084e-08,66.1,BID
1381,1712366160.8393984,41831330.47299838,65.9,0.0,66.1,BID
1382,1712366162.4994202,41836650.19672664,65.97,2.6538501435800455e-07,66.1,BID
1383,1712366162.503415,41838166.03726021,65.97,7.562072436743109e-08,66.1,BID
1384,1712366162.507297,41838366.03726021,65.9,9.977398373081068e-09,66.1,BID
1385,1712366162.5106883,41838566.03726021,65.95,9.977398373081068e-09,66.1,BID
1386,1712366162.512412,41839032.32077106,65.97,2.3261481712690703e-08,66.1,BID
1387,1712366174.2193158,41840492.82725407,65.97,7.28602750373389e-08,66.1,BID
1388,1712366176.0493429,41847661.80725572,65.9,-3.576388470256045e-07,66.1,ASK
1389,1712366176.760619,41849180.72340776,65.96,7.577415772093653e-08,66.1,BID
1390,1712366177.7393088,41878016.78725572,65.96,1.4385444826134417e-06,66.1,BID
1391,1712366177.743293,41916519.82240182,65.97,1.9208006011270218e-06,66.1,BID
1392,1712366178.8191926,41927442.69202658,65.96,5.449091081170994e-07,66.1,BID
1393,1712366185.2402694,41927642.69202658,65.97,9.977398373081068e-09,66.1,BID
1394,1712366185.2490883,41941249.13434884,65.97,6.787844774477728e-07,66.1,BID
1395,1712366187.3396623,41971844.20854189,65.95,1.526296217390305e-06,66.1,BID
1396,1712366188.559193,41974388.83654067,65.96,-1.269438362754576e-07,66.1,ASK
1397,1712366190.8590844,41974388.83654067,65.96,-0.0,66.1,ASK
1398,1712366191.6754386,41975937.04427891,65.97,7.71990866728405e-08,66.1,BID
1399,1712366191.6773224,41978911.3380214,65.97,1.483087538867267e-07,66.1,BID
1400,1712366191.7902944,42036232.56151606,65.98,2.8582379427838377e-06,66.1,BID
1401,1712366191.8731248,42043685.5507963,65.98,3.716322759566129e-07,66.1,BID
1402,1712366192.60916,42043885.5507963,66.0,9.972703890557804e-09,66.1,BID
1403,1712366192.6123571,42091684.4937721,66.0,2.3834235228963954e-06,66.1,BID
1404,1712366192.615469,42099315.87229456,66.0,3.805273914064373e-07,66.1,BID
1405,1712366192.6290867,42113330.51315588,66.0,6.988193172121579e-07,66.1,BID
1406,1712366192.6690154,42165707.78681631,66.0,2.611715204050847e-06,66.1,BID
1407,1712366193.859555,42190599.65018708,66.08,1.2411959134048646e-06,66.1,BID
1408,1712366193.8679192,42197471.71926039,66.05,3.4266554991763053e-07,66.1,BID
1409,1712366193.8697617,42198985.49461612,66.06,7.548216689779152e-08,66.1,BID
1410,1712366194.079162,42199398.99136298,66.09,2.061840308074076e-08,66.1,BID
1411,1712366194.179352,42214527.30284876,66.08,-7.543508540587842e-07,66.1,ASK
1412,1712366194.739867,42231823.84284876,66.08,-8.624663587562706e-07,66.1,ASK
1413,1712366195.299047,42232431.74558433,66.08,-3.03121698804277e-08,66.1,ASK
1414,1712366197.8693688,42235417.86033449,66.09,1.4889819093295156e-07,66.1,BID
1415,1712366199.4992409,42236525.29572256,66.09,5.522062601552972e-08,66.1,BID
1416,1712366201.1592865,42271308.92410809,66.09,1.734434130640406e-06,66.1,BID
1417,1712366201.2449465,42295864.37381849,66.09,1.224421144306459e-06,66.1,BID
1418,1712366201.3191867,42296035.06691554,66.1,8.511358565456722e-09,66.1,BID
1419,1712366201.329082,42296435.06691554,66.1,1.994540778111561e-08,66.1,BID
1420,1712366203.19186,42298450.76016845,66.15,1.0050955972714408e-07,66.15,BID
1421,1712366203.489164,42300718.37203005,66.19,1.1307110817234014e-07,66.19,BID
1422,1712366203.4925983,42357711.92643265,66.19,2.8418992086374977e-06,66.19,BID
1423,1712366203.5692644,42367668.97443969,66.19,4.964934569914539e-07,66.19,BID
1424,1712366203.5790243,42393687.37164265,66.2,1.2973688550602449e-06,66.2,BID
1425,1712366204.1835947,42433668.78335363,66.2,1.9936139006002964e-06,66.2,BID
1426,1712366204.187471,42433747.01224899,66.25,3.9007680458623054e-09,66.25,BID
1427,1712366204.1906438,42433947.01224899,66.3,9.972703890557804e-09,66.3,BID
1428,1712366204.1939206,42450548.27998218,66.26,8.277976365547031e-07,66.3,BID
1429,1712366204.1971786,42452058.62585139,66.21,7.531116062995909e-08,66.3,BID
1430,1712366204.1995308,42452258.62585139,66.25,9.972703890557804e-09,66.3,BID
1431,1712366204.2013545,42525740.63008086,66.3,3.664071347325786e-06,66.3,BID
1432,1712366204.5270145,42526517.36306189,66.15,-3.873064010939289e-08,66.3,ASK
1433,1712366204.7419972,42526692.3989045,66.3,8.727903143038016e-09,66.3,BID
1434,1712366205.1792724,42544949.77447011,66.3,9.103770016727104e-07,66.3,BID
1435,1712366208.8948922,42581963.97746177,66.17,-1.8456584309039687e-06,66.3,ASK
1436,1712366210.6592724,42589508.10443093,66.16,-3.761767218809527e-07,66.3,ASK
1437,1712366211.3672547,42592719.18246425,66.08,-1.6011565197890558e-07,66.3,ASK
1438,1712366211.6438327,42617180.80292366,66.16,1.219742487624411e-06,66.3,BID
1439,1712366211.8626006,42698527.3132256,66.16,4.056223298857296e-06,66.3,BID
1440,1712366213.6795175,42713627.5572256,66.16,-7.529513104359975e-07,66.3,ASK
1441,1712366213.752357,42768253.99667744,66.16,-2.7238665262436005e-06,66.3,ASK
1442,1712366213.7547953,42770047.96130863,66.16,-8.945339028470553e-08,66.3,ASK
1443,1712366215.426072,42770199.11003898,66.16,7.536807656197292e-09,66.3,BID
1444,1712366215.4313796,42770276.4530781,66.16,3.856596135585925e-09,66.3,BID
1445,1712366217.5091214,42770353.53893057,66.16,3.843771904370839e-09,66.3,BID
1446,1712366219.1892416,42771789.28410449,66.09,-7.159130740881944e-08,66.3,ASK
1447,1712366219.1928968,42772452.05793057,66.09,-3.304823556941885e-08,66.3,ASK
1448,1712366220.5542498,42772452.05793057,66.09,-0.0,66.3,ASK
1449,1712366220.7631073,42773735.31065125,66.16,6.38195462243418e-08,66.3,BID
1450,1712366220.7651365,42774293.2913042,66.16,2.7749851217381536e-08,66.3,BID
1451,1712366221.75928,42837678.52071209,66.09,-3.1523148269515103e-06,66.3,ASK
1452,1712366221.7719202,42847689.44378993,66.02,-4.97869638471427e-07,66.3,ASK
1453,1712366221.7738562,42863802.87868457,66.08,-8.013636647843258e-07,66.3,ASK
1454,1712366221.775811,42863954.18750587,66.09,-7.524987213620957e-09,66.3,ASK
1455,1712366221.777777,42906346.54974241,65.98,-2.108284110920914e-06,66.3,ASK
