,time,acc_trade_volume,trade_price,dev,high,ask_bid
0,1712365207.1482122,573783.87349115,4336.0,0.0,4399.0,BID
1,1712365207.9359543,573806.74108776,4330.0,-4.4187858660807244e-10,4399.0,ASK
2,1712365208.2355227,573925.13875214,4330.0,-2.2878395786946143e-09,4399.0,ASK
3,1712365208.2367284,574022.70159554,4330.0,-1.8852410282704988e-09,4399.0,ASK
4,1712365208.456553,574042.70159554,4330.0,-3.86467011942266e-10,4399.0,ASK
5,1712365211.4540398,574045.23449392,4337.0,4.894408342273928e-11,4399.0,BID
6,1712365211.454571,574047.54023522,4337.0,4.455464752597947e-11,4399.0,BID
7,1712365224.875584,574219.91196956,4337.0,-3.3307994556838437e-09,4399.0,ASK
8,1712365230.1554215,574219.91196956,4337.0,-0.0,4399.0,ASK
9,1712365231.0669518,574222.21664806,4339.0,4.452643486323554e-11,4399.0,BID
10,1712365231.0694628,574612.1463663,4339.0,7.533449980155303e-09,4399.0,BID
11,1712365233.0758448,574833.86119482,4337.0,-4.283534935613687e-09,4399.0,ASK
12,1712365233.077371,574833.86119483,4337.0,-1.9342658640238311e-19,4399.0,ASK
13,1712365233.1558838,574833.86119485,4337.0,-3.846040264512501e-19,4399.0,ASK
14,1712365242.2660365,574861.1402799,4337.0,5.27032470510264e-10,4399.0,BID
15,1712365242.325444,575528.0709265,4337.0,-1.2885113473967009e-08,4399.0,ASK
16,1712365249.315451,575530.37560499,4339.0,4.452643466980895e-11,4399.0,BID
17,1712365252.5856187,576452.67212332,4337.0,-1.7818787239589497e-08,4399.0,ASK
18,1712365254.5556653,576679.70568652,4337.0,4.38629299634609e-09,4399.0,BID
19,1712365254.5572214,576682.00983399,4340.0,4.4516175352905074e-11,4399.0,BID
20,1712365254.5587516,576684.31345067,4341.0,4.450592047806524e-11,4399.0,BID
21,1712365254.5654066,577135.01996454,4341.0,8.707658891187391e-09,4399.0,BID
22,1712365254.615589,577135.01996455,4341.0,-1.9342658640238311e-19,4399.0,ASK
23,1712365254.617162,577319.91553455,4341.0,-3.572186122243021e-09,4399.0,ASK
24,1712365260.0861104,577319.91553455,4341.0,-0.0,4399.0,ASK
25,1712365263.8358622,577322.21862069,4342.0,4.4484112714670026e-11,4399.0,BID
26,1712365263.837504,577324.52117653,4343.0,4.4473869967725436e-11,4399.0,BID
27,1712365263.8391244,577326.82267251,4345.0,4.445339877019432e-11,4399.0,BID
28,1712365263.840698,577339.64963981,4346.0,2.4775289522512524e-10,4399.0,BID
29,1712365263.842279,577341.9516656,4344.0,4.446363205069231e-11,4399.0,BID
30,1712365290.0865817,577341.9516656,4344.0,0.0,4399.0,BID
31,1712365290.2864356,577346.44869064,4332.0,-8.685988566892425e-11,4399.0,ASK
32,1712365320.1556816,577346.44869064,4332.0,-0.0,4399.0,ASK
33,1712365324.30568,577348.7528381,4340.0,4.4504513059397697e-11,4399.0,BID
34,1712365331.875701,577449.51666298,4340.0,1.9462491174288474e-09,4399.0,BID
35,1712365350.1432366,577449.51666298,4340.0,0.0,4399.0,BID
36,1712365355.1762822,577517.09186155,4339.0,1.305200893708071e-09,4399.0,BID
37,1712365364.0757115,577556.05186155,4333.0,-7.52504289959537e-10,4399.0,ASK
38,1712365364.0811377,577558.71940197,4333.0,-5.152298792998686e-11,4399.0,ASK
39,1712365366.2256196,577559.947675,4333.0,-2.3723837891320703e-11,4399.0,ASK
40,1712365366.3254695,577593.71940197,4333.0,6.522938763953579e-10,4399.0,BID
41,1712365366.7055097,577627.4131289,4339.0,6.5078732185674e-10,4399.0,BID
42,1712365380.0970964,577627.4131289,4339.0,0.0,4399.0,BID
43,1712365385.1156304,579699.75907162,4339.0,4.002633410230212e-08,4399.0,BID
44,1712365386.0957105,579739.63940273,4339.0,7.702688167149886e-10,4399.0,BID
45,1712365390.1957312,579817.13965291,4339.0,-1.4968788959247501e-09,4399.0,ASK
46,1712365393.065585,579932.37357778,4339.0,-2.2256861085237703e-09,4399.0,ASK
47,1712365395.055754,580604.05479193,4339.0,-1.2973189530567946e-08,4399.0,ASK
48,1712365395.0573285,580749.4315769,4339.0,-2.807880501982157e-09,4399.0,ASK
49,1712365395.1157331,580854.72094413,4339.0,2.033611909717016e-09,4399.0,BID
50,1712365395.1173038,582566.9401387,4339.0,3.3070664566882925e-08,4399.0,BID
51,1712365395.2156637,582606.45825889,4343.0,-7.632728924323771e-10,4399.0,ASK
52,1712365395.21716,582821.49876166,4343.0,-4.153400661523498e-09,4399.0,ASK
53,1712365395.257247,582851.5364756,4344.0,5.801635475275425e-10,4399.0,BID
54,1712365395.475496,583183.0364756,4344.0,6.4027580923568835e-09,4399.0,BID
55,1712365400.5156276,583233.42367633,4344.0,9.732037925353262e-10,4399.0,BID
56,1712365402.445556,583399.08249172,4339.0,-3.199617860658678e-09,4399.0,ASK
57,1712365404.2379692,583432.66717909,4339.0,6.486715802035972e-10,4399.0,BID
58,1712365404.335455,583539.20630979,4339.0,2.057750471319566e-09,4399.0,BID
59,1712365406.3157096,583784.92634896,4339.0,4.745960691553497e-09,4399.0,BID
60,1712365408.3058205,583819.79137784,4339.0,6.73400741482307e-10,4399.0,BID
61,1712365410.0967991,583819.79137784,4339.0,0.0,4399.0,BID
62,1712365413.3948877,584055.47855844,4339.0,4.549819576618097e-09,4399.0,BID
63,1712365413.6658084,584057.78323693,4339.0,4.449063069566299e-11,4399.0,BID
64,1712365426.3457382,584138.40667261,4339.0,1.5563938821659412e-09,4399.0,BID
65,1712365433.006691,584168.40667261,4339.0,5.791345416032169e-10,4399.0,BID
66,1712365440.1469262,584168.40667261,4339.0,0.0,4399.0,BID
67,1712365449.1558864,584208.89611321,4335.0,-7.8160496392249e-10,4399.0,ASK
68,1712365449.1571894,584210.2789203,4335.0,-2.669359886510484e-11,4399.0,ASK
69,1712365449.1584604,584231.03999847,4333.0,-4.007702135076376e-10,4399.0,ASK
70,1712365449.165499,584235.98187118,4334.0,-9.539752053811891e-11,4399.0,ASK
71,1712365455.037932,584305.21796626,4333.0,-1.336528111902687e-09,4399.0,ASK
72,1712365458.9156864,584790.32087351,4333.0,-9.364388213341274e-09,4399.0,ASK
73,1712365470.1366413,584790.32087351,4333.0,-0.0,4399.0,ASK
74,1712365471.1890414,587253.2587773,4333.0,-4.754188562031928e-08,4399.0,ASK
75,1712365485.745604,587512.66257817,4333.0,-5.00725000474321e-09,4399.0,ASK
76,1712365500.0958157,587512.66257817,4333.0,-0.0,4399.0,ASK
77,1712365500.5896947,587538.53198296,4333.0,-5.039142412576641e-10,4399.0,ASK
78,1712365501.7757204,587653.92547477,4333.0,-2.247768139375241e-09,4399.0,ASK
79,1712365504.0657115,587656.23121606,4337.0,4.491390049786303e-11,4399.0,BID
80,1712365505.1916976,587679.33128851,4333.0,-4.4996997712697815e-10,4399.0,ASK
81,1712365505.1955914,588769.42325677,4333.0,-2.1234074442228084e-08,4399.0,ASK
82,1712365505.196475,588892.02768788,4333.0,-2.3882311703402444e-09,4399.0,ASK
83,1712365512.5458426,588904.59680858,4333.0,2.4483589677601077e-10,4399.0,BID
84,1712365515.8560133,588948.29300301,4332.0,-8.51165105683401e-10,4399.0,ASK
85,1712365516.2404268,588963.81571769,4332.0,-3.0236942263504357e-10,4399.0,ASK
86,1712365516.2421763,589066.75775039,4332.0,-2.00522419138071e-09,4399.0,ASK
87,1712365516.244423,589066.7577504,4332.0,-1.9501983744526941e-19,4399.0,ASK
88,1712365518.3293502,589086.7577504,4333.0,3.8958317390635736e-10,4399.0,BID
89,1712365519.9359293,589121.16858159,4335.0,6.70294041589043e-10,4399.0,BID
90,1712365519.9377687,589130.38437821,4333.0,1.7951596486254376e-10,4399.0,BID
91,1712365520.8357708,589132.69224804,4333.0,-4.495536266772636e-11,4399.0,ASK
92,1712365522.0956454,589133.87007713,4330.0,-2.2943119760854448e-11,4399.0,ASK
93,1712365522.1055546,589263.17147704,4330.0,-2.518682488373797e-09,4399.0,ASK
94,1712365522.177326,589263.17147723,4330.0,-3.700841566403252e-18,4399.0,ASK
95,1712365523.0262358,589851.43256524,4329.0,-1.1458831087625657e-08,4399.0,ASK
96,1712365523.0280468,589904.02442592,4329.0,-1.0244452002682744e-09,4399.0,ASK
97,1712365523.029858,589908.36616495,4330.0,-8.457342357849589e-11,4399.0,ASK
98,1712365523.031689,590125.69165192,4328.0,-4.233317649226211e-09,4399.0,ASK
99,1712365523.033507,590148.79701236,4328.0,-4.5007298272286146e-10,4399.0,ASK
100,1712365523.034975,590165.47170937,4326.0,-3.24809069255679e-10,4399.0,ASK
101,1712365523.0363705,590963.52990067,4328.0,-1.5545502156431447e-08,4399.0,ASK
102,1712365523.037773,591163.36151892,4327.0,-3.892551804233897e-09,4399.0,ASK
103,1712365523.0458722,591220.32695261,4326.0,-1.109638722995087e-09,4399.0,ASK
104,1712365523.051339,591332.5116407,4326.0,-2.185263342489798e-09,4399.0,ASK
105,1712365526.7557704,591632.5116407,4326.0,-5.84374760859536e-09,4399.0,ASK
106,1712365530.137544,591632.5116407,4326.0,-0.0,4399.0,ASK
107,1712365530.3117883,591703.36015521,4326.0,-1.3795900799508015e-09,4399.0,ASK
108,1712365531.4018867,592034.95128179,4326.0,-6.456872553977695e-09,4399.0,ASK
109,1712365535.0556607,592173.647537,4326.0,-2.700747914581574e-09,4399.0,ASK
110,1712365541.2357223,592322.41791297,4326.0,-2.896915147738129e-09,4399.0,ASK
111,1712365541.2428863,592342.41791297,4326.0,-3.894478492577776e-10,4399.0,ASK
112,1712365541.2456777,592378.3883012,4326.0,-7.00429516658066e-10,4399.0,ASK
113,1712365541.455717,592383.47024169,4326.0,9.895753969537668e-11,4399.0,BID
114,1712365544.315838,592387.57024169,4325.0,-7.983680909739104e-11,4399.0,ASK
115,1712365544.3173077,592395.86135178,4325.0,-1.6144774962510978e-10,4399.0,ASK
116,1712365544.3184376,592562.35462725,4325.0,-3.242022402383397e-09,4399.0,ASK
117,1712365544.3962736,592658.08933917,4325.0,-1.864183882828384e-09,4399.0,ASK
118,1712365544.3982987,592691.40940853,4325.0,-6.488214674679111e-10,4399.0,ASK
119,1712365556.3657053,592730.10312096,4326.0,7.534591542823113e-10,4399.0,BID
120,1712365560.16166,592730.10312096,4326.0,0.0,4399.0,BID
121,1712365562.092636,592740.89584666,4325.0,-2.1014076254928308e-10,4399.0,ASK
122,1712365563.5759833,592760.79560649,4325.0,-3.8746011169277637e-10,4399.0,ASK
123,1712365564.6157763,592852.79029338,4326.0,1.7911910476359815e-09,4399.0,BID
124,1712365564.7288182,592852.79029339,4325.0,-1.9493407370519032e-19,4399.0,ASK
125,1712365564.7297893,593008.42879071,4325.0,-3.030373736695409e-09,4399.0,ASK
126,1712365568.418098,593366.97993817,4325.0,-6.981203232069209e-09,4399.0,ASK
127,1712365568.4190905,593380.25437376,4325.0,-2.5846112416771853e-10,4399.0,ASK
128,1712365568.555978,593720.77541088,4325.0,-6.630146303450409e-09,4399.0,ASK
129,1712365568.5755775,594029.3652429,4325.0,-6.008426825413977e-09,4399.0,ASK
130,1712365568.7156773,594059.22419294,4324.0,-5.813714444999326e-10,4399.0,ASK
131,1712365569.2757175,594066.16060912,4325.0,1.3505613187340594e-10,4399.0,BID
132,1712365571.105887,594133.2612249,4323.0,-1.3064887368944251e-09,4399.0,ASK
133,1712365571.108008,594166.3716806,4323.0,-6.446801857569081e-10,4399.0,ASK
134,1712365571.1101332,594199.85777239,4323.0,-6.519940429417977e-10,4399.0,ASK
135,1712365571.2056372,594252.99388054,4323.0,-1.0345915013360447e-09,4399.0,ASK
136,1712365575.356158,594262.17641581,4323.0,-1.7878940106484279e-10,4399.0,ASK
137,1712365575.358251,594270.44023723,4323.0,-1.6090149819746407e-10,4399.0,ASK
138,1712365575.3604145,594279.04778515,4323.0,-1.6759405676075522e-10,4399.0,ASK
139,1712365584.9958909,594412.56081815,4323.0,2.5995778401665997e-09,4399.0,BID
140,1712365586.0387173,594432.06793126,4323.0,3.7981504746554224e-10,4399.0,BID
141,1712365586.9358122,594443.63664944,4322.0,-2.2524979580087383e-10,4399.0,ASK
142,1712365586.9458656,594485.76174007,4321.0,-8.202004677436986e-10,4399.0,ASK
143,1712365586.947575,594501.29262288,4320.0,-3.0239548817012607e-10,4399.0,ASK
144,1712365586.9492488,594587.01446461,4322.0,-1.6690550365944063e-09,4399.0,ASK
145,1712365586.9509604,594588.19502016,4320.0,-2.2986115871911987e-11,4399.0,ASK
146,1712365586.9526446,594621.11039382,4322.0,-6.408818228787545e-10,4399.0,ASK
147,1712365586.9543164,594660.32631975,4320.0,-7.63557307767685e-10,4399.0,ASK
148,1712365586.9563131,594668.02790267,4320.0,-1.4995438155336075e-10,4399.0,ASK
149,1712365590.103186,594668.02790267,4320.0,-0.0,4399.0,ASK
150,1712365593.3526068,594670.34111109,4323.0,4.503219059540283e-11,4399.0,BID
151,1712365599.2159348,594954.73461585,4320.0,-5.536406663304912e-09,4399.0,ASK
152,1712365599.940759,594959.32433331,4319.0,-8.93499390908099e-11,4399.0,ASK
153,1712365599.943117,595036.5232914,4319.0,-1.5028642314830407e-09,4399.0,ASK
154,1712365599.9453838,595170.71757553,4320.0,-2.6124159532468236e-09,4399.0,ASK
155,1712365599.9466796,595177.416742,4319.0,-1.3041546048759336e-10,4399.0,ASK
156,1712365599.9578865,595218.43925242,4318.0,-7.98602275485049e-10,4399.0,ASK
157,1712365599.9589486,595241.59812226,4318.0,-4.5084335313788566e-10,4399.0,ASK
158,1712365599.9599955,595311.10551165,4317.0,-1.353129263949357e-09,4399.0,ASK
159,1712365599.9610386,595312.26461308,4318.0,-2.256470971722461e-11,4399.0,ASK
160,1712365599.9620955,595342.26461308,4317.0,-5.840224798358723e-10,4399.0,ASK
161,1712365600.03781,595502.24974262,4317.0,3.114497069695508e-09,4399.0,BID
162,1712365600.0559871,595659.81619966,4317.0,3.067411765980011e-09,4399.0,BID
163,1712365600.0757265,595739.33582018,4319.0,1.548041532391151e-09,4399.0,BID
164,1712365600.0956564,595819.46622927,4319.0,1.559932007566139e-09,4399.0,BID
165,1712365601.4458275,596087.02182856,4319.0,5.208616153045178e-09,4399.0,BID
166,1712365601.4478004,596136.30856842,4319.0,9.59485467868034e-10,4399.0,BID
167,1712365602.0458243,596193.73875537,4320.0,1.1180173399996052e-09,4399.0,BID
168,1712365603.936107,596340.18110466,4319.0,-2.850854132844746e-09,4399.0,ASK
169,1712365604.016234,596393.73875537,4319.0,1.042629066061068e-09,4399.0,BID
170,1712365604.0176015,596440.99897089,4320.0,9.200342755175267e-10,4399.0,BID
171,1712365605.7128198,596442.20318689,4316.0,-2.3442973820083984e-11,4399.0,ASK
172,1712365605.715117,596487.80742692,4316.0,-8.877967117793438e-10,4399.0,ASK
173,1712365605.7173278,596677.18343295,4317.0,-3.6866614887686875e-09,4399.0,ASK
174,1712365605.719583,596734.64152648,4316.0,-1.118560608999441e-09,4399.0,ASK
175,1712365609.656332,596798.21152648,4320.0,1.2375436347734824e-09,4399.0,BID
176,1712365609.8037136,596844.83286797,4320.0,9.075970490079307e-10,4399.0,BID
177,1712365610.0027626,598056.32677444,4320.0,2.3584655852088892e-08,4399.0,BID
178,1712365610.1906838,598884.72677444,4323.0,1.6126807409868342e-08,4399.0,BID
179,1712365615.7859757,599035.27818726,4321.0,-2.9308469819310398e-09,4399.0,ASK
180,1712365620.1417282,599035.27818726,4321.0,-0.0,4399.0,ASK
181,1712365622.4257782,599040.07353984,4321.0,-9.33188500319706e-11,4399.0,ASK
182,1712365622.4359808,599065.26169073,4321.0,-4.901681860206814e-10,4399.0,ASK
183,1712365622.525684,599075.41642126,4321.0,1.9761378535342606e-10,4399.0,BID
184,1712365622.6260755,599349.13092169,4323.0,5.3265577433451806e-09,4399.0,BID
185,1712365622.725696,599802.48381356,4323.0,8.822369121343189e-09,4399.0,BID
186,1712365622.828545,600510.99649822,4323.0,1.3787847267151904e-08,4399.0,BID
187,1712365626.8858752,600649.74542822,4325.0,2.7000914687063314e-09,4399.0,BID
188,1712365626.8887703,601764.12475018,4325.0,2.1686121111903344e-08,4399.0,BID
189,1712365626.8912916,601764.12475019,4323.0,1.925652433484456e-19,4399.0,BID
190,1712365627.0056076,601766.43635445,4326.0,4.4984440178780026e-11,4399.0,BID
191,1712365629.1162355,601771.08833847,4328.0,9.052885932175278e-11,4399.0,BID
192,1712365633.4559083,602244.61137657,4332.0,9.214885588016137e-09,4399.0,BID
193,1712365633.4573383,602246.91977916,4332.0,4.492213481982188e-11,4399.0,BID
194,1712365633.459146,602249.227649,4333.0,4.4911767363118494e-11,4399.0,BID
195,1712365633.5359774,603026.14681461,4333.0,-1.5119055771730582e-08,4399.0,ASK
196,1712365633.5556924,603308.19564719,4333.0,-5.488746086962832e-09,4399.0,ASK
197,1712365633.9454963,603339.20361872,4335.0,6.03423459844061e-10,4399.0,BID
198,1712365633.9468932,603621.65481916,4335.0,5.496576273660243e-09,4399.0,BID
199,1712365633.9557266,603699.74629695,4335.0,1.5196811460782751e-09,4399.0,BID
200,1712365634.0619464,603702.05257002,4336.0,4.4880693787175926e-11,4399.0,BID
201,1712365638.8361125,603704.35831132,4337.0,4.4870345401228055e-11,4399.0,BID
202,1712365639.715839,603706.6635211,4338.0,4.4860001879251685e-11,4399.0,BID
203,1712365639.718539,603715.96151602,4339.0,1.8094148012318728e-10,4399.0,BID
204,1712365648.5358324,603887.45654748,4339.0,3.3373394041348246e-09,4399.0,BID
205,1712365650.146088,603887.45654748,4339.0,0.0,4399.0,BID
206,1712365650.5261214,603894.41835732,4339.0,1.354233450594648e-10,4399.0,BID
207,1712365650.5275064,604784.67551706,4339.0,1.7317566165266164e-08,4399.0,BID
208,1712365650.5294597,604848.30522827,4339.0,1.2377454333288543e-09,4399.0,BID
209,1712365651.832168,604850.60937574,4340.0,4.4821011356619846e-11,4399.0,BID
210,1712365653.2163732,604851.76260155,4340.0,-2.243291620656804e-11,4399.0,ASK
211,1712365653.7959168,605041.13860758,4342.0,3.683802459388803e-09,4399.0,BID
212,1712365653.7985816,605043.44222426,4341.0,4.481068625887699e-11,4399.0,BID
213,1712365653.8012388,605045.7453104,4342.0,4.4800366027647705e-11,4399.0,BID
214,1712365654.9463017,605673.9626004,4342.0,-1.2220283057218992e-08,4399.0,ASK
215,1712365656.073311,605676.26515624,4343.0,4.4790050461387236e-11,4399.0,BID
216,1712365656.0756934,606316.30799758,4344.0,1.2450317452935798e-08,4399.0,BID
217,1712365656.0777757,606318.61002337,4344.0,4.477973975937579e-11,4399.0,BID
218,1712365656.1604035,606400.69422831,4344.0,-1.5967281303158255e-09,4399.0,ASK
219,1712365656.1625693,606562.46593833,4344.0,-3.1468348906717112e-09,4399.0,ASK
220,1712365656.7092042,606577.91795213,4345.0,3.0057749992697917e-10,4399.0,BID
221,1712365656.7158668,606580.21944811,4345.0,4.476943372686224e-11,4399.0,BID
222,1712365658.8557513,606580.21944909,4342.0,-1.9062964759657857e-17,4399.0,ASK
223,1712365658.8583272,606845.85517009,4342.0,-5.1672307534373805e-09,4399.0,ASK
224,1712365660.4457817,606856.86205551,4340.0,-2.1410944517555056e-10,4399.0,ASK
225,1712365664.3309538,606879.90884048,4339.0,-4.48313410622649e-10,4399.0,ASK
226,1712365672.1857526,606918.81717408,4336.0,7.568573126596526e-10,4399.0,BID
227,1712365672.1883495,607019.61801278,4336.0,1.960810058760965e-09,4399.0,BID
228,1712365672.306109,607102.33336769,4336.0,-1.60900546079951e-09,4399.0,ASK
229,1712365672.3257897,607114.88003009,4326.0,-2.4406167800875827e-10,4399.0,ASK
230,1712365672.328548,607137.46336769,4325.0,-4.392982845930343e-10,4399.0,ASK
231,1712365672.4661496,607242.93913719,4332.0,2.05174830347043e-09,4399.0,BID
232,1712365672.4687436,607325.65449209,4336.0,1.609005460604759e-09,4399.0,BID
233,1712365672.4757965,607596.16429592,4335.0,5.262042966942961e-09,4399.0,BID
234,1712365672.47866,607678.87965083,4336.0,1.609005460797246e-09,4399.0,BID
235,1712365672.481235,607761.57965083,4336.0,1.6087067721949471e-09,4399.0,BID
236,1712365672.4838912,607784.16298843,4335.0,4.392982845930343e-10,4399.0,BID
237,1712365672.4864917,607875.60720494,4336.0,1.7788020601892523e-09,4399.0,BID
238,1712365673.6057055,607877.913478,4336.0,4.486235900870727e-11,4399.0,BID
239,1712365680.0873823,607877.913478,4336.0,0.0,4399.0,BID
240,1712365684.4558048,608325.6167975,4338.0,8.705934868669966e-09,4399.0,BID
241,1712365690.367062,608492.40946593,4325.0,-3.2434115287414526e-09,4399.0,ASK
242,1712365690.3684418,608724.62698038,4325.0,-4.5156479036703716e-09,4399.0,ASK
243,1712365690.3697653,608810.04586325,4324.0,-1.6610357762170215e-09,4399.0,ASK
244,1712365690.4359386,608812.35213632,4324.0,-4.4847250984442925e-11,4399.0,ASK
245,1712365692.785936,608875.0946528,4324.0,-1.2200764170826115e-09,4399.0,ASK
246,1712365692.78888,608997.4146528,4324.0,-2.378606337617437e-09,4399.0,ASK
247,1712365692.7918634,609362.20630117,4322.0,-7.093653750191209e-09,4399.0,ASK
248,1712365692.8002837,609396.20630117,4323.0,-6.611561108488124e-10,4399.0,ASK
249,1712365696.5857403,609409.52687312,4336.0,2.59028751314794e-10,4399.0,BID
250,1712365698.9382305,609456.32239111,4337.0,9.099747846892607e-10,4399.0,BID
251,1712365698.9411569,615683.19797723,4336.0,1.210863778017201e-07,4399.0,BID
252,1712365698.9441082,617215.99064565,4337.0,2.9806330570298385e-08,4399.0,BID
253,1712365698.9469993,617251.99064565,4336.0,7.000476467810955e-10,4399.0,BID
254,1712365699.0158284,617422.31719024,4337.0,-3.312130464572997e-09,4399.0,ASK
255,1712365699.018741,617603.15719024,4337.0,-3.516572678996402e-09,4399.0,ASK
256,1712365699.0436194,617905.71110495,4337.0,-5.8833932226996915e-09,4399.0,ASK
257,1712365699.0485868,621465.67703562,4337.0,-6.922627145517636e-08,4399.0,ASK
258,1712365699.0508797,625289.00679601,4337.0,-7.434758337858718e-08,4399.0,ASK
259,1712365699.0571475,625552.7256144,4337.0,-5.128214950717806e-09,4399.0,ASK
260,1712365699.0584764,629547.3298694,4337.0,-7.767814745929196e-08,4399.0,ASK
261,1712365699.0758471,630238.89280162,4337.0,-1.3447972313933393e-08,4399.0,ASK
262,1712365699.07877,630930.45573384,4337.0,-1.3447972313935656e-08,4399.0,ASK
263,1712365699.1196368,631391.49768865,4337.0,-8.965314875892209e-09,4399.0,ASK
264,1712365699.1358852,632097.05452645,4337.0,-1.3720094554782564e-08,4399.0,ASK
265,1712365699.415845,632531.9118814,4338.0,8.456135222728595e-09,4399.0,BID
266,1712365699.4224188,632619.63703734,4338.0,1.7058830272014643e-09,4399.0,BID
267,1712365699.5361342,632778.98326661,4338.0,3.098609800663704e-09,4399.0,BID
268,1712365699.5558734,632778.98326663,4338.0,3.89371077783446e-19,4399.0,BID
269,1712365699.655767,632800.11136195,4338.0,-4.108520391607322e-10,4399.0,ASK
270,1712365700.5259817,632892.31975275,4338.0,-1.7930629720267995e-09,4399.0,ASK
271,1712365700.5292456,632957.68419883,4338.0,-1.2710618517081575e-09,4399.0,ASK
272,1712365701.6458635,633042.15838806,4338.0,-1.6426654828946691e-09,4399.0,ASK
273,1712365701.6483724,633162.54587456,4337.0,-2.3410271285053566e-09,4399.0,ASK
274,1712365703.3566213,633266.22777499,4344.0,2.016174178050469e-09,4399.0,BID
275,1712365703.358192,633372.97042058,4341.0,2.075692718234911e-09,4399.0,BID
276,1712365705.4861991,633539.37949056,4344.0,3.235952162293054e-09,4399.0,BID
277,1712365710.0964744,633539.37949056,4344.0,0.0,4399.0,BID
278,1712365710.6457322,633580.97055664,4343.0,8.07023929327235e-10,4399.0,BID
279,1712365712.0959764,633707.60404619,4335.0,-2.4571684727863237e-09,4399.0,ASK
280,1712365712.0975316,633964.78355026,4335.0,-4.9902547224490115e-09,4399.0,ASK
281,1712365712.0988636,634792.46446311,4333.0,-1.606013900278291e-08,4399.0,ASK
282,1712365720.5060017,634793.6157062,4339.0,2.233846856331684e-11,4399.0,BID
283,1712365725.836274,634998.31272859,4343.0,3.971896152248986e-09,4399.0,BID
284,1712365725.838006,635137.71272859,4344.0,2.704887043099127e-09,4399.0,BID
285,1712365725.8404355,635140.31056309,4340.0,5.040781118518497e-11,4399.0,BID
286,1712365725.842842,635227.77734917,4344.0,1.697186344110968e-09,4399.0,BID
287,1712365725.845256,635277.34141369,4342.0,9.61730243354536e-10,4399.0,BID
288,1712365725.846842,635515.36687284,4343.0,4.6185938334459374e-09,4399.0,BID
289,1712365725.851206,635622.46319898,4339.0,2.078073636581955e-09,4399.0,BID
290,1712365725.8526132,636084.69736448,4344.0,8.969090424236529e-09,4399.0,BID
291,1712365740.137175,636084.69736448,4344.0,0.0,4399.0,BID
292,1712365740.9780169,636107.92718015,4340.0,-4.50649686365693e-10,4399.0,ASK
293,1712365740.9812152,636205.69736448,4340.0,-1.8967048008477987e-09,4399.0,ASK
294,1712365742.5560174,636236.86264993,4344.0,6.04594815257914e-10,4399.0,BID
295,1712365747.335885,636244.65011539,4344.0,1.5107390075693848e-10,4399.0,BID
296,1712365753.1060226,636249.25416695,4344.0,8.931686850279996e-11,4399.0,BID
297,1712365755.975904,636251.55672278,4343.0,4.4668717021281265e-11,4399.0,BID
298,1712365763.1059468,636274.50795434,4343.0,4.4524525941631935e-10,4399.0,BID
299,1712365769.7362676,636277.27102134,4342.0,5.3602460505033675e-11,4399.0,BID
300,1712365770.1406896,636277.27102134,4342.0,0.0,4399.0,BID
301,1712365771.086096,636288.86080485,4343.0,2.2483379424320384e-10,4399.0,BID
302,1712365771.0894554,636467.49021061,4342.0,3.465287080289981e-09,4399.0,BID
303,1712365775.930984,636470.47950149,4341.0,-5.799017816667966e-11,4399.0,ASK
304,1712365776.1261542,636535.2379577,4340.0,-1.256269317413828e-09,4399.0,ASK
305,1712365776.1344607,636565.87045366,4339.0,-5.942492616798861e-10,4399.0,ASK
306,1712365776.1370113,636964.20182495,4339.0,-7.727353448515038e-09,4399.0,ASK
307,1712365789.095986,637001.84621305,4339.0,-7.30275125604398e-10,4399.0,ASK
308,1712365789.105739,637001.84621306,4339.0,-1.9422040716319865e-19,4399.0,ASK
309,1712365800.127987,637001.84621306,4339.0,-0.0,4399.0,ASK
310,1712365800.3888347,637003.84621306,4339.0,3.9262703629494416e-11,4399.0,BID
311,1712365800.3964398,637316.70623325,4339.0,6.141865125119036e-09,4399.0,BID
312,1712365808.9661112,637484.87237718,4339.0,-3.301328734820257e-09,4399.0,ASK
313,1712365827.4684606,638049.1736671,4339.0,-1.107799715193512e-08,4399.0,ASK
314,1712365827.471879,638349.1736671,4339.0,-5.889405544424164e-09,4399.0,ASK
315,1712365827.47588,638368.00388624,4335.0,-3.6966265668469485e-10,4399.0,ASK
316,1712365827.4791708,638377.41426686,4335.0,-1.8473849266275736e-10,4399.0,ASK
317,1712365827.4809186,638379.72160419,4334.0,-4.529615087966122e-11,4399.0,ASK
318,1712365827.482707,638382.02840926,4335.0,-4.5285701897683406e-11,4399.0,ASK
319,1712365827.484496,638384.33310926,4339.0,-4.524437652703105e-11,4399.0,ASK
320,1712365827.4862988,638592.09189638,4335.0,-4.0785858425577725e-09,4399.0,ASK
321,1712365827.4881096,639166.76098178,4334.0,-1.128153099254764e-08,4399.0,ASK
322,1712365830.096213,639166.76098178,4334.0,-0.0,4399.0,ASK
323,1712365835.8160243,639169.06353761,4343.0,4.5193952833015585e-11,4399.0,BID
324,1712365843.3362224,639170.24027964,4334.0,-2.3096779285873838e-11,4399.0,ASK
325,1712365843.3404524,639369.06353761,4333.0,-3.90244997571365e-09,4399.0,ASK
326,1712365860.1567686,639369.06353761,4333.0,-0.0,4399.0,ASK
327,1712365869.925889,639392.11032258,4339.0,-4.5234837679235614e-10,4399.0,ASK
328,1712365890.1486185,639392.11032258,4339.0,-0.0,4399.0,ASK
329,1712365892.2959132,639451.36644158,4339.0,1.1630410345573694e-09,4399.0,BID
330,1712365892.3961737,639451.36644179,4339.0,4.122004962726328e-18,4399.0,BID
331,1712365893.3859613,639497.42816449,4342.0,9.040699007388543e-10,4399.0,BID
332,1712365896.3560708,639732.44825186,4342.0,4.612823285918982e-09,4399.0,BID
333,1712365898.0193083,639734.46403893,4343.0,3.9564573565471136e-11,4399.0,BID
334,1712365898.0212724,639826.09578365,4343.0,1.798489016422257e-09,4399.0,BID
335,1712365898.0451405,640029.26908589,4343.0,3.987755047400947e-09,4399.0,BID
336,1712365898.0491087,640300.42228669,4343.0,5.322020822554558e-09,4399.0,BID
337,1712365898.2238069,640784.49523573,4343.0,9.501072850424816e-09,4399.0,BID
338,1712365898.285868,640878.14276673,4343.0,1.8380535744845118e-09,4399.0,BID
339,1712365908.566147,640889.97100444,4344.0,2.3215705070308707e-10,4399.0,BID
340,1712365912.3309505,640894.57505601,4344.0,9.036536633784996e-11,4399.0,BID
341,1712365912.332816,641508.21441634,4344.0,1.2044119131105164e-08,4399.0,BID
342,1712365912.3346424,641848.90711011,4344.0,6.686897314828763e-09,4399.0,BID
343,1712365912.4661565,641851.20807652,4346.0,4.51618904357844e-11,4399.0,BID
344,1712365912.4729185,641851.43812022,4347.0,4.5151499510192095e-12,4399.0,BID
345,1712365915.805932,641853.50851361,4347.0,4.06363513322748e-11,4399.0,BID
346,1712365916.0267825,641853.5085142,4347.0,1.1580000638080397e-17,4399.0,BID
347,1712365916.0298626,641978.4451492,4347.0,2.4521760060679555e-09,4399.0,BID
348,1712365916.12669,641980.74505721,4348.0,4.5141116840034356e-11,4399.0,BID
349,1712365916.2258964,641983.04443638,4349.0,4.513073711057528e-11,4399.0,BID
350,1712365916.2280183,642172.42044241,4349.0,3.7169505814815084e-09,4399.0,BID
351,1712365917.6303236,642211.95494806,4350.0,7.75957877899397e-10,4399.0,BID
352,1712365917.6358273,642502.5103783,4350.0,5.702835317014853e-09,4399.0,BID
353,1712365917.710207,642504.80870053,4351.0,4.5109992170071496e-11,4399.0,BID
354,1712365917.7128625,643478.47132305,4351.0,1.9110424423931457e-08,4399.0,BID
355,1712365917.7158947,643726.0387743,4350.0,4.859094883086212e-09,4399.0,BID
356,1712365917.7286856,643850.3998113,4351.0,2.440878538316051e-09,4399.0,BID
357,1712365917.7893114,644422.30153055,4351.0,1.1224919526393152e-08,4399.0,BID
358,1712365920.0960732,644422.30153055,4351.0,0.0,4399.0,BID
359,1712365923.656169,644442.97839046,4351.0,-4.0565802806316677e-10,4399.0,ASK
360,1712365923.659225,644582.37809442,4351.0,-2.7348741185589193e-09,4399.0,ASK
361,1712365923.7362044,644902.53122213,4351.0,-6.281064292659482e-09,4399.0,ASK
362,1712365923.9159818,645062.607786,4351.0,-3.140532146622086e-09,4399.0,ASK
363,1712365924.8815937,645064.90558012,4352.0,4.50802798725614e-11,4399.0,BID
364,1712365925.0162215,645325.65155897,4352.0,-5.115559135476859e-09,4399.0,ASK
365,1712365933.7764535,646995.57693775,4354.0,3.2762162103749874e-08,4399.0,BID
366,1712365933.7784455,646996.72645544,4354.0,2.2552316038535438e-11,4399.0,BID
367,1712365933.780146,647568.58988371,4355.0,1.1219353017962286e-08,4399.0,BID
368,1712365933.7818382,647570.88714997,4353.0,4.5069923819776396e-11,4399.0,BID
369,1712365933.7835329,647573.18388861,4354.0,4.5059572474201936e-11,4399.0,BID
370,1712365933.78521,647622.24810688,4355.0,9.625878454701991e-10,4399.0,BID
371,1712365937.7660034,647629.13674063,4355.0,1.3514767693196002e-10,4399.0,BID
372,1712365937.9759662,647732.7818182,4355.0,2.0334063280627404e-09,4399.0,BID
373,1712365942.2061791,647881.46550751,4355.0,2.917016049493181e-09,4399.0,BID
374,1712365942.2100408,647885.94499633,4355.0,8.788281244547884e-11,4399.0,BID
375,1712365945.2360785,647888.24068045,4356.0,4.503888391382048e-11,4399.0,BID
376,1712365945.2459896,647991.38857689,4356.0,2.02365216240799e-09,4399.0,BID
377,1712365949.0643463,648001.96381909,4356.0,-2.0747501873264638e-10,4399.0,ASK
378,1712365950.108098,648001.96381909,4356.0,-0.0,4399.0,ASK
379,1712365958.8560853,648008.84929075,4357.0,1.3504435004797066e-10,4399.0,BID
380,1712365958.8592186,648124.33196908,4357.0,2.2649549670795757e-09,4399.0,BID
381,1712365960.6661172,648133.41993122,4357.0,-1.7824166608564627e-10,4399.0,ASK
382,1712365962.9159892,648362.82095253,4357.0,4.499228717092304e-09,4399.0,BID
383,1712365963.1774206,648408.72409689,4357.0,9.002956662078836e-10,4399.0,BID
384,1712365963.6965127,648438.48125687,4356.0,-5.836254257135931e-10,4399.0,ASK
385,1712365963.700747,648685.87936164,4356.0,-4.85220445479674e-09,4399.0,ASK
386,1712365964.6163208,648697.40009897,4356.0,-2.2595554257591728e-10,4399.0,ASK
387,1712365966.5259967,649225.18864895,4358.0,1.0351485739085097e-08,4399.0,BID
388,1712365966.5279012,651006.43801759,4357.0,3.493553893492587e-08,4399.0,BID
389,1712365979.099717,651137.4312635,4358.0,2.5691628153089483e-09,4399.0,BID
390,1712365980.1471882,651137.4312635,4358.0,0.0,4399.0,BID
391,1712365989.206879,651378.42763944,4358.0,4.725381585832452e-09,4399.0,BID
392,1712365989.2087443,652061.08094124,4358.0,1.3385252492906954e-08,4399.0,BID
393,1712365989.2105336,652620.42315915,4358.0,1.0967407316318625e-08,4399.0,BID
394,1712365990.086105,652622.71726331,4359.0,4.498207705825959e-11,4399.0,BID
395,1712365990.0900552,652647.05237574,4359.0,4.77155275541062e-10,4399.0,BID
396,1712365990.1051507,652994.91422341,4359.0,6.820766341325071e-09,4399.0,BID
397,1712365990.8158724,653041.8202472,4359.0,9.19718648122273e-10,4399.0,BID
398,1712365990.916262,653043.0244632,4360.0,2.361189080029424e-11,4399.0,BID
399,1712365990.9202037,653541.61770701,4360.0,9.77626042686388e-09,4399.0,BID
400,1712365990.9240754,653543.911285,4360.0,4.4971760083438396e-11,4399.0,BID
401,1712365990.9960124,653577.17002222,4360.0,6.52126920225369e-10,4399.0,BID
402,1712365991.0161786,653670.54368089,4360.0,1.830841503570072e-09,4399.0,BID
403,1712365991.0362248,653672.83673295,4361.0,4.4961447810845774e-11,4399.0,BID
404,1712365991.04026,653675.23673295,4361.0,4.705844957987856e-11,4399.0,BID
405,1712366001.3225667,653703.42673295,4358.0,-5.52740705686148e-10,4399.0,ASK
406,1712366005.4563532,654163.72592742,4358.0,-9.025402681004936e-09,4399.0,ASK
407,1712366006.1963198,654201.54592742,4358.0,-7.4156273462367e-10,4399.0,ASK
408,1712366010.153828,654201.54592742,4358.0,-0.0,4399.0,ASK
409,1712366021.5361943,654259.34244038,4359.0,-1.132959274788364e-09,4399.0,ASK
410,1712366021.5402887,654399.2533021,4358.0,-2.7426102425766702e-09,4399.0,ASK
411,1712366040.0924816,654399.2533021,4358.0,-0.0,4399.0,ASK
412,1712366041.1060135,654516.27946088,4358.0,-2.293972866878365e-09,4399.0,ASK
413,1712366041.1866105,654573.64522499,4358.0,-1.1244965034142555e-09,4399.0,ASK
414,1712366041.1906393,654797.99885817,4358.0,-4.397829959267432e-09,4399.0,ASK
415,1712366041.194513,654826.39131202,4358.0,-5.56555213253509e-10,4399.0,ASK
416,1712366057.9159095,654862.77131202,4358.0,-7.13128874493361e-10,4399.0,ASK
417,1712366060.0759895,655400.7932988,4358.0,-1.0546426989693428e-08,4399.0,ASK
418,1712366070.0986934,655400.7932988,4358.0,-0.0,4399.0,ASK
419,1712366075.566213,659806.28306282,4358.0,-8.635000505327193e-08,4399.0,ASK
420,1712366075.5708494,659966.90720233,4358.0,-3.1483208454235476e-09,4399.0,ASK
421,1712366075.7660725,660326.28802582,4356.0,-7.044060385263893e-09,4399.0,ASK
422,1712366089.2662263,660384.37109144,4358.0,1.138459803210048e-09,4399.0,BID
423,1712366090.6103687,660407.32793257,4356.0,-4.4996662204873156e-10,4399.0,ASK
424,1712366092.7760377,660494.47829987,4356.0,1.708194788741236e-09,4399.0,BID
425,1712366093.7862806,660586.2101853,4352.0,-1.7979950458886963e-09,4399.0,ASK
426,1712366096.257923,660610.76136185,4353.0,-4.812164668884281e-10,4399.0,ASK
427,1712366097.196223,660611.93216074,4356.0,2.2948297576063088e-11,4399.0,BID
428,1712366097.3966172,660613.56800919,4356.0,3.206352289779264e-11,4399.0,BID
429,1712366099.1109295,660636.51431483,4358.0,4.4976012068938786e-10,4399.0,BID
430,1712366100.129243,660636.51431483,4358.0,0.0,4399.0,BID
431,1712366102.206092,660659.46062047,4358.0,4.5677787684733403e-10,4399.0,BID
432,1712366103.0260844,660752.35831333,4356.0,-1.8492567637795827e-09,4399.0,ASK
433,1712366103.0304213,660795.1401866,4356.0,-8.516322211688067e-10,4399.0,ASK
434,1712366104.6962004,661086.93879295,4353.0,-5.808653905618745e-09,4399.0,ASK
435,1712366107.226095,661547.38243424,4353.0,-9.16576603552538e-09,4399.0,ASK
436,1712366118.326102,661606.63855324,4354.0,-1.1795748148587783e-09,4399.0,ASK
437,1712366118.4060636,661612.24462992,4354.0,-1.1159669201252995e-10,4399.0,ASK
438,1712366119.030511,663909.51088308,4353.0,-4.57302547143064e-08,4399.0,ASK
439,1712366123.1060991,663919.94078279,4353.0,-2.0762154570755074e-10,4399.0,ASK
440,1712366123.8660796,665057.97969463,4356.0,2.265423489404053e-08,4399.0,BID
441,1712366126.536163,665074.62151156,4356.0,3.312783296547897e-10,4399.0,BID
442,1712366126.5402994,665414.92194066,4356.0,6.774149614012682e-09,4399.0,BID
443,1712366126.6047442,665444.19380601,4356.0,5.82696871368443e-10,4399.0,BID
444,1712366130.0913465,665444.19380601,4356.0,0.0,4399.0,BID
445,1712366133.515164,665499.43395325,4358.0,1.09917332988426e-09,4399.0,BID
446,1712366133.5189905,665839.34437282,4358.0,6.76356755744965e-09,4399.0,BID
447,1712366143.68616,666080.34074877,4363.0,4.7953671790952795e-09,4399.0,BID
448,1712366143.696152,667324.26765046,4361.0,2.4751767382568443e-08,4399.0,BID
449,1712366143.6994936,677645.1609026,4363.0,2.053660457139637e-07,4399.0,BID
450,1712366143.7027977,677646.866865,4363.0,3.394539054477914e-11,4399.0,BID
451,1712366143.7061186,677672.24341722,4362.0,5.0494487792403e-10,4399.0,BID
452,1712366143.7082295,677674.53541814,4363.0,4.5606436790249656e-11,4399.0,BID
453,1712366160.148891,677674.53541814,4363.0,0.0,4399.0,BID
454,1712366167.6965168,679999.53541814,4363.0,4.621399036619968e-08,4399.0,BID
455,1712366167.7013366,687829.07947685,4363.0,1.556277306240685e-07,4399.0,BID
456,1712366167.706313,687874.91949519,4363.0,9.111613617001703e-10,4399.0,BID
457,1712366167.816254,688036.59001506,4364.0,3.213522515170329e-09,4399.0,BID
458,1712366167.8215024,688038.88149078,4364.0,4.5547628752127576e-11,4399.0,BID
459,1712366167.8962162,688059.12876376,4364.0,4.0245474341353726e-10,4399.0,BID
460,1712366167.9014418,688061.41971451,4365.0,4.5537193931171504e-11,4399.0,BID
461,1712366167.9057553,688084.23108258,4365.0,4.5342122332489484e-10,4399.0,BID
462,1712366167.9099002,688262.19425268,4365.0,3.537371281092436e-09,4399.0,BID
463,1712366169.516284,688263.34061091,4366.0,2.278614545963996e-11,4399.0,BID
464,1712366169.5190942,688576.20538674,4366.0,6.218808488659717e-09,4399.0,BID
465,1712366169.8184056,688636.72556554,4366.0,1.202958692483054e-09,4399.0,BID
466,1712366171.1460617,688657.78822473,4366.0,-4.1866216296322895e-10,4399.0,ASK
467,1712366171.1517396,688682.81729184,4366.0,-4.975023941067678e-10,4399.0,ASK
468,1712366171.2260284,688685.10719338,4367.0,4.551633880026316e-11,4399.0,BID
469,1712366174.3018973,688695.10719338,4367.0,-1.9876985103741798e-10,4399.0,ASK
470,1712366175.2162037,688697.39657067,4368.0,4.5505918288994135e-11,4399.0,BID
471,1712366175.22598,688746.53539113,4368.0,9.76731602300178e-10,4399.0,BID
472,1712366178.5163116,689083.27142592,4368.0,6.693297147412669e-09,4399.0,BID
473,1712366178.6012878,689682.9462462,4368.0,1.1919727469795632e-08,4399.0,BID
474,1712366179.415963,689750.27987428,4368.0,1.3383895223264615e-09,4399.0,BID
475,1712366180.686141,692874.10486654,4368.0,6.209222283784765e-08,4399.0,BID
476,1712366180.7685993,692956.10035593,4368.0,1.629823121181061e-09,4399.0,BID
477,1712366180.8507366,693234.84431616,4368.0,5.540589545247973e-09,4399.0,BID
478,1712366180.854291,693504.84431616,4368.0,5.366785978010286e-09,4399.0,BID
479,1712366182.0261292,693507.13316945,4369.0,4.5495502750480206e-11,4399.0,BID
480,1712366182.0305884,693744.42452714,4369.0,4.716636782050852e-09,4399.0,BID
481,1712366182.1120255,693847.42292474,4369.0,2.0472976148049152e-09,4399.0,BID
482,1712366184.1560285,693875.64438733,4369.0,5.60957591507988e-10,4399.0,BID
483,1712366184.1581452,693912.14705598,4369.0,7.255630010029909e-10,4399.0,BID
484,1712366184.160188,693914.4353855,4370.0,4.5485091779773896e-11,4399.0,BID
485,1712366184.162304,694244.72209991,4370.0,6.565104102292586e-09,4399.0,BID
486,1712366190.1508873,694244.72209991,4370.0,0.0,4399.0,BID
487,1712366191.0861847,694247.00990591,4371.0,4.5409403804139806e-11,4399.0,BID
488,1712366191.1863177,694296.33053433,4371.0,-9.7893804449245e-10,4399.0,ASK
489,1712366191.1964324,694359.91945058,4370.0,-1.2621414470863566e-09,4399.0,ASK
490,1712366191.366174,694475.84285786,4370.0,2.300899993958841e-09,4399.0,BID
491,1712366194.2161608,694495.84285786,4372.0,3.969690070274109e-10,4399.0,BID
492,1712366194.2206206,694498.13014057,4372.0,4.539901730826118e-11,4399.0,BID
493,1712366194.3759923,694528.33702621,4371.0,-5.99559869895936e-10,4399.0,ASK
494,1712366195.32598,694565.64527728,4374.0,7.40510969058867e-10,4399.0,BID
495,1712366195.3305216,694567.93203695,4373.0,4.5388635775688236e-11,4399.0,BID
496,1712366196.907761,694767.93203695,4374.0,3.969690070274109e-09,4399.0,BID
497,1712366196.9700854,695900.15490585,4374.0,2.2472869400046604e-08,4399.0,BID
498,1712366196.9860623,696031.40907075,4374.0,2.605191775429217e-09,4399.0,BID
499,1712366196.9962423,696184.78977804,4374.0,3.0443693535041303e-09,4399.0,BID
500,1712366197.1405177,696504.23136682,4374.0,6.340420515063308e-09,4399.0,BID
501,1712366197.1485105,697006.78500282,4374.0,9.974910893044953e-09,4399.0,BID
502,1712366197.328112,697168.01446005,4374.0,3.20015487700955e-09,4399.0,BID
503,1712366198.036145,697651.81100676,4374.0,9.602611737537094e-09,4399.0,BID
504,1712366198.0420847,697666.18557483,4374.0,2.8531290066082716e-10,4399.0,BID
505,1712366198.116535,697668.47128912,4375.0,4.536788660225276e-11,4399.0,BID
506,1712366198.120744,697771.38047077,4375.0,2.0425877826784726e-09,4399.0,BID
507,1712366198.124964,697826.9698779,4375.0,1.103363587482486e-09,4399.0,BID
508,1712366198.1292348,698072.96358209,4376.0,4.882593824365187e-09,4399.0,BID
509,1712366198.1960585,698808.92022209,4376.0,1.4607598829801276e-08,4399.0,BID
510,1712366198.6161158,698885.30637941,4376.0,1.5161468510979487e-09,4399.0,BID
511,1712366198.6203897,698895.30637941,4376.0,1.9848450351370544e-10,4399.0,BID
512,1712366199.275979,698896.48351909,4376.0,2.3364398495459867e-11,4399.0,BID
513,1712366199.2794812,699309.95180815,4377.0,8.206704807274576e-09,4399.0,BID
514,1712366199.2859466,699312.23647802,4377.0,4.5347156482550425e-11,4399.0,BID
515,1712366199.9260943,699314.52062604,4378.0,4.5336798569582186e-11,4399.0,BID
516,1712366199.9314644,699325.94136611,4378.0,2.2668399225638108e-10,4399.0,BID
517,1712366200.8267517,699337.35428554,4381.0,2.2652876466947062e-10,4399.0,BID
518,1712366200.8323114,699338.49697961,4380.0,2.268070651527848e-11,4399.0,BID
519,1712366200.83696,699969.85272419,4382.0,1.2531433150349502e-08,4399.0,BID
520,1712366200.8412464,700134.40402936,4381.0,3.2660884109210503e-09,4399.0,BID
521,1712366200.8455462,700136.68765576,4379.0,4.532644522017485e-11,4399.0,BID
522,1712366200.8482409,700138.97023965,4381.0,4.530575301384309e-11,4399.0,BID
523,1712366200.8506966,700233.37591525,4380.0,1.873806365035186e-09,4399.0,BID
524,1712366200.8532412,700235.65797824,4382.0,4.529541395589094e-11,4399.0,BID
525,1712366200.8558035,700237.94108327,4380.0,4.53160968340732e-11,4399.0,BID
526,1712366201.2261252,700283.60318373,4375.0,-9.063219339202207e-10,4399.0,ASK
527,1712366202.116145,700461.13810841,4375.0,-3.5237931381456437e-09,4399.0,ASK
528,1712366202.1197531,700604.85201398,4375.0,-2.8524983195073203e-09,4399.0,ASK
529,1712366203.636298,711909.77139974,4382.0,2.243851311545033e-07,4399.0,BID
530,1712366206.8963733,712083.57446864,4380.0,3.4497215839777862e-09,4399.0,BID
531,1712366207.5360997,712086.10547875,4375.0,-5.0236628505786925e-11,4399.0,ASK
532,1712366208.3861246,712286.10547875,4380.0,3.969690070274109e-09,4399.0,BID
533,1712366210.93631,712946.10547875,4380.0,1.309997723190456e-08,4399.0,BID
534,1712366210.9962957,714490.00547875,4380.0,3.064402249748144e-08,4399.0,BID
535,1712366211.0013857,719934.04820161,4380.0,1.0805581169542689e-07,4399.0,BID
536,1712366211.0962863,719935.19063485,4381.0,2.267552944314064e-11,4399.0,BID
537,1712366211.1012294,720171.03729156,4383.0,4.68119065624568e-09,4399.0,BID
538,1712366211.1060772,720300.04820161,4383.0,2.560666642912797e-09,4399.0,BID
539,1712366211.116081,720302.32870333,4385.0,4.526442516622782e-11,4399.0,BID
540,1712366211.1184068,720309.17020847,4385.0,1.3579327509893862e-10,4399.0,BID
541,1712366211.12219,720408.31353069,4383.0,1.967841308755034e-09,4399.0,BID
542,1712366211.1259558,720411.73529165,4384.0,6.791665252914351e-11,4399.0,BID
543,1712366211.129742,720754.04820161,4385.0,6.794380797972883e-09,4399.0,BID
544,1712366211.1359715,720847.04820161,4385.0,1.8459058826774603e-09,4399.0,BID
545,1712366211.5961044,720881.25572727,4380.0,-6.789663747067568e-10,4399.0,ASK
546,1712366211.8762422,721039.9630018,4380.0,-3.150093458909375e-09,4399.0,ASK
547,1712366212.7868288,721632.62363656,4385.0,1.1763395184246532e-08,4399.0,BID
548,1712366212.791967,722090.91435357,4386.0,9.096360543065418e-09,4399.0,BID
549,1712366212.7957363,723836.94329035,4385.0,3.4655968663735275e-08,4399.0,BID
550,1712366212.7979836,724264.88949505,4387.0,8.494068997043922e-09,4399.0,BID
551,1712366212.8002465,724492.93966609,4385.0,4.526442497508971e-09,4399.0,BID
552,1712366212.8025098,724495.21964786,4386.0,4.5254104965602415e-11,4399.0,BID
553,1712366212.8048208,724499.12472611,4387.0,7.750975176301425e-11,4399.0,BID
554,1712366212.8071425,724503.57115695,4388.0,8.825476176749928e-11,4399.0,BID
555,1712366212.8094275,724731.51736165,4387.0,4.524378926772122e-09,4399.0,BID
556,1712366212.811751,727010.86562531,4388.0,4.524153084473777e-08,4399.0,BID
557,1712366215.758611,727015.61708355,4389.0,9.430908297274342e-11,4399.0,BID
558,1712366215.7609603,727108.71657167,4389.0,1.847880567689031e-09,4399.0,BID
559,1712366215.7632604,727336.55890478,4389.0,4.5223172366729334e-09,4399.0,BID
560,1712366216.1760411,727414.40639308,4389.0,-1.545152006502638e-09,4399.0,ASK
561,1712366216.1800978,727564.45316185,4388.0,-2.9781958403143476e-09,4399.0,ASK
562,1712366216.1960037,727566.73106618,4390.0,4.5212871000254715e-11,4399.0,BID
563,1712366216.1999738,727566.95885661,4390.0,4.521287039486082e-12,4399.0,BID
564,1712366216.215937,727766.95885661,4390.0,3.969690070274109e-09,4399.0,BID
565,1712366217.016094,727802.670222,4388.0,-7.08815262922807e-10,4399.0,ASK
566,1712366217.3962374,727812.670222,4390.0,1.9848450351370544e-10,4399.0,BID
567,1712366218.9261253,728059.31956255,4390.0,4.895607190106271e-09,4399.0,BID
568,1712366218.931317,728172.30202341,4390.0,2.242526764953989e-09,4399.0,BID
569,1712366219.8180912,728181.27558591,4390.0,1.7811130975565295e-10,4399.0,BID
570,1712366219.8205392,728405.07826044,4390.0,4.442136273914115e-09,4399.0,BID
571,1712366219.8229084,729878.50930938,4390.0,2.9245323021052146e-08,4399.0,BID
572,1712366220.0162027,729901.28835267,4390.0,4.5212870979458734e-10,4399.0,BID
573,1712366220.0214038,730009.21413986,4390.0,2.1421596286728096e-09,4399.0,BID
574,1712366220.095912,730009.21413986,4390.0,0.0,4399.0,BID
575,1712366220.2684224,730017.37954682,4390.0,1.6156811182788428e-10,4399.0,BID
576,1712366220.2708864,730019.65693239,4391.0,4.506240635067816e-11,4399.0,BID
577,1712366220.2732794,730034.23285209,4391.0,2.8841230273641795e-10,4399.0,BID
578,1712366220.636285,730036.24799099,4390.0,3.987335704697337e-11,4399.0,BID
579,1712366220.6389346,730089.81503908,4390.0,1.059925960645579e-09,4399.0,BID
580,1712366220.9360874,730302.97767552,4391.0,4.217828315331578e-09,4399.0,BID
581,1712366220.940273,730355.3949958,4391.0,1.037176408506972e-09,4399.0,BID
582,1712366224.0669568,730367.68489734,4391.0,2.431790841673787e-10,4399.0,BID
583,1712366224.0757113,730551.25355588,4391.0,3.6322551584476942e-09,4399.0,BID
584,1712366224.1263175,730705.46455221,4391.0,-3.051357957091073e-09,4399.0,ASK
585,1712366225.1161542,730705.46455223,4391.0,-3.962017641448192e-19,4399.0,ASK
586,1712366225.7160797,730883.47432434,4390.0,3.522262014350244e-09,4399.0,BID
587,1712366225.8360677,730901.86236787,4391.0,-3.6384242548262174e-10,4399.0,ASK
588,1712366225.9560094,730901.86236789,4391.0,-3.938982655160702e-19,4399.0,ASK
589,1712366226.0160837,730907.21907267,4391.0,1.0599259549121708e-10,4399.0,BID
590,1712366226.1159134,731173.97976175,4391.0,-5.278367759987755e-09,4399.0,ASK
591,1712366226.1560688,731692.08556647,4391.0,-1.025170907051037e-08,4399.0,ASK
592,1712366226.2762542,731694.36243351,4392.0,4.5052146247599404e-11,4399.0,BID
593,1712366226.280432,732480.49758475,4392.0,1.5555179631634563e-08,4399.0,BID
594,1712366226.2845328,732482.77393349,4393.0,4.504189069853743e-11,4399.0,BID
595,1712366226.287607,732615.56448886,4392.0,2.6275137791584e-09,4399.0,BID
596,1712366226.2899442,735307.96245607,4393.0,5.3274216213005844e-08,4399.0,BID
597,1712366226.2922993,736178.55742084,4392.0,1.7226377731659433e-08,4399.0,BID
598,1712366226.8836217,736241.67960326,4392.0,-1.2489924725221592e-09,4399.0,ASK
599,1712366226.886145,736735.96611196,4392.0,-9.78039898126289e-09,4399.0,ASK
600,1712366226.9573214,737322.72218056,4392.0,-1.1610085152189057e-08,4399.0,ASK
601,1712366228.146201,737370.07181805,4388.0,-9.369026629683426e-10,4399.0,ASK
602,1712366228.413572,737456.49726019,4388.0,-1.710091801785281e-09,4399.0,ASK
603,1712366228.5060854,737658.71227498,4388.0,-4.0012087925491525e-09,4399.0,ASK
604,1712366228.6259062,738582.01664453,4388.0,-1.8269333587704576e-08,4399.0,ASK
605,1712366228.726169,738641.77262742,4385.0,-1.1823858104464276e-09,4399.0,ASK
606,1712366228.731696,738641.77262743,4388.0,-1.981008820724096e-19,4399.0,ASK
607,1712366229.206243,738831.1486235,4388.0,3.747164380249491e-09,4399.0,BID
608,1712366229.210304,738875.04327454,4385.0,8.685391827572012e-10,4399.0,BID
609,1712366229.214345,738961.25527186,4391.0,1.705868389933191e-09,4399.0,BID
610,1712366229.216951,738965.75537917,4390.0,8.904318482220171e-11,4399.0,BID
611,1712366229.2194023,739155.1313852,4391.0,3.74716457732762e-09,4399.0,BID
612,1712366230.3361824,739157.28810501,4390.0,4.267480471804744e-11,4399.0,BID
613,1712366233.9463534,739393.01531798,4391.0,4.664311392294513e-09,4399.0,BID
614,1712366233.9490678,739699.85539434,4391.0,6.071414690510562e-09,4399.0,BID
615,1712366233.952917,739749.77437155,4391.0,9.87741937634387e-10,4399.0,BID
616,1712366236.396057,739751.43429776,4382.0,-3.2844798164902814e-11,4399.0,ASK
617,1712366238.931937,739797.92277754,4391.0,9.19863019277875e-10,4399.0,BID
618,1712366238.936735,739846.71652776,4390.0,9.6547718083303e-10,4399.0,BID
619,1712366238.940951,739865.31468804,4391.0,3.679999851370488e-10,4399.0,BID
620,1712366239.6262066,739881.93761405,4391.0,3.2891621711851096e-10,4399.0,BID
621,1712366240.4160044,739890.18591221,4382.0,-1.6320827192656695e-10,4399.0,ASK
622,1712366240.418793,739892.46801221,4382.0,-4.5155690316904585e-11,4399.0,ASK
623,1712366240.5408745,739902.61447396,4382.0,2.0076704991287044e-10,4399.0,BID
624,1712366244.7962327,741039.07345606,4390.0,2.2487003135107253e-08,4399.0,BID
625,1712366244.802159,741222.05046484,4390.0,3.6205482423001195e-09,4399.0,BID
626,1712366244.9763796,741247.71336792,4380.0,-5.077893624893152e-10,4399.0,ASK
627,1712366244.9819944,741334.84102021,4383.0,-1.7239863655947815e-09,4399.0,ASK
628,1712366250.0861902,741334.84102021,4383.0,-0.0,4399.0,ASK
629,1712366251.4762144,742038.45063734,4388.0,1.39085684795734e-08,4399.0,BID
630,1712366255.4966598,743404.45063734,4376.0,-2.7002337774451605e-08,4399.0,ASK
631,1712366255.5036182,743726.38984763,4379.0,-6.363917495675839e-09,4399.0,ASK
632,1712366255.5110362,744006.57882078,4376.0,-5.538621737681257e-09,4399.0,ASK
633,1712366255.5141397,744029.39945062,4382.0,-4.511056772810408e-10,4399.0,ASK
634,1712366255.5172465,744145.60982304,4380.0,-2.297182817699314e-09,4399.0,ASK
635,1712366255.5203447,745245.39821116,4378.0,-2.1740012837801028e-08,4399.0,ASK
636,1712366255.5961654,746330.62955116,4376.0,2.1452257105492145e-08,4399.0,BID
637,1712366255.616114,747626.47233255,4376.0,2.5615508408254923e-08,4399.0,BID
638,1712366255.626063,747779.38173019,4376.0,3.022628992653072e-09,4399.0,BID
639,1712366256.1067572,747846.28173019,4382.0,1.322442457621845e-09,4399.0,BID
640,1712366256.226104,747862.37346912,4382.0,3.1809265736851957e-10,4399.0,BID
641,1712366256.3461502,747868.37346912,4380.0,-1.1860470471940674e-10,4399.0,ASK
642,1712366256.4462185,747992.78618021,4382.0,2.459322143693917e-09,4399.0,BID
643,1712366257.0487764,747995.33152435,4382.0,5.0314965022948926e-11,4399.0,BID
644,1712366257.0540285,748013.28880591,4385.0,3.549696794989281e-10,4399.0,BID
645,1712366257.0590093,748015.57560591,4382.0,4.5204206458756366e-11,4399.0,BID
646,1712366257.1260183,748056.18104466,4380.0,-8.026660121577048e-10,4399.0,ASK
647,1712366257.3267963,748065.07180862,4385.0,1.7574773903357514e-10,4399.0,BID
648,1712366258.4361165,748075.06838786,4385.0,1.976068881599312e-10,4399.0,BID
649,1712366259.3160093,748093.68754407,4385.0,3.6805325406829256e-10,4399.0,BID
650,1712366260.2459934,748106.71126128,4385.0,2.5744568900776057e-10,4399.0,BID
651,1712366260.3659835,748112.71126128,4377.0,-1.1860470471940674e-10,4399.0,ASK
652,1712366261.0660384,748133.06063414,4385.0,4.0225522654844286e-10,4399.0,BID
653,1712366261.1861124,748161.06063414,4376.0,-5.53488622023898e-10,4399.0,ASK
654,1712366262.226087,748182.53611874,4385.0,4.245155849470364e-10,4399.0,BID
655,1712366262.33976,748188.53611874,4376.0,-1.1860470471940674e-10,4399.0,ASK
656,1712366263.4562683,748210.49757826,4385.0,4.34122070263593e-10,4399.0,BID
657,1712366263.576043,748231.49757826,4376.0,-4.1511646651792366e-10,4399.0,ASK
658,1712366264.1570933,748240.82026925,4385.0,1.8428583534198955e-10,4399.0,BID
659,1712366264.2762363,748260.82026925,4376.0,-3.9534901573135587e-10,4399.0,ASK
660,1712366265.176299,748266.36576525,4385.0,1.09620319268955e-10,4399.0,BID
661,1712366266.1461082,748289.15345054,4385.0,4.5045444750945436e-10,4399.0,BID
662,1712366266.2665703,748296.15345054,4376.0,-1.3837215550597456e-10,4399.0,ASK
663,1712366266.846057,748314.40478486,4376.0,-3.6078235295858806e-10,4399.0,ASK
664,1712366267.2460573,748323.16373582,4385.0,1.7314213204390892e-10,4399.0,BID
665,1712366267.3259928,748343.16373582,4376.0,-3.9534901573135587e-10,4399.0,ASK
666,1712366268.016974,748434.06086082,4384.0,-1.79680444507835e-09,4399.0,ASK
667,1712366268.0227745,748434.06086173,4384.0,-1.7988747311593085e-17,4399.0,ASK
668,1712366268.37615,748453.8815734,4384.0,3.918049424910352e-10,4399.0,BID
669,1712366268.5561483,748467.8815734,4377.0,-2.7674431101194907e-10,4399.0,ASK
670,1712366269.1560917,748474.16601683,4384.0,1.2422742622389902e-10,4399.0,BID
671,1712366270.1564145,748484.85338446,4385.0,2.1126201366315868e-10,4399.0,BID
672,1712366270.166039,748488.81367931,4385.0,7.828493354874421e-11,4399.0,BID
673,1712366270.306048,748508.81367931,4377.0,-3.9534901573135587e-10,4399.0,ASK
674,1712366271.1059306,748520.35907164,4384.0,2.2822297469333086e-10,4399.0,BID
675,1712366271.24617,748545.35907164,4378.0,-4.941862696641944e-10,4399.0,ASK
676,1712366272.2260642,748555.41612321,4382.0,1.9880227196870667e-10,4399.0,BID
677,1712366272.326237,748564.41612321,4378.0,-1.7790705707911014e-10,4399.0,ASK
678,1712366273.3565834,748572.14204744,4382.0,1.5272182699854702e-10,4399.0,BID
679,1712366273.5761557,748580.14204744,4378.0,-1.5813960629254235e-10,4399.0,ASK
680,1712366274.256177,748582.35907164,4382.0,4.3824916764102156e-11,4399.0,BID
681,1712366274.262156,748596.35085995,4384.0,2.7658198683397604e-10,4399.0,BID
682,1712366274.3569531,748612.35085995,4378.0,-3.1627921258508465e-10,4399.0,ASK
683,1712366275.1383345,748617.85975593,4384.0,1.0889683017450895e-10,4399.0,BID
684,1712366275.2560167,748627.85975593,4378.0,-1.9767450786567798e-10,4399.0,ASK
685,1712366276.0467064,748630.19575045,4384.0,4.617665671162997e-11,4399.0,BID
686,1712366277.246353,748632.60565008,4384.0,4.763757233662745e-11,4399.0,BID
687,1712366278.436113,748643.18959168,4384.0,2.0921754470464687e-10,4399.0,BID
688,1712366278.5761116,748667.18959168,4380.0,-4.744188188776271e-10,4399.0,ASK
689,1712366279.1760364,748682.46080518,4384.0,3.018729613136453e-10,4399.0,BID
690,1712366279.276189,748698.46080518,4380.0,-3.1627921258508465e-10,4399.0,ASK
691,1712366280.150708,748698.46080518,4380.0,-0.0,4399.0,ASK
692,1712366280.1560826,748795.46111889,4384.0,1.9162276918501313e-09,4399.0,BID
693,1712366280.1661646,748819.36714078,4384.0,4.722601339678682e-10,4399.0,BID
694,1712366280.3330235,748844.36714078,4380.0,-4.938715192148545e-10,4399.0,ASK
695,1712366281.0859673,748863.80780714,4382.0,3.840476571921146e-10,4399.0,BID
696,1712366281.2710674,748874.80780714,4380.0,-2.1730346845453598e-10,4399.0,ASK
697,1712366282.2059586,748891.3936127,4382.0,3.2765027957270637e-10,4399.0,BID
698,1712366282.2960808,748907.3936127,4380.0,-3.1607777229750687e-10,4399.0,ASK
699,1712366283.3760183,749107.3936127,4382.0,3.9509721537188364e-09,4399.0,BID
700,1712366283.456236,749127.46116176,4382.0,3.9643163764688556e-10,4399.0,BID
701,1712366283.5963354,749138.46116176,4380.0,-2.1730346845453598e-10,4399.0,ASK
702,1712366283.9961402,749415.22327328,4382.0,5.467396979098333e-09,4399.0,BID
703,1712366284.2566893,749421.52336456,4382.0,1.2445742606622623e-10,4399.0,BID
704,1712366284.3761168,749654.54439966,4382.0,4.603298104553884e-09,4399.0,BID
705,1712366284.5761223,750450.98437968,4382.0,1.5733560915837982e-08,4399.0,BID
706,1712366284.676339,750839.00983768,4382.0,7.665388897460351e-09,4399.0,BID
707,1712366285.247145,750839.0098385,4382.0,1.6197269362538218e-17,4399.0,BID
708,1712366285.2521117,750848.29564972,4384.0,1.8343990777579206e-10,4399.0,BID
709,1712366285.3464165,750858.29564972,4382.0,-1.9754860768594176e-10,4399.0,ASK
710,1712366285.666136,751012.29564972,4384.0,3.0422485583635035e-09,4399.0,BID
711,1712366286.266139,751037.11100398,4384.0,4.902238683303107e-10,4399.0,BID
712,1712366286.2711182,751486.60589072,4384.0,8.8797089037436e-09,4399.0,BID
713,1712366286.3018637,751504.80707685,4384.0,3.5956189782022707e-10,4399.0,BID
714,1712366286.3518453,751547.83950685,4384.0,8.50099663184692e-10,4399.0,BID
715,1712366286.366277,751709.59711966,4384.0,3.195499119321805e-09,4399.0,BID
716,1712366286.4261124,751736.59711966,4384.0,-5.33381240752042e-10,4399.0,ASK
717,1712366286.88615,752442.29759176,4385.0,1.3941014570667784e-08,4399.0,BID
718,1712366286.891423,752645.9291847,4388.0,4.022713766615897e-09,4399.0,BID
719,1712366286.8954968,752647.07057581,4385.0,2.2548022461043478e-11,4399.0,BID
720,1712366287.206211,752665.89897143,4388.0,3.719523339688801e-10,4399.0,BID
721,1712366287.306051,752677.89897143,4380.0,-2.370583292231302e-10,4399.0,ASK
722,1712366288.376168,752680.18839713,4388.0,4.522728594298055e-11,4399.0,BID
723,1712366289.1761827,752701.67267242,4388.0,4.2441886706896806e-10,4399.0,BID
724,1712366289.255986,752728.67267242,4381.0,-5.33381240752042e-10,4399.0,ASK
725,1712366290.2661712,752750.75175172,4388.0,4.3616913746891335e-10,4399.0,BID
726,1712366291.1062288,752761.77021115,4388.0,2.1766813192565046e-10,4399.0,BID
727,1712366291.2462895,752775.77021115,4381.0,-2.7656805076031847e-10,4399.0,ASK
728,1712366292.20608,752785.08265417,4388.0,1.8396601527435484e-10,4399.0,BID
729,1712366292.3062072,752789.08265417,4381.0,-7.901944307437672e-11,4399.0,ASK
730,1712366292.5962424,753879.64728191,4388.0,2.1543952380156456e-08,4399.0,BID
731,1712366292.6030288,755869.88943289,4388.0,3.9316956588398246e-08,4399.0,BID
732,1712366292.6075935,756665.65427949,4389.0,1.5720223749124905e-08,4399.0,BID
733,1712366293.376083,756682.71670828,4389.0,3.3706590512106007e-10,4399.0,BID
734,1712366293.4962292,756693.71670828,4381.0,-2.1730346845453598e-10,4399.0,ASK
735,1712366294.2363515,756717.47656246,4389.0,4.69372611206487e-10,4399.0,BID
736,1712366294.4158945,756731.47656246,4381.0,-2.7656805076031847e-10,4399.0,ASK
737,1712366295.1865904,756755.45286145,4388.0,4.73648448295163e-10,4399.0,BID
738,1712366295.286126,756764.45286145,4381.0,-1.7779374691734758e-10,4399.0,ASK
739,1712366295.8861108,757840.16358207,4387.0,2.1250515513132252e-08,4399.0,BID
740,1712366296.1287882,757846.82553784,4387.0,1.3160600868265957e-10,4399.0,BID
741,1712366296.246096,757848.82553784,4381.0,-3.950972153718836e-11,4399.0,ASK
742,1712366297.2361112,757870.40497709,4387.0,4.2629881784685004e-10,4399.0,BID
743,1712366297.3362544,757890.40497709,4381.0,-3.9509721537188356e-10,4399.0,ASK
744,1712366298.3564432,757908.93472406,4387.0,3.6605257147052635e-10,4399.0,BID
745,1712366298.4960396,758511.23056724,4387.0,1.1898270523524653e-08,4399.0,BID
746,1712366298.5160258,758519.19160828,4381.0,-1.5726925731636078e-10,4399.0,ASK
747,1712366298.5209725,758534.23056724,4381.0,-2.9709254036130525e-10,4399.0,ASK
748,1712366298.6968358,758734.23056724,4387.0,3.9509721537188364e-09,4399.0,BID
749,1712366298.916033,758846.57771788,4387.0,2.2194023186410833e-09,4399.0,BID
750,1712366299.226214,758862.85483729,4388.0,3.2155222765816235e-10,4399.0,BID
751,1712366299.325962,758886.85483729,4387.0,-4.741166584462604e-10,4399.0,ASK
752,1712366299.406088,759116.68705976,4387.0,-4.540303555030739e-09,4399.0,ASK
753,1712366299.7060723,759139.55465637,4387.0,-4.517461871426021e-10,4399.0,ASK
754,1712366300.226073,759160.39102829,4388.0,4.1161962620365854e-10,4399.0,BID
755,1712366300.3260534,759187.39102829,4387.0,-5.33381240752042e-10,4399.0,ASK
756,1712366301.156112,759208.60137468,4388.0,4.190074397863487e-10,4399.0,BID
757,1712366301.256789,759222.60137468,4387.0,-2.7656805076031847e-10,4399.0,ASK
758,1712366302.2565048,759231.02024432,4388.0,1.6631359756904287e-10,4399.0,BID
759,1712366302.3760774,759246.02024432,4387.0,-2.9632291152891267e-10,4399.0,ASK
760,1712366303.3661687,759266.42612399,4388.0,4.031153117403348e-10,4399.0,BID
761,1712366303.505992,759276.42612399,4387.0,-1.9754860768594176e-10,4399.0,ASK
762,1712366304.186133,759279.24039017,4388.0,5.5595436552404625e-11,4399.0,BID
763,1712366304.3732471,759294.24039017,4387.0,-2.9632291152891267e-10,4399.0,ASK
764,1712366305.2062798,759306.31491159,4388.0,2.3853048949835137e-10,4399.0,BID
765,1712366305.3061187,759333.31491159,4387.0,-5.33381240752042e-10,4399.0,ASK
766,1712366305.386229,761200.32307442,4387.0,-3.688248631053595e-08,4399.0,ASK
767,1712366305.389443,761386.80310401,4387.0,-3.683887020673026e-09,4399.0,ASK
768,1712366305.426051,761480.64724848,4388.0,1.8538780079538406e-09,4399.0,BID
769,1712366306.1759114,761487.47997409,4388.0,1.3497954309559614e-10,4399.0,BID
770,1712366306.3153934,761498.47997409,4387.0,-2.1730346845453598e-10,4399.0,ASK
771,1712366307.2562206,761515.7887708,4388.0,3.4193286907766404e-10,4399.0,BID
772,1712366307.3565228,761534.7887708,4387.0,-3.7534235460328936e-10,4399.0,ASK
773,1712366308.386129,761539.08045261,4388.0,8.478157662063295e-11,4399.0,BID
774,1712366308.392249,761551.72063041,4388.0,2.497049525286991e-10,4399.0,BID
775,1712366308.5261185,761555.72063041,4387.0,-7.901944307437672e-11,4399.0,ASK
776,1712366309.3459396,761580.65226213,4388.0,4.925209133633115e-10,4399.0,BID
777,1712366309.5059323,761601.65226213,4387.0,-4.1485207614047776e-10,4399.0,ASK
778,1712366310.1466382,761601.65226213,4387.0,-0.0,4399.0,ASK
779,1712366310.3411603,761620.28626395,4388.0,3.6770100420262566e-10,4399.0,BID
780,1712366310.3697228,761628.28626395,4387.0,-1.5786238844647538e-10,4399.0,ASK
781,1712366311.1772232,761640.82135966,4388.0,2.4735251852239444e-10,4399.0,BID
782,1712366311.276205,761660.82135966,4387.0,-3.9465597111618847e-10,4399.0,ASK
783,1712366312.25625,761678.64155109,4388.0,3.5164224771502686e-10,4399.0,BID
784,1712366312.3560858,761680.64155109,4387.0,-3.9465597111618846e-11,4399.0,ASK
785,1712366313.4259858,761698.43029311,4388.0,3.510216628401721e-10,4399.0,BID
786,1712366313.5665214,761713.43029311,4387.0,-2.9599197833714136e-10,4399.0,ASK
787,1712366314.2937572,761718.37872111,4388.0,9.764633289371559e-11,4399.0,BID
788,1712366314.299108,761738.42072155,4388.0,3.9548475733696406e-10,4399.0,BID
789,1712366314.4059784,761762.42072155,4387.0,-4.73587165339426e-10,4399.0,ASK
790,1712366315.275928,761768.78421289,4388.0,1.255694927230344e-10,4399.0,BID
791,1712366315.356063,761772.78421289,4387.0,-7.893119422323769e-11,4399.0,ASK
792,1712366316.1361952,761777.51461398,4388.0,9.334405179709276e-11,4399.0,BID
793,1712366317.2359576,761791.01734871,4388.0,2.6644674438001973e-10,4399.0,BID
794,1712366317.3361175,761812.01734871,4387.0,-4.1438876967199797e-10,4399.0,ASK
795,1712366318.4660814,761822.16730313,4388.0,2.0028700592146926e-10,4399.0,BID
796,1712366318.6060634,761836.16730313,4387.0,-2.7625917978133196e-10,4399.0,ASK
797,1712366319.2463925,761856.91616365,4388.0,4.0943308490298654e-10,4399.0,BID
798,1712366319.3460815,761872.91616365,4387.0,-3.1572477689295076e-10,4399.0,ASK
799,1712366320.276733,761895.85736693,4388.0,4.5269414295216976e-10,4399.0,BID
800,1712366320.3961017,761920.85736693,4387.0,-4.93319963895235e-10,4399.0,ASK
801,1712366321.1559484,761937.28945444,4388.0,3.242510726864456e-10,4399.0,BID
802,1712366321.2960763,761954.28945444,4387.0,-3.3545757544876027e-10,4399.0,ASK
803,1712366322.1460304,761969.3284134,4387.0,-2.967607476463693e-10,4399.0,ASK
804,1712366322.285886,761977.65908796,4388.0,1.6438752292731702e-10,4399.0,BID
805,1712366322.386275,761982.65908796,4387.0,-9.866399277904712e-11,4399.0,ASK
806,1712366323.4259927,761987.17686371,4388.0,8.914835879547574e-11,4399.0,BID
807,1712366323.5493772,761994.17686371,4387.0,-1.3812958989066598e-10,4399.0,ASK
808,1712366323.9663496,762169.35782982,4388.0,3.456810715060091e-09,4399.0,BID
809,1712366323.9732254,762428.61692752,4388.0,5.115907548675158e-09,4399.0,BID
810,1712366324.3331633,762430.94577893,4388.0,4.595475573905379e-11,4399.0,BID
811,1712366324.426339,762438.94577893,4387.0,-1.5786238844647538e-10,4399.0,ASK
812,1712366325.3163073,762446.71537783,4388.0,1.5331592995296587e-10,4399.0,BID
813,1712366325.356033,762452.92731012,4387.0,-1.2257880852082266e-10,4399.0,ASK
814,1712366325.3614054,762514.71475198,4387.0,-1.2192391435035387e-09,4399.0,ASK
815,1712366325.3962078,762532.71475198,4387.0,-3.5519037400456967e-10,4399.0,ASK
816,1712366325.4762137,762559.16938898,4387.0,-5.220240227878258e-10,4399.0,ASK
817,1712366325.4830005,762877.71396459,4387.0,-6.285775941557249e-09,4399.0,ASK
818,1712366325.5561686,763603.67376554,4387.0,-1.4325218511762228e-08,4399.0,ASK
1019,1712366325.5630057,764198.90400509,4387.0,-1.1745558411366361e-08,4399.0,ASK
819,1712366325.5630057,764198.90400509,4387.0,-1.174555841136636e-08,4399.0,ASK
820,1712366325.6362429,764244.49438519,4387.0,-8.99625786595121e-10,4399.0,ASK
821,1712366325.6432233,764538.63543866,4387.0,-5.804226155118746e-09,4399.0,ASK
822,1712366325.6482751,764543.9032177,4387.0,-1.0394802263120747e-10,4399.0,ASK
1023,1712366326.2160902,764554.59617416,4387.0,2.1100195579236077e-10,4399.0,BID
823,1712366326.2160902,764554.59617416,4387.0,2.110019557923608e-10,4399.0,BID
824,1712366326.2962444,764556.59617416,4381.0,-3.9465597111618846e-11,4399.0,ASK
825,1712366326.6760511,764563.0634215,4387.0,1.2761688897107626e-10,4399.0,BID
826,1712366326.74293,764780.17486179,4387.0,4.284216315404186e-09,4399.0,BID
1027,1712366327.3060467,764788.09942879,4388.0,1.5637388425319501e-10,4399.0,BID
827,1712366327.3060467,764788.09942879,4388.0,1.56373884253195e-10,4399.0,BID
828,1712366327.3862317,764810.09942879,4381.0,-4.3412156822780727e-10,4399.0,ASK
829,1712366327.685978,764904.11623078,4388.0,1.8552146145298279e-09,4399.0,BID
830,1712366327.9860663,765010.22794247,4388.0,2.0938810311902964e-09,4399.0,BID
831,1712366328.46671,765013.73705824,4388.0,6.924467459829609e-11,4399.0,BID
832,1712366328.5861266,765020.73705824,4381.0,-1.3812958989066598e-10,4399.0,ASK
833,1712366329.246148,765045.37735912,4387.0,4.86222093618654e-10,4399.0,BID
834,1712366329.356043,765060.37735912,4381.0,-2.9599197833714136e-10,4399.0,ASK
835,1712366329.8760445,765168.90356695,4387.0,2.14152579713645e-09,4399.0,BID
836,1712366330.236295,765175.75152683,4387.0,1.3512941283067206e-10,4399.0,BID
837,1712366331.1439996,765195.35740784,4387.0,3.868789004785004e-10,4399.0,BID
838,1712366331.2608807,765201.35740784,4381.0,-1.1839679133485656e-10,4399.0,ASK
839,1712366332.3261423,765215.54432372,4387.0,2.7994755318961805e-10,4399.0,BID
840,1712366332.4395587,765229.54432372,4381.0,-2.7625917978133196e-10,4399.0,ASK
841,1712366332.8260508,765229.66615495,4387.0,2.4040711194816937e-12,4399.0,BID
842,1712366332.830391,765283.80509417,4387.0,1.0683127816533243e-09,4399.0,BID
843,1712366333.421758,765289.26349398,4387.0,1.0770950388806211e-10,4399.0,BID
844,1712366333.566049,765297.26349398,4381.0,-1.5786238844647538e-10,4399.0,ASK
845,1712366334.256053,765303.08911513,4387.0,1.1495580861478844e-10,4399.0,BID
846,1712366335.2572503,765309.45200548,4387.0,1.2555763350794895e-10,4399.0,BID
847,1712366335.3562057,765337.45200548,4381.0,-5.525183595626631e-10,4399.0,ASK
848,1712366336.1362069,765345.02642991,4387.0,1.494645914539731e-10,4399.0,BID
849,1712366336.2959144,765361.02642991,4386.0,-3.1572477689295076e-10,4399.0,ASK
850,1712366336.3200777,765595.02642991,4386.0,-4.617474862059406e-09,4399.0,ASK
851,1712366337.1513233,765677.58512679,4381.0,-1.629114134563276e-09,4399.0,ASK
852,1712366337.3660967,765683.8575225,4387.0,1.2377192100765814e-10,4399.0,BID
853,1712366337.4861002,765700.8575225,4382.0,-3.3545757544876027e-10,4399.0,ASK
854,1712366338.466069,765708.02483501,4387.0,1.4143113394562003e-10,4399.0,BID
855,1712366338.6059933,765710.02483501,4382.0,-3.9465597111618846e-11,4399.0,ASK
856,1712366339.3161943,765717.70981335,4387.0,1.5164612949004294e-10,4399.0,BID
857,1712366339.4214468,765736.70981335,4382.0,-3.749231725603791e-10,4399.0,ASK
1057,1712366339.4214468,765736.70981335,4382.0,-3.7492317256037907e-10,4399.0,ASK
858,1712366340.106434,765736.70981335,4382.0,-0.0,4399.0,ASK
859,1712366340.2834733,765746.67015071,4387.0,1.9647500261694206e-10,4399.0,BID
860,1712366341.1859918,765766.34988629,4387.0,3.881973029439968e-10,4399.0,BID
861,1712366341.3059776,765773.34988629,4382.0,-1.3808016421574628e-10,4399.0,ASK
862,1712366342.3261487,765793.02643062,4387.0,3.8813435318288204e-10,4399.0,BID
863,1712366342.426015,765797.02643062,4382.0,-7.890295098042645e-11,4399.0,ASK
864,1712366342.606274,765803.64410255,4387.0,1.3053846097430043e-10,4399.0,BID
865,1712366342.6159089,765834.0293561,4387.0,5.993715428462464e-10,4399.0,BID
1066,1712366343.47616,765835.95945129,4387.0,3.807255154003552e-11,4399.0,BID
866,1712366343.47616,765835.95945129,4387.0,3.8072551540035516e-11,4399.0,BID
867,1712366343.4833455,765853.71228292,4387.0,3.5018770096758754e-10,4399.0,BID
868,1712366343.6362343,765860.71228292,4382.0,-1.3808016421574628e-10,4399.0,ASK
869,1712366344.316132,765881.79024052,4387.0,4.157782638201932e-10,4399.0,BID
870,1712366344.4160564,765907.79024052,4382.0,-5.128691813727719e-10,4399.0,ASK
871,1712366345.3060508,765911.36876798,4387.0,7.05890941894482e-11,4399.0,BID
872,1712366345.4060588,765913.36876798,4382.0,-3.945147549021322e-11,4399.0,ASK
873,1712366346.186018,765924.12896857,4387.0,2.1225289492331148e-10,4399.0,BID
1074,1712366346.286054,765945.12896857,4382.0,-4.1424049264723875e-10,4399.0,ASK
874,1712366346.286054,765945.12896857,4382.0,-4.142404926472388e-10,4399.0,ASK
875,1712366347.246487,765955.71205496,4387.0,2.0875918666160275e-10,4399.0,BID
876,1712366347.3459282,765973.71205496,4382.0,-3.55063279411919e-10,4399.0,ASK
877,1712366347.7762687,766285.70406237,4382.0,-6.154272516739755e-09,4399.0,ASK
878,1712366347.7835443,766308.09644912,4382.0,-4.41706348516886e-10,4399.0,ASK
879,1712366347.816148,766311.21970912,4382.0,6.160860767021817e-11,4399.0,BID
880,1712366348.4362938,766444.48654637,4381.0,-2.6287866817128244e-09,4399.0,ASK
881,1712366348.4959407,766465.34414563,4382.0,4.114315329963286e-10,4399.0,BID
882,1712366348.6160796,766556.50184846,4381.0,-1.798152939469396e-09,4399.0,ASK
883,1712366348.621773,767297.34562081,4381.0,-1.4613689963473774e-08,4399.0,ASK
884,1712366348.656053,767305.34562081,4381.0,-1.578059019608529e-10,4399.0,ASK
885,1712366348.6761975,767419.47481505,4381.0,-2.251282554637968e-09,4399.0,ASK
886,1712366348.6833744,767699.71107945,4381.0,-5.527867058221796e-09,4399.0,ASK
887,1712366348.6883996,767722.53691829,4381.0,-4.5025651076960255e-10,4399.0,ASK
888,1712366348.6917028,767750.15558031,4380.0,-5.447984838787385e-10,4399.0,ASK
889,1712366349.3162477,767765.95559007,4381.0,3.1166684889505436e-10,4399.0,BID
890,1712366349.323238,767768.94900646,4381.0,5.9047346671685e-11,4399.0,BID
891,1712366349.3960583,767780.94900646,4380.0,-2.3670885294127926e-10,4399.0,ASK
892,1712366350.346056,767805.71937852,4381.0,4.88613863104496e-10,4399.0,BID
893,1712366350.4662886,767833.71937852,4380.0,-5.52320656862985e-10,4399.0,ASK
894,1712366351.2060542,767843.874787,4382.0,2.0032292437035566e-10,4399.0,BID
895,1712366351.3461256,767849.874787,4380.0,-1.1835442647063963e-10,4399.0,ASK
896,1712366352.2851317,767869.04343145,4382.0,3.7811565335034384e-10,4399.0,BID
897,1712366352.3660543,767892.04343145,4380.0,-4.53691968137452e-10,4399.0,ASK
898,1712366353.4764023,767902.86657156,4382.0,2.1349442338851526e-10,4399.0,BID
899,1712366353.616248,767904.86657156,4380.0,-3.945147549021322e-11,4399.0,ASK
900,1712366353.7360814,769128.5092886,4380.0,-2.413725533003898e-08,4399.0,ASK
901,1712366353.8961403,769430.94783698,4380.0,-5.965823489355473e-09,4399.0,ASK
902,1712366353.9960327,769620.44555364,4380.0,-3.7379822621322575e-09,4399.0,ASK
903,1712366354.0964053,769640.44555364,4380.0,-3.945147549021321e-10,4399.0,ASK
904,1712366354.1038332,770838.31602479,4380.0,-2.362887876651283e-08,4399.0,ASK
905,1712366354.1109622,773526.77869436,4380.0,-5.3031909557447016e-08,4399.0,ASK
906,1712366354.2961714,773537.07663956,4380.0,2.0313456632867863e-10,4399.0,BID
907,1712366354.3960066,773540.07663956,4379.0,-5.917721323531983e-11,4399.0,ASK
908,1712366354.680886,773749.14459296,4378.0,-4.124019619673872e-09,4399.0,ASK
909,1712366354.6875608,773946.14459296,4379.0,-3.8859703357860035e-09,4399.0,ASK
910,1712366355.426072,773959.54230985,4380.0,2.6427984975478876e-10,4399.0,BID
911,1712366356.2261806,773969.23454729,4380.0,1.9118653390535528e-10,4399.0,BID
912,1712366356.3464134,773971.23454729,4373.0,-3.945147549021322e-11,4399.0,ASK
1113,1712366357.306041,773993.90326875,4380.0,4.471572545352992e-10,4399.0,BID
913,1712366357.306041,773993.90326875,4380.0,4.4715725453529914e-10,4399.0,BID
914,1712366357.3903446,773995.90326875,4373.0,-3.945147549021322e-11,4399.0,ASK
915,1712366357.8761804,774005.18938747,4380.0,1.831755425421452e-10,4399.0,BID
916,1712366358.4562647,774020.69966144,4380.0,3.0595159668628423e-10,4399.0,BID
917,1712366358.5761669,774021.49080484,4373.0,-1.5605887227418855e-11,4399.0,ASK
918,1712366358.5838535,774036.69966144,4373.0,-3.000059166942869e-10,4399.0,ASK
919,1712366359.2961056,774041.10605413,4380.0,8.691934660543007e-11,4399.0,BID
920,1712366359.3959987,774060.10605413,4373.0,-3.7478901715702556e-10,4399.0,ASK
921,1712366360.426136,774080.67764581,4379.0,4.057898224778768e-10,4399.0,BID
922,1712366360.5562146,774107.67764581,4373.0,-5.325949191178785e-10,4399.0,ASK
923,1712366361.2660158,774123.3090685,4379.0,3.0834134456583806e-10,4399.0,BID
924,1712366361.366174,774138.3090685,4373.0,-2.9588606617659917e-10,4399.0,ASK
925,1712366362.329505,774147.505232,4379.0,1.8140110946364239e-10,4399.0,BID
926,1712366362.5235229,774154.505232,4373.0,-1.3808016421574628e-10,4399.0,ASK
927,1712366363.5362833,774175.56118084,4379.0,4.153441247919961e-10,4399.0,BID
928,1712366363.6368,774187.56118084,4373.0,-2.3670885294127926e-10,4399.0,ASK
929,1712366364.3960366,774201.85371338,4379.0,2.819307485982884e-10,4399.0,BID
930,1712366364.516153,774208.85371338,4374.0,-1.3808016421574628e-10,4399.0,ASK
931,1712366364.596138,775266.55703342,4374.0,-2.086397830323567e-08,4399.0,ASK
932,1712366365.3412566,775269.80937417,4379.0,6.415482069360984e-11,4399.0,BID
933,1712366365.3475251,775270.93406013,4379.0,2.2185260292699573e-11,4399.0,BID
934,1712366365.462433,775286.93406013,4374.0,-3.156118039217058e-10,4399.0,ASK
935,1712366366.2663636,775290.5081638,4379.0,7.05018316674918e-11,4399.0,BID
936,1712366366.666023,775304.5081638,4374.0,-2.761603284314925e-10,4399.0,ASK
937,1712366367.306214,775320.78676622,4379.0,3.2110744219384e-10,4399.0,BID
938,1712366367.3861196,775335.78676622,4374.0,-2.9588606617659917e-10,4399.0,ASK
939,1712366367.9868915,775432.1176156,4374.0,-1.900197071633237e-09,4399.0,ASK
940,1712366367.9948392,775532.18458188,4374.0,-1.973894733787546e-09,4399.0,ASK
941,1712366368.4570746,775543.27684038,4379.0,2.1880298217294918e-10,4399.0,BID
942,1712366368.596171,775563.27684038,4374.0,-3.945147549021321e-10,4399.0,ASK
943,1712366369.4559233,775568.95325051,4379.0,1.1197137755789446e-10,4399.0,BID
944,1712366369.6559074,775585.95325051,4374.0,-3.3533754166681237e-10,4399.0,ASK
945,1712366370.098049,775585.95325051,4374.0,-0.0,4399.0,ASK
946,1712366370.417794,775606.63491299,4379.0,4.0761423444473935e-10,4399.0,BID
947,1712366370.458212,775631.63491299,4374.0,-4.927242126194714e-10,4399.0,ASK
948,1712366371.1862276,775636.63833842,4379.0,9.861235421438942e-11,4399.0,BID
949,1712366371.346053,775638.63833842,4374.0,-3.9417937009557706e-11,4399.0,ASK
950,1712366372.3063328,775642.2704462,4379.0,7.158509784360135e-11,4399.0,BID
951,1712366372.4261096,775665.2704462,4374.0,-4.5330627560991357e-10,4399.0,ASK
952,1712366373.5234375,775685.30538568,4379.0,3.948679912067492e-10,4399.0,BID
953,1712366373.6162214,775708.30538568,4375.0,-4.5330627560991357e-10,4399.0,ASK
954,1712366374.3759403,775724.52598399,4379.0,3.1969126122044594e-10,4399.0,BID
955,1712366374.4760883,775735.52598399,4375.0,-2.1679865355256736e-10,4399.0,ASK
956,1712366374.716051,775746.94411598,4379.0,2.2503960377220047e-10,4399.0,BID
957,1712366375.3160772,775751.42344916,4379.0,8.828303656708742e-11,4399.0,BID
958,1712366375.4011252,775755.42344916,4375.0,-7.883587401911541e-11,4399.0,ASK
959,1712366375.7560573,775945.99487773,4375.0,-3.755966283598449e-09,4399.0,ASK
960,1712366375.7664182,777331.59305007,4375.0,-2.7308710738927413e-08,4399.0,ASK
961,1712366375.795982,777738.39284665,4375.0,8.017604378545422e-09,4399.0,BID
962,1712366375.8361254,777796.59177906,4379.0,1.1470409258801474e-09,4399.0,BID
963,1712366375.8460543,777819.69284665,4379.0,4.552982135592911e-10,4399.0,BID
964,1712366376.1862438,777841.50399074,4379.0,4.2987515192349134e-10,4399.0,BID
965,1712366376.3312323,777867.50399074,4375.0,-5.124331811242502e-10,4399.0,ASK
966,1712366377.3462863,777886.38410035,4379.0,3.72107485668678e-10,4399.0,BID
967,1712366377.466113,777904.38410035,4375.0,-3.5476143308601936e-10,4399.0,ASK
968,1712366377.9261258,777911.90673108,4379.0,1.4826329213186942e-10,4399.0,BID
969,1712366378.529227,777929.82200854,4379.0,3.5309163921367077e-10,4399.0,BID
970,1712366378.6960318,777953.82200854,4375.0,-4.730152441146925e-10,4399.0,ASK
971,1712366379.3764856,777969.03164544,4379.0,2.9976625463106246e-10,4399.0,BID
972,1712366379.4759808,777978.03164544,4375.0,-1.7738071654300968e-10,4399.0,ASK
973,1712366380.35734,777989.49613504,4379.0,2.2595326444824067e-10,4399.0,BID
974,1712366380.47597,777994.49613504,4376.0,-9.854484252389428e-11,4399.0,ASK
975,1712366381.2260172,778010.86901465,4379.0,3.2269256856696545e-10,4399.0,BID
976,1712366381.266263,778020.7488959,4379.0,1.9472226838668382e-10,4399.0,BID
977,1712366381.3662338,778040.7488959,4376.0,-3.94179370095577e-10,4399.0,ASK
978,1712366382.0260365,778334.88994937,4376.0,-5.797216758802073e-09,4399.0,ASK
979,1712366382.3460813,778352.07834854,4379.0,3.3876561789027377e-10,4399.0,BID
980,1712366382.4459984,778360.07834854,4376.0,-1.5767174803823083e-10,4399.0,ASK
981,1712366383.4661896,778374.18841933,4379.0,2.780949408012513e-10,4399.0,BID
982,1712366383.5960276,778396.18841933,4376.0,-4.3359730710513477e-10,4399.0,ASK
983,1712366384.4369636,778412.59650336,4379.0,3.2338641136933747e-10,4399.0,BID
984,1712366384.5361562,778414.59650336,4376.0,-3.9417937009557706e-11,4399.0,ASK
985,1712366385.3161304,778427.95708796,4379.0,2.63323341087103e-10,4399.0,BID
986,1712366386.2461584,778447.96850609,4379.0,3.94404409660445e-10,4399.0,BID
987,1712366386.366129,778458.96850609,4376.0,-2.1679865355256736e-10,4399.0,ASK
988,1712366387.3260567,778470.57024495,4379.0,2.2865830579271948e-10,4399.0,BID
989,1712366387.3312275,778475.69721127,4379.0,1.01047217725513e-10,4399.0,BID
990,1712366387.4460878,778482.69721127,4376.0,-1.3796277953345195e-10,4399.0,ASK
991,1712366387.8530254,778483.50314954,4379.0,1.588421198139695e-11,4399.0,BID
992,1712366387.8576238,778487.84208043,4379.0,8.551585225471461e-11,4399.0,BID
993,1712366387.9462154,778620.54115572,4380.0,2.615361895503925e-09,4399.0,BID
994,1712366387.9526076,778665.25727217,4380.0,8.81308530769635e-10,4399.0,BID
995,1712366388.5059268,778669.15366651,4382.0,7.679391332871018e-11,4399.0,BID
996,1712366388.6562371,778683.15366651,4379.0,-2.7592555906690394e-10,4399.0,ASK
997,1712366389.3761504,778695.05051726,4382.0,2.3447465673714807e-10,4399.0,BID
998,1712366389.4568388,778711.05051726,4379.0,-3.1534349607646165e-10,4399.0,ASK
999,1712366390.316254,778718.19768646,4387.0,1.4086333266122422e-10,4399.0,BID
1000,1712366390.3246171,778753.22554325,4384.0,6.90362926263915e-10,4399.0,BID
1201,1712366390.333383,779092.26268163,4382.0,6.682072282281649e-09,4399.0,BID
1202,1712366390.3345592,779320.31285267,4385.0,4.494633638536762e-09,4399.0,BID
1203,1712366390.3357334,779336.65306332,4387.0,3.2204869706229787e-10,4399.0,BID
1204,1712366390.337072,779340.47731679,4387.0,7.537209119560184e-11,4399.0,BID
1205,1712366390.4562647,779346.47731679,4382.0,-1.1825381102867312e-10,4399.0,ASK
1206,1712366391.6735618,779495.45108156,4382.0,-2.936119237889589e-09,4399.0,ASK
1207,1712366392.2860358,779508.67834392,4387.0,2.6069569725855053e-10,4399.0,BID
1208,1712366392.3861854,779514.67834392,4379.0,-1.1825381102867312e-10,4399.0,ASK
1209,1712366392.4060023,779518.61702639,4387.0,7.762736875165323e-11,4399.0,BID
1210,1712366392.5262306,779545.61702639,4379.0,-5.321421496290291e-10,4399.0,ASK
1211,1712366393.2322378,779549.52206419,4382.0,7.696426700951108e-11,4399.0,BID
1212,1712366393.516184,779555.45390827,4387.0,1.1691052814765208e-10,4399.0,BID
1213,1712366393.6365497,779571.45390827,4379.0,-3.1534349607646165e-10,4399.0,ASK
1214,1712366393.997916,779639.09556161,4379.0,-1.333147215288453e-09,4399.0,ASK
1215,1712366394.1193612,779788.70180507,4379.0,2.948584740473189e-09,4399.0,BID
1216,1712366394.4614203,779807.36330495,4387.0,3.6779891338498247e-10,4399.0,BID
1217,1712366394.5560284,779813.36330495,4382.0,-1.1825381102867312e-10,4399.0,ASK
1218,1712366395.3366263,779837.63706834,4387.0,4.784108381464592e-10,4399.0,BID
1219,1712366395.436283,779842.63706834,4382.0,-9.854484252389428e-11,4399.0,ASK
1220,1712366396.2258768,779865.05352605,4387.0,4.4180525899456003e-10,4399.0,BID
1221,1712366396.3460977,779870.05352605,4382.0,-9.854484252389428e-11,4399.0,ASK
1222,1712366396.7460551,781020.59746994,4387.0,2.2676034353492483e-08,4399.0,BID
1223,1712366397.426059,781031.88126296,4387.0,2.2239192124684839e-10,4399.0,BID
1224,1712366397.6626165,781045.88126296,4382.0,-2.7592555906690394e-10,4399.0,ASK
1225,1712366398.596138,781061.44223856,4387.0,3.066907780024079e-10,4399.0,BID
1226,1712366398.735993,781067.44223856,4382.0,-1.1825381102867312e-10,4399.0,ASK
1227,1712366399.4760926,781077.82299886,4387.0,2.0459407781012467e-10,4399.0,BID
1228,1712366399.4789596,781079.23982233,4387.0,2.7924129145431355e-11,4399.0,BID
1229,1712366399.556223,781103.23982233,4382.0,-4.730152441146925e-10,4399.0,ASK
1230,1712366400.1322029,781103.23982233,4382.0,-0.0,4399.0,ASK
1231,1712366400.395967,781106.4725554,4387.0,6.530734069596014e-11,4399.0,BID
1232,1712366400.5017364,781114.4725554,4382.0,-1.6161517646180091e-10,4399.0,ASK
1233,1712366401.4072196,781131.15844552,4387.0,3.3708663452051966e-10,4399.0,BID
1234,1712366401.5459905,781154.15844552,4382.0,-4.6464363232767756e-10,4399.0,ASK
1235,1712366402.4459548,781172.91819022,4387.0,3.78982431259501e-10,4399.0,BID
1236,1712366402.5661118,781178.91819022,4382.0,-1.2121138234635068e-10,4399.0,ASK
1237,1712366403.676048,781183.86690232,4387.0,9.997337241101595e-11,4399.0,BID
1238,1712366403.8361433,781210.86690232,4382.0,-5.454512205585781e-10,4399.0,ASK
1239,1712366404.4762506,781693.89994676,4387.0,9.758183839258253e-09,4399.0,BID
1240,1712366404.4792857,781876.802248,4387.0,3.694973461271789e-09,4399.0,BID
1241,1712366404.48201,782158.57239761,4388.0,5.6922915563611315e-09,4399.0,BID
1242,1712366404.4847054,782681.18754953,4388.0,1.0557817499892992e-08,4399.0,BID
1243,1712366404.5564384,782690.18754953,4382.0,-1.81817073519526e-10,4399.0,ASK
1244,1712366405.4564435,782696.08246632,4387.0,1.190885021568874e-10,4399.0,BID
1245,1712366405.5459597,782722.08246632,4382.0,-5.252493235008523e-10,4399.0,ASK
1246,1712366406.2464993,782725.27260949,4387.0,6.444694391876761e-11,4399.0,BID
1247,1712366406.249384,782734.56997546,4388.0,1.8782443023349767e-10,4399.0,BID
1248,1712366406.2522638,782736.65317583,4387.0,4.208459942693012e-11,4399.0,BID
1249,1712366406.389695,782764.65317583,4382.0,-5.65653117616303e-10,4399.0,ASK
1250,1712366407.346177,782778.18600756,4386.0,2.7338887350840644e-10,4399.0,BID
1251,1712366407.430519,782992.65135185,4386.0,4.332606807796482e-09,4399.0,BID
1252,1712366407.44626,783015.65135185,4386.0,-4.6464363232767756e-10,4399.0,ASK
1253,1712366408.5615728,783243.64952787,4386.0,-4.605995681304889e-09,4399.0,ASK
1254,1712366408.5769677,783254.6085069,4388.0,2.2139216622229943e-10,4399.0,BID
1255,1712366408.7360325,783280.6085069,4382.0,-5.252493235008523e-10,4399.0,ASK
1256,1712366409.0360558,783428.28005521,4387.0,-2.98324541731287e-09,4399.0,ASK
1257,1712366409.4159954,783443.52823205,4388.0,3.080420988400228e-10,4399.0,BID
1258,1712366409.5219738,783460.52823205,4382.0,-3.434322499813269e-10,4399.0,ASK
1259,1712366410.4061422,783463.69131267,4387.0,6.39002290704717e-11,4399.0,BID
1260,1712366410.4086435,783466.58430681,4387.0,5.844396980573031e-11,4399.0,BID
1261,1712366410.546398,783471.58430681,4386.0,-1.0100948528862556e-10,4399.0,ASK
1262,1712366410.745951,783570.99926349,4386.0,-2.0083707208458836e-09,4399.0,ASK
1263,1712366410.848611,784018.70258299,4382.0,-9.044456372942517e-09,4399.0,ASK
1264,1712366411.3262482,784030.47982877,4386.0,2.379227068708333e-10,4399.0,BID
1265,1712366411.406076,784042.47982877,4382.0,-2.4242276469270136e-10,4399.0,ASK
1266,1712366412.4963465,784062.93514112,4386.0,4.132361143773024e-10,4399.0,BID
1267,1712366412.6160812,784067.93514112,4382.0,-1.0100948528862556e-10,4399.0,ASK
1268,1712366413.5558977,784080.86628567,4386.0,2.612336510371992e-10,4399.0,BID
1269,1712366413.6961052,784081.79633775,4382.0,-1.8788816380003447e-11,4399.0,ASK
1270,1712366413.6992042,784097.86628567,4382.0,-3.246434336013235e-10,4399.0,ASK
1271,1712366414.5229194,784110.11936364,4386.0,2.4753541979027536e-10,4399.0,BID
1272,1712366414.6161134,784119.11936364,4382.0,-1.81817073519526e-10,4399.0,ASK
1273,1712366415.3859944,784121.71877084,4386.0,5.251295666557095e-11,4399.0,BID
1274,1712366416.2662194,784132.83482191,4386.0,2.2456531940542143e-10,4399.0,BID
1275,1712366416.4144228,784134.83482191,4382.0,-4.040379411545023e-11,4399.0,ASK
1276,1712366417.3760982,784151.68046714,4386.0,3.4031399080803704e-10,4399.0,BID
1277,1712366417.4959753,784153.68046714,4382.0,-4.040379411545023e-11,4399.0,ASK
1278,1712366418.5793498,784156.79173024,4386.0,6.285341686451539e-11,4399.0,BID
1279,1712366419.4766738,784160.4210052,4386.0,7.33182391366088e-11,4399.0,BID
1280,1712366419.5560963,784174.4210052,4383.0,-2.8282655880815157e-10,4399.0,ASK
1281,1712366420.3861444,784194.87472157,4386.0,4.132038725555415e-10,4399.0,BID
1282,1712366420.514179,784221.87472157,4383.0,-5.454512205585781e-10,4399.0,ASK
1283,1712366421.226405,784235.28580233,4386.0,2.709292729453473e-10,4399.0,BID
1284,1712366421.229729,784241.28922225,4386.0,1.2128047121787794e-10,4399.0,BID
1285,1712366421.351703,784265.28922225,4383.0,-4.848455293854025e-10,4399.0,ASK
1286,1712366422.4422076,784278.70623091,4386.0,2.7104902777263756e-10,4399.0,BID
1287,1712366422.5560668,784299.70623091,4383.0,-4.2423983821222735e-10,4399.0,ASK
1288,1712366423.656567,784307.11366365,4386.0,1.4964419367493978e-10,4399.0,BID
1289,1712366424.4561405,784310.78489028,4386.0,7.416574245458371e-11,4399.0,BID
1290,1712366424.5635085,784335.78489028,4383.0,-5.050474264431279e-10,4399.0,ASK
1291,1712366425.4059815,784349.22333077,4386.0,2.714819913963224e-10,4399.0,BID
1292,1712366425.5259705,784372.22333077,4383.0,-4.6464363232767756e-10,4399.0,ASK
1293,1712366426.3059745,784374.92510915,4386.0,5.4581048704889466e-11,4399.0,BID
1294,1712366426.4461148,784382.92510915,4384.0,-1.6161517646180091e-10,4399.0,ASK
1295,1712366427.4761178,784399.80221813,4386.0,3.4094961824536635e-10,4399.0,BID
1296,1712366427.5760667,784421.80221813,4384.0,-4.4444173526995245e-10,4399.0,ASK
1297,1712366428.6365016,784441.76847439,4386.0,4.0335625359383076e-10,4399.0,BID
1298,1712366428.7864313,784468.76847439,4384.0,-5.454512205585781e-10,4399.0,ASK
1299,1712366429.1160195,784613.28397835,4386.0,2.91948733424444e-09,4399.0,BID
1300,1712366429.1259062,785370.19509805,4386.0,1.5291040522028067e-08,4399.0,BID
1301,1712366429.225933,785554.71416103,4386.0,3.727635115509084e-09,4399.0,BID
1302,1712366429.5261295,785558.65955304,4387.0,7.970440323909809e-11,4399.0,BID
1303,1712366429.530169,785567.22731154,4388.0,1.7308497523232696e-10,4399.0,BID
1304,1712366429.533967,785569.15396778,4387.0,3.892211102406082e-11,4399.0,BID
1305,1712366429.6461942,785573.15396778,4386.0,-8.080758823090046e-11,4399.0,ASK
1306,1712366430.0915833,785573.15396778,4386.0,-0.0,4399.0,ASK
1307,1712366430.4403565,785581.21527133,4388.0,1.6278915231375748e-10,4399.0,BID
1308,1712366430.566786,785667.81508899,4388.0,1.748787999349925e-09,4399.0,BID
1309,1712366431.2960596,785674.26472435,4388.0,1.3024328713824856e-10,4399.0,BID
1310,1712366431.435891,785693.26472435,4386.0,-3.836840871660955e-10,4399.0,ASK
1311,1712366432.4759266,785697.67958644,4387.0,8.915328057761923e-11,4399.0,BID
1312,1712366432.584877,785894.11633137,4388.0,3.966823850754858e-09,4399.0,BID
1313,1712366432.5876856,785901.11633137,4386.0,-1.4135729527171943e-10,4399.0,ASK
1314,1712366432.5915473,785904.67958644,4387.0,7.195601415141189e-11,4399.0,BID
1315,1712366433.5860791,785926.79011515,4388.0,4.4649779078322086e-10,4399.0,BID
1316,1712366433.7059326,785928.79011515,4384.0,-4.03877986490627e-11,4399.0,ASK
1317,1712366434.4717271,785939.38993283,4388.0,2.1405165108754296e-10,4399.0,BID
1318,1712366435.4061968,785944.10096291,4388.0,9.513406715001908e-11,4399.0,BID
1319,1712366435.4960115,785952.10096291,4384.0,-1.615511945962508e-10,4399.0,ASK
1320,1712366436.2561145,785961.7474997,4388.0,1.9480119276900743e-10,4399.0,BID
1321,1712366436.356384,785965.26203372,4388.0,7.097214617214708e-11,4399.0,BID
1322,1712366436.3601637,785972.64563096,4388.0,1.4910361931680874e-10,4399.0,BID
1323,1712366436.4962013,785977.64563096,4385.0,-1.0096949662265674e-10,4399.0,ASK
1324,1712366437.47636,785982.43232193,4388.0,9.666195554484292e-11,4399.0,BID
1325,1712366437.5960946,785992.43232193,4385.0,-2.0193899324531347e-10,4399.0,ASK
1326,1712366437.605975,785997.43232193,4385.0,-1.0096949662265674e-10,4399.0,ASK
1327,1712366438.6307335,786019.76527543,4388.0,4.509894146003737e-10,4399.0,BID
1328,1712366438.6459837,786022.044218,4388.0,4.602073682444124e-11,4399.0,BID
1329,1712366438.769085,786028.044218,4385.0,-1.2116339594718808e-10,4399.0,ASK
1330,1712366439.5129824,786050.41636932,4388.0,4.5178097142896376e-10,4399.0,BID
1331,1712366439.6059935,786056.41636932,4385.0,-1.2116339594718808e-10,4399.0,ASK
1332,1712366440.456164,786073.21937889,4386.0,3.3931828360559914e-10,4399.0,BID
1333,1712366440.5971093,786093.21937889,4385.0,-4.0387798649062695e-10,4399.0,ASK
1334,1712366440.7161367,786096.58304689,4386.0,6.792557295266941e-11,4399.0,BID
1335,1712366441.256205,786107.39540439,4386.0,2.1834365881508767e-10,4399.0,BID
1336,1712366441.344991,786113.38605633,4386.0,1.2097462216693016e-10,4399.0,BID
1337,1712366441.3767395,786140.38605633,4385.0,-5.452352817623464e-10,4399.0,ASK
1338,1712366442.516225,786147.30743281,4388.0,1.3976957982240155e-10,4399.0,BID
1339,1712366442.6159708,786158.30743281,4385.0,-2.2213289256984483e-10,4399.0,ASK
1340,1712366443.6060815,786160.83660327,4388.0,5.107381364518554e-11,4399.0,BID
1341,1712366443.7260735,786173.83660327,4385.0,-2.6252069121890736e-10,4399.0,ASK
1342,1712366444.2261105,786401.78280727,4387.0,4.603122694983466e-09,4399.0,BID
1343,1712366444.5860872,786401.78280797,4387.0,1.413583716359071e-17,4399.0,BID
1344,1712366444.589678,786421.81995403,4388.0,4.0462811028715646e-10,4399.0,BID
1345,1712366444.6866534,786426.81995403,4385.0,-1.0096949662265674e-10,4399.0,ASK
1346,1712366445.0759437,786725.33899622,4388.0,6.028263484441353e-09,4399.0,BID
1347,1712366445.5156317,786739.14186768,4388.0,2.7873379665225536e-10,4399.0,BID
1348,1712366445.638633,786746.14186768,4385.0,-1.4135729527171943e-10,4399.0,ASK
1349,1712366446.295687,786766.53658053,4388.0,4.1184877804533915e-10,4399.0,BID
1350,1712366446.43557,786790.53658053,4385.0,-4.84653583788752e-10,4399.0,ASK
1351,1712366447.4955397,786800.12741709,4387.0,1.9367638793076323e-10,4399.0,BID
1352,1712366447.5854952,786824.12741709,4386.0,-4.84653583788752e-10,4399.0,ASK
1353,1712366448.64621,786827.77797555,4387.0,7.37190100203267e-11,4399.0,BID
1354,1712366448.7457592,787002.22501087,4387.0,3.5227658687147766e-09,4399.0,BID
1355,1712366448.753831,787216.92982055,4387.0,4.3357273111705645e-09,4399.0,BID
1356,1712366448.7856953,787242.92982055,4386.0,-5.25041382437815e-10,4399.0,ASK
1357,1712366448.9460113,787356.17644355,4387.0,2.2868909037054317e-09,4399.0,BID
1358,1712366449.5257466,787367.30793772,4388.0,2.247882725993432e-10,4399.0,BID
1359,1712366449.5295177,787367.30793853,4387.0,1.6357418091512416e-17,4399.0,BID
1360,1712366449.6656454,787379.30793853,4386.0,-2.4232679189437616e-10,4399.0,ASK
1361,1712366450.5370371,787391.14932412,4388.0,2.3912374846800076e-10,4399.0,BID
1362,1712366450.682053,787397.14932412,4386.0,-1.2116339594718808e-10,4399.0,ASK
1363,1712366450.7556102,787552.49608952,4388.0,3.137056940879733e-09,4399.0,BID
1364,1712366450.7592416,787586.61982274,4388.0,6.890912332203e-10,4399.0,BID
1365,1712366451.3583012,787608.42524538,4389.0,4.403365095221545e-10,4399.0,BID
1366,1712366451.4762106,787624.42524538,4388.0,-3.231023891925016e-10,4399.0,ASK
1367,1712366452.541639,787628.68134016,4389.0,8.594714950168423e-11,4399.0,BID
1368,1712366453.645694,787646.89551195,4389.0,3.678151514080332e-10,4399.0,BID
1369,1712366453.8056753,787657.89551195,4388.0,-2.2213289256984483e-10,4399.0,ASK
1370,1712366454.5054996,787674.63941716,4389.0,3.381247361089476e-10,4399.0,BID
1371,1712366454.60549,787701.63941716,4388.0,-5.452352817623464e-10,4399.0,ASK
1372,1712366455.495901,787718.92695418,4389.0,3.4910278215197927e-10,4399.0,BID
1373,1712366455.5755086,787746.92695418,4388.0,-5.65429181086877e-10,4399.0,ASK
1374,1712366455.8158605,787786.92695418,4388.0,-8.077559729812533e-10,4399.0,ASK
1375,1712366456.1354475,787810.01098003,4388.0,-4.661564940208671e-10,4399.0,ASK
1376,1712366456.4153852,787821.70088661,4389.0,2.360647965878384e-10,4399.0,BID
1377,1712366456.455501,789413.71463138,4389.0,3.214896528515721e-08,4399.0,BID
1378,1712366456.5355017,789419.71463138,4388.0,-1.2116339594718808e-10,4399.0,ASK
1379,1712366457.4057577,789821.3843506,4389.0,8.111277871639562e-09,4399.0,BID
1380,1712366457.4097316,791121.5083005,4389.0,2.6254572153693386e-08,4399.0,BID
1381,1712366457.5659745,791130.32352036,4389.0,1.7801366237762614e-10,4399.0,BID
1382,1712366457.7456336,792287.35026413,4388.0,-2.3364881579481613e-08,4399.0,ASK
1383,1712366458.1457355,792310.32728136,4389.0,4.639955727207432e-10,4399.0,BID
1384,1712366458.1497817,792365.65157249,4389.0,1.1172131652791876e-09,4399.0,BID
1385,1712366458.6055698,792372.52195973,4390.0,1.3873990824437268e-10,4399.0,BID
1386,1712366458.7456584,792387.52195973,4389.0,-3.0290848986797007e-10,4399.0,ASK
1387,1712366459.545456,792402.86136747,4390.0,3.097624556003937e-10,4399.0,BID
1388,1712366459.645549,792405.86136747,4389.0,-6.058169797359404e-11,4399.0,ASK
1389,1712366460.1454525,792405.86136747,4389.0,-0.0,4399.0,ASK
1390,1712366460.2853878,792633.70370058,4389.0,-4.598240931547263e-09,4399.0,ASK
1391,1712366460.5088797,792636.18137711,4390.0,5.0003673502724035e-11,4399.0,BID
1392,1712366460.7955077,792651.08137711,4390.0,3.007070237780117e-10,4399.0,BID
1393,1712366461.577797,792653.67386002,4390.0,5.2320659064967695e-11,4399.0,BID
1394,1712366462.2056952,792654.81395114,4390.0,2.3008953526188286e-11,4399.0,BID
1395,1712366462.2153168,793372.6944941,4390.0,1.4488035000088105e-08,4399.0,BID
1396,1712366462.2654955,793600.53682721,4390.0,-4.598240931544914e-09,4399.0,ASK
1397,1712366462.4259422,793883.1716292,4391.0,5.704044974655621e-09,4399.0,BID
1398,1712366462.6057768,793895.03297191,4392.0,2.3938181639749536e-10,4399.0,BID
1399,1712366462.608867,793895.03297192,4391.0,2.0205327688501176e-19,4399.0,BID
1400,1712366462.611972,793899.85400624,4392.0,9.729656925577423e-11,4399.0,BID
1401,1712366462.705591,793924.85400624,4390.0,-5.045419862039293e-10,4399.0,ASK
1402,1712366462.725779,794826.8566496,4392.0,1.820392820968077e-08,4399.0,BID
1403,1712366462.7298284,795046.99530689,4392.0,4.442767815574968e-09,4399.0,BID
1404,1712366463.6254823,795055.92517938,4392.0,1.802198241060967e-10,4399.0,BID
1405,1712366463.74555,795060.92517938,4390.0,-1.0090839724078586e-10,4399.0,ASK
1406,1712366464.5296345,795072.1883852,4392.0,2.27310409417779e-10,4399.0,BID
1407,1712366464.6054702,795079.1883852,4390.0,-1.412717561371002e-10,4399.0,ASK
1408,1712366465.5155,795094.84935969,4392.0,3.1606476700275747e-10,4399.0,BID
1409,1712366465.6160269,795102.84935969,4390.0,-1.6145343558525734e-10,4399.0,ASK
1410,1712366466.3954587,795117.8473105,4392.0,3.0268383562680563e-10,4399.0,BID
1411,1712366466.718598,795140.8473105,4391.0,-4.641786273076149e-10,4399.0,ASK
1412,1712366467.4255888,795821.52684744,4392.0,1.3737256221444435e-08,4399.0,BID
1413,1712366467.4290886,797135.30017071,4392.0,2.6514152077773494e-08,4399.0,BID
1414,1712366467.545395,797149.17084466,4392.0,2.7993349539007676e-10,4399.0,BID
1415,1712366467.646402,797164.17084466,4391.0,-3.0272519172235757e-10,4399.0,ASK
1416,1712366468.6055744,797437.84511455,4391.0,-5.523206388127363e-09,4399.0,ASK
1417,1712366468.6655092,797444.68368467,4392.0,1.3801383004651236e-10,4399.0,BID
1418,1712366468.7462113,797444.68368468,4391.0,-2.0205327688501176e-19,4399.0,ASK
1419,1712366468.7502935,798169.01225143,4391.0,-1.4618166949290193e-08,4399.0,ASK
1420,1712366468.8053286,798184.01225143,4390.0,-3.0272519172235757e-10,4399.0,ASK
1421,1712366469.647118,798208.21243362,4391.0,4.884003195465612e-10,4399.0,BID
1422,1712366469.735556,798223.21243362,4390.0,-3.0272519172235757e-10,4399.0,ASK
1423,1712366470.055564,798232.43965391,4390.0,-1.8622080209013504e-10,4399.0,ASK
1424,1712366470.53555,798236.80608524,4391.0,8.812191743407567e-11,4399.0,BID
1425,1712366470.6355002,798242.80608524,4390.0,-1.2109007668894303e-10,4399.0,ASK
1426,1712366470.7759385,798301.79463861,4390.0,-1.190488075223848e-09,4399.0,ASK
1427,1712366470.7795136,798468.35355457,4390.0,-3.361438651137681e-09,4399.0,ASK
1428,1712366470.7989888,798558.34315797,4390.0,-1.816141329485545e-09,4399.0,ASK
1429,1712366470.800947,798758.34315797,4390.0,-4.036335889631434e-09,4399.0,ASK
1430,1712366471.4680572,798778.85796434,4390.0,4.14023246100717e-10,4399.0,BID
1431,1712366471.536328,799399.0318568,4388.0,-1.2516150699742581e-08,4399.0,ASK
1432,1712366471.6156054,799414.0318568,4387.0,-3.0272519172235757e-10,4399.0,ASK
1433,1712366471.815497,799434.0318568,4388.0,4.0363358896314327e-10,4399.0,BID
1434,1712366472.565678,799448.47536477,4390.0,2.914942479590157e-10,4399.0,BID
1435,1712366472.6703954,799455.47536477,4387.0,-1.412717561371002e-10,4399.0,ASK
1436,1712366472.845601,799672.69496859,4390.0,4.383856414151046e-09,4399.0,BID
1437,1712366472.8855505,799673.87512259,4390.0,2.381748972631589e-11,4399.0,BID
1438,1712366473.7509856,799686.16646655,4390.0,2.480599637873533e-10,4399.0,BID
1439,1712366473.847517,801052.16646655,4390.0,2.7568174126182692e-08,4399.0,BID
1440,1712366473.849673,801551.84046326,4390.0,1.0084260430180472e-08,4399.0,BID
1441,1712366473.8926857,801553.84046326,4388.0,-4.0363358896314336e-11,4399.0,ASK
1442,1712366474.5784452,801573.65868649,4390.0,3.999650284613975e-10,4399.0,BID
1443,1712366474.7354624,801592.65868649,4388.0,-3.834519095149863e-10,4399.0,ASK
