,time,acc_trade_volume,trade_price,dev,high,ask_bid
0,1712365207.155383,122616582914.7511,0.03904,0.0,0.03929,BID
1,1712365210.4456356,122627331441.52538,0.03903,-0.000132979854112,0.03929,ASK
2,1712365210.4467998,122669863140.64362,0.03903,-0.0005261985444755,0.03929,ASK
3,1712365211.2691114,122928808163.52106,0.03903,0.0032036456798611,0.03929,BID
4,1712365211.8055377,122935495348.9381,0.03904,8.273328613797668e-05,0.03929,BID
5,1712365211.8067734,122968697479.01956,0.03904,0.0004107739141525,0.03929,BID
6,1712365215.2454507,122968953495.40462,0.03906,3.16741282316538e-06,0.03929,BID
7,1712365217.875735,123008170825.16464,0.03904,-0.0004851934501973,0.03929,ASK
8,1712365222.4056044,123023315623.99068,0.03904,-0.0001873701559979,0.03929,ASK
9,1712365223.3577795,123028170825.16464,0.03904,6.006813374105392e-05,0.03929,BID
10,1712365224.115556,123028426972.7056,0.03904,-3.1690354731104195e-06,0.03929,ASK
11,1712365224.2156267,123031543565.78375,0.03904,3.855822305337339e-05,0.03929,BID
12,1712365225.315435,123101306533.9681,0.03904,0.0008631014767325,0.03929,BID
13,1712365228.1355107,123101649570.32242,0.03906,4.244016441616027e-06,0.03929,BID
14,1712365230.9355197,123101649570.32242,0.03906,0.0,0.03929,BID
15,1712365245.745443,123102831595.79712,0.03906,1.4619506824988169e-05,0.03929,BID
16,1712365246.8255932,123116844665.69894,0.03906,0.0001733162063344,0.03929,BID
17,1712365246.8268864,123131660010.7402,0.03906,0.0001832388916975,0.03929,BID
18,1712365258.1968422,123131788044.53436,0.03906,-1.58354533601327e-06,0.03929,ASK
19,1712365260.6494875,123131788044.53436,0.03906,-0.0,0.03929,ASK
20,1712365260.8656871,123134684880.80644,0.03906,-3.582807811471503e-05,0.03929,ASK
21,1712365260.8673296,123142237338.56374,0.03906,-9.340881605716832e-05,0.03929,ASK
22,1712365261.045524,123153085791.63808,0.03906,0.0001341736942187,0.03929,BID
23,1712365263.0554953,123176755712.008,0.03904,-0.0002927496331621,0.03929,ASK
24,1712365275.6655543,123177982089.8562,0.03905,-1.5167844233089545e-05,0.03929,ASK
25,1712365275.666825,123184678897.6674,0.03904,-8.282613542628031e-05,0.03929,ASK
26,1712365280.7055511,123191851028.81494,0.03905,-8.87049356153241e-05,0.03929,ASK
27,1712365282.6356246,123261205434.15788,0.03905,-0.0008577754553046,0.03929,ASK
28,1712365283.3355136,123320987027.9548,0.03905,-0.0007393788986359,0.03929,ASK
29,1712365286.9960446,123351412424.98347,0.03904,-0.000376301385039,0.03929,ASK
30,1712365286.99744,123367145008.8267,0.03904,-0.0001945806355415,0.03929,ASK
31,1712365286.9987683,123381486112.8543,0.03905,-0.0001773708097706,0.03929,ASK
32,1712365287.0001214,123430177199.41602,0.03904,-0.0006022114779622,0.03929,ASK
33,1712365288.2162883,123430817281.15704,0.03906,7.916532542201907e-06,0.03929,BID
34,1712365290.3274362,123443621378.4682,0.03905,-0.0001583611069336,0.03929,ASK
35,1712365290.605574,123443621378.4682,0.03905,-0.0,0.03929,ASK
36,1712365290.926171,123443941832.83768,0.03905,-3.962783657904746e-06,0.03929,ASK
37,1712365294.325575,123444836788.29591,0.03904,-1.1067144661125436e-05,0.03929,ASK
38,1712365295.1205206,123449359085.406,0.03905,-5.592336004809608e-05,0.03929,ASK
39,1712365300.9056466,123450606758.62444,0.03905,1.5428901931663387e-05,0.03929,BID
40,1712365302.9159126,123493496164.66644,0.03905,0.0005303764078177,0.03929,BID
41,1712365307.555699,123526891374.87184,0.03905,0.000412969851103,0.03929,BID
42,1712365315.39547,123531784079.1136,0.03905,6.050386656599601e-05,0.03929,BID
43,1712365315.3962345,123533293423.5274,0.03905,1.8664764617372323e-05,0.03929,BID
44,1712365317.2556,123539282975.384,0.03905,7.406763793908278e-05,0.03929,BID
45,1712365319.0689292,123553315395.35838,0.03905,0.0001735268726201,0.03929,BID
46,1712365319.1055474,123553827559.25084,0.03905,6.333490494805325e-06,0.03929,BID
47,1712365320.925477,123553827559.25084,0.03905,0.0,0.03929,BID
48,1712365321.8408458,123553958417.12537,0.03905,1.6181207078035406e-06,0.03929,BID
49,1712365321.9989424,123556519236.5876,0.03905,3.1665767278047016e-05,0.03929,BID
50,1712365322.645768,123559094364.66136,0.03904,3.1842700158069114e-05,0.03929,BID
51,1712365326.6356866,123566825127.43024,0.03905,9.55946088084895e-05,0.03929,BID
52,1712365326.6373084,123572056364.66136,0.03905,6.468677045746516e-05,0.03929,BID
53,1712365335.558144,123577179315.48102,0.03905,6.334775677276823e-05,0.03929,BID
54,1712365335.6579502,123578179315.48102,0.03905,1.2365482122045568e-05,0.03929,BID
55,1712365339.3957343,123578435397.42725,0.03905,3.1665767278613066e-06,0.03929,BID
56,1712365342.8856978,123706220416.5694,0.03905,0.0015801233696677,0.03929,BID
57,1712365346.9462523,123711342055.49388,0.03905,6.333153455590535e-05,0.03929,BID
58,1712365347.9257429,123726890531.80627,0.03905,0.0001922644058661,0.03929,BID
59,1712365349.315778,123732013482.62596,0.03904,-6.334775677295692e-05,0.03929,ASK
60,1712365349.3186688,123732829939.5154,0.03903,-1.0095883069915817e-05,0.03929,ASK
61,1712365349.325653,123738463873.52184,0.03904,-6.966631023321991e-05,0.03929,ASK
62,1712365349.326929,123743588136.90898,0.03903,-6.336398730240648e-05,0.03929,ASK
63,1712365350.906848,123743588136.90898,0.03903,-0.0,0.03929,ASK
64,1712365352.745566,123755950572.57591,0.03904,-0.0001528534717246,0.03929,ASK
65,1712365354.89855,123761072211.50038,0.03905,6.332573221116297e-05,0.03929,BID
66,1712365354.8998578,123793842956.97491,0.03905,0.0004051889410581,0.03929,BID
67,1712365354.9021475,123866502589.23,0.03905,0.0008983890669796,0.03929,BID
68,1712365357.4056013,123871620358.0466,0.03906,6.327788084584236e-05,0.03929,BID
69,1712365357.6098864,123873413850.23209,0.03904,-2.217536369434777e-05,0.03929,ASK
70,1712365358.8157012,123883347209.16704,0.03906,0.0001228195187424,0.03929,BID
71,1712365364.8595672,123886902188.68576,0.03906,4.395500821855979e-05,0.03929,BID
72,1712365367.4707556,123896608346.28738,0.03905,-0.000120010322115,0.03929,ASK
73,1712365371.0657177,123907025065.51572,0.03905,-0.0001287959542059,0.03929,ASK
74,1712365374.05776,123909573112.8749,0.03905,-3.150494736307956e-05,0.03929,ASK
75,1712365374.0597992,123910573112.8749,0.03905,-1.2364349214234616e-05,0.03929,ASK
76,1712365374.061517,123986417185.02245,0.03904,-0.0009377625938619,0.03929,ASK
77,1712365374.063224,123991902502.81471,0.03905,-6.782238473483041e-05,0.03929,ASK
78,1712365374.0648987,124073439691.93784,0.03904,-0.0010081542802653,0.03929,ASK
79,1712365375.1159832,124074718791.45178,0.03909,1.5815233070004035e-05,0.03929,BID
80,1712365375.1177282,124108908373.33722,0.03906,0.0004227319299202,0.03929,BID
81,1712365375.11948,124120871134.9906,0.03907,0.000147911762649,0.03929,BID
82,1712365375.1212847,124134664109.10396,0.03909,0.0001705411486404,0.03929,BID
83,1712365375.1230202,124153434516.3028,0.03906,0.0002320838694999,0.03929,BID
84,1712365375.12472,124153666506.7666,0.0391,2.868411108494194e-06,0.03929,BID
85,1712365375.126367,124204582151.7504,0.03911,0.0006295388150478,0.03929,BID
86,1712365375.1271565,124223797839.24648,0.0391,0.0002375894705931,0.03929,BID
87,1712365375.1281228,124229244981.04672,0.03907,6.735036343771091e-05,0.03929,BID
88,1712365375.128898,124248326349.69089,0.03911,0.000235928705402,0.03929,BID
89,1712365375.1297154,124597405939.7126,0.03912,0.0043161419545903,0.03929,BID
90,1712365375.1305132,124645617335.30016,0.0391,0.0005961025311501,0.03929,BID
91,1712365380.645657,124645617335.30016,0.0391,0.0,0.03929,BID
92,1712365380.795493,124709177779.38258,0.03905,-0.0007855410937016,0.03929,ASK
93,1712365382.7697878,124709331232.068,0.0391,1.896515861086992e-06,0.03929,BID
94,1712365386.215943,124711705141.2919,0.03905,-2.933905316436088e-05,0.03929,ASK
95,1712365389.5970469,124725608496.00217,0.0391,0.0001718310282893,0.03929,BID
96,1712365389.5989687,124737953171.98244,0.0391,0.0001525673775716,0.03929,BID
97,1712365398.707121,124738464425.3072,0.0391,6.318560256817952e-06,0.03929,BID
98,1712365398.8356748,124752359007.62663,0.0391,0.0001717226106474,0.03929,BID
99,1712365398.8376186,124771233386.09534,0.0391,0.0002332677205026,0.03929,BID
100,1712365408.445743,124778159585.81064,0.0391,8.560063697022253e-05,0.03929,BID
101,1712365408.4478586,124794892158.47385,0.0391,0.0002067972245952,0.03929,BID
102,1712365410.6155796,124794892158.47385,0.0391,0.0,0.03929,BID
103,1712365417.065667,124843864069.44852,0.03909,0.0006051983405925,0.03929,BID
104,1712365427.005908,124844017522.13394,0.03909,1.8963791432726165e-06,0.03929,BID
105,1712365432.9686654,124844264111.55348,0.03909,3.047369492906486e-06,0.03929,BID
106,1712365437.3657773,124863710117.69788,0.03909,0.0002403151197393,0.03929,BID
107,1712365437.368149,124863786487.1678,0.03909,9.437793124798994e-07,0.03929,BID
108,1712365438.13579,124875857318.36328,0.03909,-0.0001491721859262,0.03929,ASK
109,1712365438.7572622,124875996512.64156,0.03909,-1.720172738925862e-06,0.03929,ASK
110,1712365438.8955016,124969455452.04976,0.03909,-0.001154972185436,0.03929,ASK
111,1712365440.917421,124969455452.04976,0.03909,-0.0,0.03929,ASK
112,1712365449.3158195,124980664889.5413,0.03909,0.0001385153409354,0.03929,BID
113,1712365449.375673,124985826298.3615,0.03906,-6.377967698877744e-05,0.03929,ASK
114,1712365451.1060338,124998040981.27,0.03909,0.000150937187416,0.03929,BID
115,1712365451.1076188,125011408288.64037,0.03909,0.0001651802009862,0.03929,BID
116,1712365454.7858243,125011664108.54314,0.03906,-3.161173883995068e-06,0.03929,ASK
117,1712365454.8458924,125025064179.73302,0.03909,0.0001655850644448,0.03929,BID
118,1712365454.8479688,125039789229.58977,0.03909,0.0001819578638749,0.03929,BID
119,1712365454.8500116,125055118700.5104,0.03909,0.0001894267123157,0.03929,BID
120,1712365455.7073348,125080343447.4,0.03908,-0.0003117029215839,0.03929,ASK
121,1712365455.7093835,125080343447.4,0.03908,-0.0,0.03929,ASK
122,1712365455.9456985,125150641452.00476,0.03909,0.0008686744613425,0.03929,BID
123,1712365456.0257175,125157041861.63097,0.03906,-7.909004552369171e-05,0.03929,ASK
124,1712365456.0277855,125164243756.80304,0.03906,-8.89940254269378e-05,0.03929,ASK
125,1712365456.1457791,125165501096.92296,0.03909,1.5536987963393788e-05,0.03929,BID
126,1712365470.8898544,125165501096.92296,0.03909,0.0,0.03929,BID
127,1712365475.5058174,125167125193.29968,0.03906,-2.006710546536036e-05,0.03929,ASK
128,1712365475.5083916,125167125193.29968,0.03906,-0.0,0.03929,ASK
129,1712365475.5256577,125169683392.32758,0.03909,3.160874590345272e-05,0.03929,BID
130,1712365477.935741,125170796459.75208,0.03906,-1.375290390281884e-05,0.03929,ASK
131,1712365477.9378672,125321746528.08664,0.03906,-0.0018651177262096,0.03929,ASK
132,1712365478.0758045,125323193624.5126,0.03906,-1.7880119071022443e-05,0.03929,ASK
133,1712365483.4957683,125359180737.29202,0.03906,0.0004446516831727,0.03929,BID
134,1712365483.4979908,125364549117.74117,0.03906,6.633095067265434e-05,0.03929,BID
135,1712365484.3156695,125372223714.8248,0.03906,9.482623770998108e-05,0.03929,BID
136,1712365484.6214771,125388244593.84283,0.03906,0.0001979517185758,0.03929,BID
137,1712365485.0057209,125394166462.47829,0.03905,-7.316977253537564e-05,0.03929,ASK
138,1712365485.7855916,125400005144.6852,0.03905,-7.214193277279265e-05,0.03929,ASK
139,1712365490.045866,125487445635.90768,0.03905,-0.0010804023606406,0.03929,ASK
140,1712365490.0480902,125497480662.53008,0.03905,-0.0001239913717361,0.03929,ASK
141,1712365490.0503085,125500041481.99232,0.03905,-3.1641123619912434e-05,0.03929,ASK
142,1712365490.1260922,125540641963.88124,0.03905,-0.0005016538203604,0.03929,ASK
143,1712365490.1283042,125543908004.73456,0.03905,-4.035473953245379e-05,0.03929,ASK
144,1712365490.1305182,125597037623.74709,0.03905,-0.0006564620692149,0.03929,ASK
145,1712365490.565679,125602771922.90137,0.03903,-7.085219051597884e-05,0.03929,ASK
146,1712365490.568456,125685613108.59451,0.03903,-0.0010235739910637,0.03929,ASK
147,1712365490.5705676,125688174584.00436,0.03904,-3.164922841602575e-05,0.03929,ASK
148,1712365490.5723174,125690200479.1518,0.03903,-2.50316743318076e-05,0.03929,ASK
149,1712365490.574069,125690354167.6764,0.03904,-1.898953705048272e-06,0.03929,ASK
150,1712365490.5758324,125695478431.06352,0.03903,-6.331467473020707e-05,0.03929,ASK
151,1712365490.5775988,125710626181.21074,0.03902,-0.000187163461557,0.03929,ASK
152,1712365490.579507,125714480339.19452,0.03903,-4.762143173879552e-05,0.03929,ASK
153,1712365493.2157187,125715392559.14088,0.03905,1.127126082776742e-05,0.03929,BID
154,1712365499.2858598,125740987956.0647,0.03905,0.0003162531096453,0.03929,BID
155,1712365500.587683,125740987956.0647,0.03905,0.0,0.03929,BID
156,1712365504.885993,125746442283.95836,0.03904,6.753857690836615e-05,0.03929,BID
157,1712365512.1958466,125747057038.05672,0.03904,7.612233397231121e-06,0.03929,BID
158,1712365517.9102578,125773728323.9174,0.03904,0.0003302589661749,0.03929,BID
159,1712365521.3161504,125777957352.86948,0.03903,-5.236623149469735e-05,0.03929,ASK
160,1712365521.3173585,125779528025.84424,0.03903,-1.944896228696924e-05,0.03929,ASK
161,1712365523.1657271,125781123922.74593,0.03903,1.976129923475588e-05,0.03929,BID
162,1712365523.3659756,125816107247.541,0.03903,0.0004331833395864,0.03929,BID
163,1712365524.0857337,125819061813.4179,0.03902,-3.6585107935782e-05,0.03929,ASK
164,1712365524.088114,125823042682.20312,0.03902,-4.929337176909298e-05,0.03929,ASK
165,1712365524.090149,125840407393.99033,0.03902,-0.0002150196954405,0.03929,ASK
166,1712365526.676092,125840535789.68484,0.03902,-1.5898682033822335e-06,0.03929,ASK
167,1712365526.6856134,125844545848.62897,0.03902,-4.965482084761826e-05,0.03929,ASK
168,1712365526.6874857,125923707393.99033,0.03902,-0.0009802230859225,0.03929,ASK
169,1712365528.0657897,125941903769.157,0.03903,0.0002253178223981,0.03929,BID
170,1712365528.068008,125944478434.45052,0.03903,3.1880963764597194e-05,0.03929,BID
171,1712365530.92936,125944478434.45052,0.03903,0.0,0.03929,BID
172,1712365532.7656572,126132036773.34422,0.03903,-0.0023222252131354,0.03929,ASK
173,1712365533.12584,126262980232.32744,0.03903,-0.0016212566380123,0.03929,ASK
174,1712365533.1283162,126310929684.34209,0.03903,-0.000593678889892,0.03929,ASK
175,1712365533.2459145,126327115588.83554,0.03903,-0.0002004033290859,0.03929,ASK
176,1712365533.7856412,126336852869.83195,0.03903,-0.0001205606723253,0.03929,ASK
177,1712365537.672711,126363210095.9624,0.03903,-0.0003263380099729,0.03929,ASK
178,1712365539.6158292,126383210095.9624,0.03902,-0.0002476269758873,0.03929,ASK
179,1712365541.0960877,126396277166.1891,0.03902,-0.0001617879541974,0.03929,ASK
180,1712365541.098645,126427791187.43048,0.03902,-0.0003901860889026,0.03929,ASK
181,1712365543.7258604,126429791187.43048,0.03902,-2.4762697588738447e-05,0.03929,ASK
182,1712365543.7284243,126432352662.84032,0.03902,-3.171452047737709e-05,0.03929,ASK
183,1712365543.7363586,126497740611.78217,0.03902,-0.0008095910027974,0.03929,ASK
184,1712365543.7382889,126548970762.98029,0.03902,-0.000634298370772,0.03929,ASK
185,1712365545.81612,126549227107.50732,0.03901,-3.1738910007922e-06,0.03929,ASK
186,1712365545.8187852,126549406946.30289,0.03901,-2.2266468546215955e-06,0.03929,ASK
187,1712365545.8599217,126626310304.41618,0.03901,-0.0009521673002591,0.03929,ASK
188,1712365545.8614223,126653562072.02122,0.03901,-0.0003374136399811,0.03929,ASK
189,1712365545.8629107,126988852505.48828,0.03901,-0.0041513478041708,0.03929,ASK
190,1712365545.8660758,126989365326.00111,0.039,-6.3494096382882345e-06,0.03929,ASK
191,1712365545.8674653,127016305633.65746,0.03901,-0.0003335573457207,0.03929,ASK
192,1712365545.868672,127095427095.97676,0.039,-0.0009796304220958,0.03929,ASK
193,1712365545.8699808,127149332329.05383,0.03901,-0.0006674194925691,0.03929,ASK
194,1712365545.8711915,127154485048.89508,0.039,-6.379762159396392e-05,0.03929,ASK
195,1712365545.875617,127279676389.39136,0.039,-0.0015500376527192,0.03929,ASK
196,1712365546.16359,127292041590.1073,0.03901,0.0001530978629762,0.03929,BID
197,1712365546.195856,127422624504.21434,0.03902,0.0016167926061444,0.03929,BID
198,1712365546.2056997,127533419119.78738,0.03902,0.0013717867799479,0.03929,BID
199,1712365547.9471805,127533675267.32835,0.03904,3.171452047756601e-06,0.03929,BID
200,1712365556.5456314,127533969657.6283,0.03902,-3.644948985072157e-06,0.03929,ASK
201,1712365557.8658123,127558642551.75932,0.03902,-0.0003054837080027,0.03929,ASK
202,1712365560.59561,127558642551.75932,0.03902,-0.0,0.03929,ASK
203,1712365563.115698,127563147204.86952,0.03902,-5.5730224639696944e-05,0.03929,ASK
204,1712365565.025809,127566068389.16844,0.03903,3.614002082072826e-05,0.03929,BID
205,1712365565.0286293,127584179171.27858,0.03904,0.0002240611942156,0.03929,BID
206,1712365565.146656,127656030397.7486,0.03904,-0.0008889219422349,0.03929,ASK
207,1712365568.1157708,127759017067.4702,0.03902,-0.0012741203591201,0.03929,ASK
208,1712365568.3967454,127759273346.30156,0.03902,-3.1706052592034818e-06,0.03929,ASK
209,1712365568.398923,127791324217.64958,0.03902,-0.0003965238202424,0.03929,ASK
210,1712365568.4010174,127980381646.73772,0.03902,-0.0023389621209744,0.03929,ASK
211,1712365573.725721,127981150089.36066,0.03903,9.506942921355388e-06,0.03929,BID
212,1712365580.3374045,127981150089.36066,0.03902,-0.0,0.03929,ASK
213,1712365580.34643,127990576437.1811,0.03902,-0.0001166199635608,0.03929,ASK
214,1712365580.355632,127990963509.85028,0.03902,4.788747607507059e-06,0.03929,BID
215,1712365582.7062807,128045882718.29764,0.03901,-0.0006794440657099,0.03929,ASK
216,1712365585.115836,128096600555.3043,0.03902,-0.0006274659514229,0.03929,ASK
217,1712365585.1186073,128212441478.4208,0.03901,-0.0014331493479786,0.03929,ASK
218,1712365587.365983,128641933412.56978,0.03901,-0.0053135461012232,0.03929,ASK
219,1712365587.3765297,128667567865.27422,0.03901,-0.0003171418026616,0.03929,ASK
220,1712365587.905894,128693793639.32404,0.039,-0.0003244574539684,0.03929,ASK
221,1712365587.9087546,128716609566.37093,0.039,-0.0002822718439311,0.03929,ASK
222,1712365587.9112132,128752144975.4287,0.039,-0.0004396334814259,0.03929,ASK
223,1712365588.0258305,129255979975.4287,0.039,-0.0062332963370183,0.03929,ASK
224,1712365589.5359373,129311205344.5716,0.039,-0.0006832317945141,0.03929,ASK
225,1712365589.9756162,129355721384.42404,0.03901,0.0005507391668912,0.03929,BID
226,1712365590.6459656,129355721384.42404,0.03901,0.0,0.03929,BID
227,1712365591.7993994,129375711133.27077,0.039,-0.0002470929042807,0.03929,ASK
228,1712365592.4658978,129436823742.97696,0.039,-0.0007554118031326,0.03929,ASK
229,1712365594.550733,129437079828.10378,0.03901,3.165463368719437e-06,0.03929,BID
230,1712365599.5574317,129439643273.3742,0.03901,3.168669810171515e-05,0.03929,BID
231,1712365600.335853,129465264908.8523,0.03901,0.0003167085475281,0.03929,BID
232,1712365603.5456345,129468457497.93202,0.03901,3.946353273035483e-05,0.03929,BID
233,1712365604.2757316,129513098908.99,0.039,-0.0005518116307551,0.03929,ASK
234,1712365604.4357848,129515656453.74702,0.039,-3.161376196813768e-05,0.03929,ASK
235,1712365605.7457304,129644684190.3278,0.03901,0.0015949093912561,0.03929,BID
236,1712365605.7473583,129878331669.28558,0.03901,0.0028881120316316,0.03929,BID
237,1712365607.9156268,129880893176.20512,0.03902,3.1662738183126736e-05,0.03929,BID
238,1712365609.3356988,129964817515.20316,0.03901,-0.001037387153879,0.03929,ASK
239,1712365609.915752,130051906281.60564,0.03901,-0.0010765025806777,0.03929,ASK
240,1712365610.6456685,130084741070.57666,0.03901,-0.0004058702002961,0.03929,ASK
241,1712365611.4257653,130090351070.57666,0.03901,-6.93451030147011e-05,0.03929,ASK
242,1712365613.8758426,130455528184.007,0.03901,-0.0045139473350155,0.03929,ASK
243,1712365614.3355868,130552758179.69788,0.03901,-0.0012018581225141,0.03929,ASK
244,1712365617.606145,130554958257.93744,0.03901,-2.719512516272686e-05,0.03929,ASK
245,1712365620.895825,130554958257.93744,0.03901,-0.0,0.03929,ASK
246,1712365620.9056396,130592992732.03578,0.03901,-0.0004698717015877,0.03929,ASK
247,1712365621.846137,130609769781.0059,0.03901,-0.0002072609319333,0.03929,ASK
248,1712365624.316088,130726144650.51584,0.03901,-0.0014376761939004,0.03929,ASK
249,1712365624.8157911,130762839830.61108,0.03902,0.0004533262814897,0.03929,BID
250,1712365624.8245084,130783188730.47484,0.03902,0.0002513869964314,0.03929,BID
251,1712365625.545886,130795992827.78598,0.03901,-0.000158179733873,0.03929,ASK
252,1712365625.5659745,130796505385.44872,0.03902,6.3320539291716e-06,0.03929,BID
253,1712365629.0762126,130797018074.5028,0.03901,-6.333677116235704e-06,0.03929,ASK
254,1712365630.040923,130809314622.86977,0.03903,0.0001519095568378,0.03929,BID
255,1712365634.2959292,130847347947.0427,0.03901,-0.0004698574955965,0.03929,ASK
256,1712365637.1258593,130921996711.65086,0.03901,-0.0009221986863072,0.03929,ASK
257,1712365641.5059164,130941996711.65086,0.03901,-0.0002470767443099,0.03929,ASK
258,1712365642.4756618,130944560156.92133,0.03901,-3.1668385581932535e-05,0.03929,ASK
259,1712365644.2157688,130957364413.261,0.03901,-0.0001581816984858,0.03929,ASK
260,1712365644.8357072,130966182158.31938,0.03901,-0.0001089329870591,0.03929,ASK
261,1712365646.785865,130994686680.2112,0.03901,-0.000352140223357,0.03929,ASK
262,1712365646.7890246,131055864257.80756,0.03901,-0.0007557778348639,0.03929,ASK
263,1712365646.7916389,131079932583.8778,0.03901,-0.0002973361823211,0.03929,ASK
264,1712365647.3056204,131084161639.45229,0.03901,-5.224506414238886e-05,0.03929,ASK
265,1712365647.316358,131097318261.0221,0.039,-0.0001625347611793,0.03929,ASK
266,1712365647.3220844,131122861045.18556,0.039,-0.000315551397586,0.03929,ASK
267,1712365647.327414,131150431392.28578,0.03901,-0.0003405995800508,0.03929,ASK
268,1712365647.3287923,131150866329.75212,0.039,-5.37314665807364e-06,0.03929,ASK
269,1712365647.330179,131160711523.29224,0.03901,-0.0001216259183498,0.03929,ASK
270,1712365647.3315809,131163275625.85635,0.039,-3.167650568075407e-05,0.03929,ASK
271,1712365647.3329816,131374990071.12024,0.03901,-0.0026154857929592,0.03929,ASK
272,1712365647.3344746,131401631096.76128,0.039,-0.000329118894023,0.03929,ASK
273,1712365650.9357886,131401631096.76128,0.039,-0.0,0.03929,ASK
274,1712365654.1157846,131402962109.5818,0.039,-1.6436409119503307e-05,0.03929,ASK
275,1712365654.1182969,131422991838.0928,0.039,-0.0002473430813606,0.03929,ASK
276,1712365654.1256642,131427017670.24168,0.039,-4.971418999482989e-05,0.03929,ASK
277,1712365654.343428,131427274014.7687,0.03901,3.165546910574547e-06,0.03929,BID
278,1712365654.475685,131429117318.043,0.039,-2.2762580705727e-05,0.03929,ASK
279,1712365654.485828,131435054452.0401,0.039,-7.331647138837304e-05,0.03929,ASK
280,1712365654.488207,131446701320.28133,0.039,-0.0001438248290486,0.03929,ASK
281,1712365654.8666425,131447983371.5634,0.039,-1.583179294679619e-05,0.03929,ASK
282,1712365654.8693018,131450792921.34972,0.039,-3.469456418289758e-05,0.03929,ASK
283,1712365654.871836,131667322440.9828,0.039,-0.0026738794069105,0.03929,ASK
284,1712365656.9763503,131668091671.75204,0.039,-9.499075767964658e-06,0.03929,ASK
285,1712365656.9797516,131769145865.66827,0.039,-0.0012478978780931,0.03929,ASK
286,1712365656.9830585,131769814160.54008,0.039,-8.252638709338262e-06,0.03929,ASK
287,1712365658.935963,131799066269.39806,0.039,-0.0003612283979412,0.03929,ASK
288,1712365660.465768,131830219428.32645,0.039,-0.0003847040821962,0.03929,ASK
289,1712365663.4007454,131830719428.32645,0.039,-6.174399249214713e-06,0.03929,ASK
290,1712365663.4023056,131861435748.27208,0.039,-0.0003793096456219,0.03929,ASK
291,1712365663.4056437,131985422121.53522,0.039,-0.0015310827399775,0.03929,ASK
292,1712365663.4158137,131985422121.53522,0.039,-0.0,0.03929,ASK
293,1712365663.4758186,132009334569.31032,0.03901,0.0002952899991789,0.03929,BID
294,1712365663.5157807,132022158370.28493,0.03899,-0.0001583585342194,0.03929,ASK
295,1712365663.5190926,132037858867.76704,0.03899,-0.0001938822797315,0.03929,ASK
296,1712365663.7757263,132038017972.66573,0.03899,-1.96475433393261e-06,0.03929,ASK
297,1712365663.7857993,132042364703.76917,0.03899,-5.3676906523416526e-05,0.03929,ASK
298,1712365663.7883945,132120727947.7236,0.03899,-0.0009676919092764,0.03929,ASK
299,1712365665.785811,132120727947.7236,0.03899,-0.0,0.03929,ASK
300,1712365667.0599742,132121727947.7236,0.03899,1.2348798498429428e-05,0.03929,BID
301,1712365667.455684,132122008627.89632,0.03899,3.466062895729293e-06,0.03929,BID
302,1712365667.5407856,132122225251.80605,0.03898,-2.67504501080858e-06,0.03929,ASK
303,1712365667.546887,132125805711.7342,0.03898,-4.421437818456896e-05,0.03929,ASK
304,1712365667.5576456,132147109099.40611,0.03898,-0.0002630712416946,0.03929,ASK
305,1712365668.865755,132147367675.95502,0.03898,-3.1931096986515244e-06,0.03929,ASK
306,1712365672.3662858,132148392517.07028,0.03898,-1.2655556425123418e-05,0.03929,ASK
307,1712365672.3703265,132173355015.27716,0.03898,-0.0003082568603743,0.03929,ASK
308,1712365673.3461728,132174059452.3624,0.03898,-8.698951620395327e-06,0.03929,ASK
309,1712365673.4058542,132242729622.5042,0.03898,-0.0008479940939341,0.03929,ASK
310,1712365673.407776,132263057608.65094,0.03898,-0.0002510262048048,0.03929,ASK
311,1712365673.409596,132263610794.9003,0.03898,-6.831185525437842e-06,0.03929,ASK
312,1712365678.1860046,132264558140.622,0.03898,1.1698581425748522e-05,0.03929,BID
313,1712365678.2875223,132265583352.21472,0.03898,1.2660131376659355e-05,0.03929,BID
314,1712365680.2322023,132309419890.7526,0.03898,0.000541328581273,0.03929,BID
315,1712365680.2338042,132383931130.60876,0.03898,0.0009201242868516,0.03929,BID
316,1712365680.5757346,132383931130.60876,0.03898,0.0,0.03929,BID
317,1712365683.2328706,132387987043.8976,0.03898,5.006197645801289e-05,0.03929,BID
318,1712365685.0761104,132388243260.31644,0.03898,3.162469070348775e-06,0.03929,BID
319,1712365686.465731,132395935668.6018,0.03898,9.49470896094845e-05,0.03929,BID
320,1712365686.749825,132485935668.6018,0.03898,0.0011108664215262,0.03929,BID
321,1712365686.905746,132488173774.7924,0.03898,2.762485572179691e-05,0.03929,BID
322,1712365689.5563629,132491193153.7352,0.03897,-3.72680742381227e-05,0.03929,ASK
323,1712365689.5600245,132561645788.84282,0.03897,-0.0008695940738786,0.03929,ASK
324,1712365689.563214,132565136319.68724,0.03897,-4.308348342613716e-05,0.03929,ASK
325,1712365689.5760765,132596502884.5271,0.03897,-0.0003871562626582,0.03929,ASK
326,1712365689.57888,132597401267.89893,0.03897,-1.10887102378028e-05,0.03929,ASK
327,1712365689.5817027,132634712924.7642,0.03897,-0.0004605362971462,0.03929,ASK
328,1712365690.3157651,132635939302.6124,0.03897,-1.5137133018612758e-05,0.03929,ASK
329,1712365690.8357933,132636195844.42873,0.03898,3.1664854384593955e-06,0.03929,BID
330,1712365695.0757968,132947445972.79845,0.03897,-0.003841747958907,0.03929,ASK
331,1712365697.1117854,133075751524.77213,0.03897,-0.0015836703264773,0.03929,ASK
332,1712365697.9660838,133145062780.67387,0.03897,-0.0008555060757231,0.03929,ASK
333,1712365699.418783,133145423068.00072,0.03898,4.447012149906924e-06,0.03929,BID
334,1712365705.605872,133146335343.52664,0.03898,1.1260180543477284e-05,0.03929,BID
335,1712365707.1818852,133149090051.06895,0.03898,3.400124566552302e-05,0.03929,BID
336,1712365708.3563657,133181328922.91454,0.03897,-0.0003979231133458,0.03929,ASK
337,1712365708.439875,133232611644.8168,0.03898,0.0006329805973964,0.03929,BID
338,1712365709.7858148,133232739941.37914,0.03898,1.5835593678776196e-06,0.03929,BID
339,1712365710.6662962,133232739941.37914,0.03898,0.0,0.03929,BID
340,1712365712.1957722,133235219040.91736,0.03898,3.058693834687362e-05,0.03929,BID
341,1712365716.3159316,133249466175.94398,0.03898,0.0001757800499577,0.03929,BID
342,1712365717.2156715,133326428720.8388,0.03898,0.0009495579259409,0.03929,BID
343,1712365717.9359298,133327454888.10408,0.03898,1.2660772345999478e-05,0.03929,BID
344,1712365718.3958347,133332676065.985,0.03897,-6.441848884221378e-05,0.03929,ASK
345,1712365718.5456722,133343885503.47656,0.03897,-0.0001383011727325,0.03929,ASK
346,1712365719.6260383,133345679501.29549,0.03898,2.213420632623969e-05,0.03929,BID
347,1712365720.012237,133346705027.52672,0.03898,1.2652863317756429e-05,0.03929,BID
348,1712365721.1358163,133388232679.64343,0.03897,-0.0005123649596959,0.03929,ASK
349,1712365726.0760646,133388694569.73076,0.03897,-5.69876417071948e-06,0.03929,ASK
350,1712365727.0358517,133395156307.32536,0.03898,7.972441863347906e-05,0.03929,BID
351,1712365731.876158,133400545067.91042,0.03897,-6.648611128363888e-05,0.03929,ASK
352,1712365733.2858489,133451853431.17365,0.03897,-0.0006330386172939,0.03929,ASK
353,1712365733.2888248,133453848352.9083,0.03897,-2.4613190057211285e-05,0.03929,ASK
354,1712365733.2917385,133551620350.68384,0.03897,-0.0012063033459943,0.03929,ASK
355,1712365733.465799,133560608150.26582,0.03897,0.0001108907760455,0.03929,BID
356,1712365734.565866,133562661184.65125,0.03897,-2.5330179447297103e-05,0.03929,ASK
357,1712365734.625799,133564608150.26582,0.03897,2.402151115693708e-05,0.03929,BID
358,1712365737.1762035,133567529441.3336,0.03896,-3.604266323530394e-05,0.03929,ASK
359,1712365737.1801353,133567786114.84488,0.03896,-3.1668179288901776e-06,0.03929,ASK
360,1712365737.1839838,133608822819.99756,0.03897,-0.000506307694028,0.03929,ASK
361,1712365737.1869469,133610710636.67429,0.03897,-2.329173613683976e-05,0.03929,ASK
362,1712365737.1887147,133844813615.54134,0.03896,-0.002888344445644,0.03929,ASK
363,1712365737.7358203,133848313615.54134,0.03897,4.318272927870491e-05,0.03929,BID
364,1712365738.9261334,133855384086.01772,0.03896,-8.72349178443503e-05,0.03929,ASK
365,1712365738.9301145,133879859289.81586,0.03896,-0.0003019731713301,0.03929,ASK
366,1712365738.9341314,134258566877.82758,0.03896,-0.0046724649282575,0.03929,ASK
367,1712365739.8060758,134271614218.10046,0.03896,-0.0001609770750889,0.03929,ASK
368,1712365740.9060774,134271614218.10046,0.03896,-0.0,0.03929,ASK
369,1712365741.976187,134297337593.52615,0.03896,-0.0003172145894407,0.03929,ASK
370,1712365742.5161157,134304398815.92876,0.03897,8.707732668531847e-05,0.03929,BID
371,1712365742.5259526,134305042953.06091,0.03897,7.943346957354982e-06,0.03929,BID
372,1712365744.725899,134400779943.16637,0.03896,-0.0011806059472377,0.03929,ASK
373,1712365744.7281318,134426386672.65584,0.03896,-0.0003157761393091,0.03929,ASK
374,1712365744.7361302,134430876149.04189,0.03896,-5.536316230011703e-05,0.03929,ASK
375,1712365744.905945,134470282250.16467,0.03896,0.0004859467306397,0.03929,BID
376,1712365744.9161484,134488935068.05582,0.03897,0.0002300221441134,0.03929,BID
377,1712365745.8559265,134510802045.0328,0.03897,-0.0002696583947196,0.03929,ASK
378,1712365748.9868224,134561607241.56029,0.03897,-0.0006265176825055,0.03929,ASK
379,1712365750.2758195,134568618210.6241,0.03897,-8.645761438225026e-05,0.03929,ASK
380,1712365751.0760117,134572502282.07948,0.03897,-4.789745170234535e-05,0.03929,ASK
381,1712365752.445969,134580258497.13963,0.03897,-9.564781196901892e-05,0.03929,ASK
382,1712365753.5264633,134583763981.67155,0.03897,-4.322880719121922e-05,0.03929,ASK
383,1712365756.7361674,134649958030.30362,0.03897,-0.0008162893715446,0.03929,ASK
384,1712365756.7397392,134664846003.54643,0.03897,-0.000183594969232,0.03929,ASK
385,1712365758.0864854,134701811388.34576,0.03897,-0.0004558483934781,0.03929,ASK
386,1712365760.347294,134705503895.40244,0.03897,-4.553512478883536e-05,0.03929,ASK
387,1712365760.35048,134713939713.90732,0.03897,-0.0001040285211151,0.03929,ASK
388,1712365762.186037,134742340230.31198,0.03897,-0.000350228459606,0.03929,ASK
389,1712365762.2662516,134753275230.31198,0.03897,-0.0001348478369627,0.03929,ASK
390,1712365762.326011,134782154492.19289,0.03897,-0.0003561322357312,0.03929,ASK
391,1712365762.4859445,134790157514.19225,0.03897,-9.869137684287476e-05,0.03929,ASK
392,1712365765.1363878,134792388140.3149,0.03896,-2.750755443201088e-05,0.03929,ASK
393,1712365765.1405115,134793157514.19225,0.03897,-9.487736915794729e-06,0.03929,ASK
394,1712365765.1760144,134795140643.5294,0.03896,-2.445548253618278e-05,0.03929,ASK
395,1712365768.2059965,134803105021.61748,0.03897,9.82148292576437e-05,0.03929,BID
396,1712365768.2160137,134805671098.08656,0.03897,3.164424886485784e-05,0.03929,BID
397,1712365769.0960388,134812541098.08656,0.03896,-8.471921718647483e-05,0.03929,ASK
398,1712365770.5960584,134813194972.56049,0.03897,8.063425555888165e-06,0.03929,BID
399,1712365770.8958468,134813194972.56049,0.03897,0.0,0.03929,BID
400,1712365771.665816,134838868913.51042,0.03896,-0.0003165226027144,0.03929,ASK
401,1712365772.756456,134839904925.79166,0.03896,-1.277253477913658e-05,0.03929,ASK
402,1712365772.7596445,134854481931.64064,0.03896,-0.0001797134238215,0.03929,ASK
403,1712365776.165948,134856789119.9356,0.03896,2.844429865673968e-05,0.03929,BID
404,1712365777.9959831,134868492867.65108,0.03896,0.0001442903018137,0.03929,BID
405,1712365778.2361298,134868749541.16235,0.03896,3.1644135974397984e-06,0.03929,BID
406,1712365779.036295,134869332514.56271,0.03896,7.187219848915912e-06,0.03929,BID
407,1712365779.8559935,134870332514.56271,0.03895,-1.232855537572779e-05,0.03929,ASK
408,1712365779.8734384,134895146318.06609,0.03895,-0.0003059183505735,0.03929,ASK
409,1712365779.886179,134929213300.94936,0.03895,-0.0004199966849603,0.03929,ASK
410,1712365781.12613,134942046976.51404,0.03896,0.0001582206798733,0.03929,BID
411,1712365784.622857,134942175313.26968,0.03896,1.5822067987198992e-06,0.03929,BID
412,1712365787.996025,134942388117.54517,0.03896,2.62356929447366e-06,0.03929,BID
413,1712365789.4662683,134947932277.42928,0.03895,-6.83514821431325e-05,0.03929,ASK
414,1712365789.4705598,134948188888.53322,0.03895,-3.163644204986326e-06,0.03929,ASK
415,1712365789.4724483,135005429999.4168,0.03895,-0.0007057002052965,0.03929,ASK
416,1712365790.2060363,135006084215.42996,0.03896,8.065538345657442e-06,0.03929,BID
417,1712365791.006047,135014189748.7647,0.03895,-9.99295165672398e-05,0.03929,ASK
418,1712365791.0103152,135024459325.14468,0.03895,-0.0001266090410857,0.03929,ASK
419,1712365791.0259688,135025101173.66844,0.03895,7.91306506797883e-06,0.03929,BID
420,1712365791.186065,135036919820.3304,0.03895,0.0001457068398382,0.03929,BID
421,1712365792.8360248,135064570971.613,0.03896,0.0003408987497902,0.03929,BID
422,1712365792.839385,135091283173.08289,0.03896,0.0003293228550288,0.03929,BID
423,1712365792.842644,135165289525.08008,0.03896,0.0009123914087531,0.03929,BID
424,1712365792.8761406,135175430937.432,0.03896,0.0001250289637686,0.03929,BID
425,1712365792.8798482,135252228544.90211,0.03896,0.0009468035564188,0.03929,BID
426,1712365793.8876848,135402707470.49596,0.03897,0.0018551877670638,0.03929,BID
427,1712365793.891039,135423551166.44225,0.03897,0.0002569726597082,0.03929,BID
428,1712365795.3660345,135439106721.44225,0.03896,-0.0001917775212176,0.03929,ASK
429,1712365797.4564486,135490655792.31982,0.03896,-0.0006355255748817,0.03929,ASK
430,1712365797.4605434,135615184702.5285,0.03896,-0.0015352615653867,0.03929,ASK
431,1712365798.705882,135620318172.75438,0.03896,-6.328827194936032e-05,0.03929,ASK
432,1712365799.8462284,135644699438.01944,0.03896,-0.0003005857789506,0.03929,ASK
433,1712365799.8511014,135648549540.68884,0.03896,-4.746620396197321e-05,0.03929,ASK
434,1712365799.946058,135653653540.2465,0.03896,6.2924941184338e-05,0.03929,BID
435,1712365800.7259514,135653653540.2465,0.03896,0.0,0.03929,BID
436,1712365803.2862198,135660177210.38297,0.03895,-8.057416682212228e-05,0.03929,ASK
437,1712365811.5361192,135664028301.52544,0.03895,-4.756501381460826e-05,0.03929,ASK
438,1712365812.449146,135664618650.60144,0.03896,7.291430120949144e-06,0.03929,BID
439,1712365812.4512126,135664652018.15788,0.03896,4.121243110431452e-07,0.03929,BID
440,1712365815.377489,135664652018.15788,0.03895,-0.0,0.03929,ASK
441,1712365815.3809907,135671891679.26189,0.03895,-8.941740605026534e-05,0.03929,ASK
442,1712365815.384776,135697186196.87209,0.03894,-0.0003124138159936,0.03929,ASK
443,1712365815.3885555,135771079379.82994,0.03894,-0.0009126582929757,0.03929,ASK
444,1712365816.016287,135771404627.71075,0.03893,-4.017152378814369e-06,0.03929,ASK
445,1712365816.0207918,135800860504.693,0.03893,-0.0003638109677863,0.03929,ASK
446,1712365816.0255172,135823464588.93138,0.03893,-0.0002791841426976,0.03929,ASK
447,1712365816.636017,135841078588.93138,0.03894,-0.000217551369815,0.03929,ASK
448,1712365819.4961915,135849536629.201,0.03893,-0.0001044656663224,0.03929,ASK
449,1712365819.915822,135862370304.76569,0.03895,0.0001585093504518,0.03929,BID
450,1712365824.086033,135879984092.26028,0.03895,0.0002175487451504,0.03929,BID
451,1712365825.9783678,135897914023.31528,0.03895,0.0002214534496256,0.03929,BID
452,1712365826.336136,135972101126.69296,0.03893,-0.0009162885183618,0.03929,ASK
453,1712365826.6136873,135974667861.80592,0.03895,3.1701870090476875e-05,0.03929,BID
454,1712365828.3860662,135987541986.21486,0.03893,-0.0001590089360926,0.03929,ASK
455,1712365830.6302054,135987541986.21486,0.03893,-0.0,0.03929,ASK
456,1712365831.7059507,135998253318.6924,0.03895,0.0001322749479534,0.03929,BID
457,1712365833.0125322,136001312982.12944,0.03893,-3.778398464770549e-05,0.03929,ASK
458,1712365833.6906304,136011457892.70076,0.03893,-0.0001252801666486,0.03929,ASK
459,1712365836.1393583,136011714632.11026,0.03895,3.1704918226037072e-06,0.03929,BID
460,1712365838.2480843,136165797837.11026,0.03894,-0.001902783613954,0.03929,ASK
461,1712365838.2559168,136171847730.8626,0.03894,-7.471053511708326e-05,0.03929,ASK
462,1712365842.4161608,136174408550.3248,0.03895,3.162372765419427e-05,0.03929,BID
463,1712365844.1048937,136188729406.44408,0.03894,-0.0001768491923667,0.03929,ASK
464,1712365844.1079595,136192408550.3248,0.03894,-4.543398931535888e-05,0.03929,ASK
465,1712365844.7260492,136194969369.78703,0.03895,3.1623727654382704e-05,0.03929,BID
466,1712365845.8860629,136197530189.24928,0.03895,3.1623727654382704e-05,0.03929,BID
467,1712365847.5562372,136256879810.95312,0.03894,-0.0007329123746643,0.03929,ASK
468,1712365847.6561863,136266403976.80678,0.03895,0.0001176145493787,0.03929,BID
469,1712365849.5058846,136266912445.86829,0.03894,-6.279117821052305e-06,0.03929,ASK
470,1712365849.7658978,136269473265.3305,0.03895,3.162372765419427e-05,0.03929,BID
471,1712365851.106109,136356028632.56216,0.03894,-0.0010688779122172,0.03929,ASK
472,1712365851.1106434,136372828632.56216,0.03893,-0.0002074643029032,0.03929,ASK
473,1712365851.114232,136378106734.2832,0.03893,-6.517962465523304e-05,0.03929,ASK
474,1712365851.1182618,136402241148.3274,0.03894,-0.0002980374634321,0.03929,ASK
475,1712365851.1218483,136580019346.61516,0.03893,-0.0021953946416175,0.03929,ASK
476,1712365851.1241732,136595582255.2187,0.03892,-0.0001921873800344,0.03929,ASK
477,1712365851.126261,136600601682.3148,0.03892,-6.198523473013009e-05,0.03929,ASK
478,1712365851.128359,136617001407.94,0.03892,-0.0002025212883712,0.03929,ASK
479,1712365851.1304555,136617279477.55212,0.03892,-3.433899895082688e-06,0.03929,ASK
480,1712365851.1325622,136683461104.5275,0.03892,-0.0008172812562768,0.03929,ASK
481,1712365853.616118,136684592595.39972,0.03893,-1.397285506233018e-05,0.03929,ASK
482,1712365853.8560505,136685876292.4472,0.03893,-1.5852459112830103e-05,0.03929,ASK
483,1712365854.4260235,136688437111.90944,0.03894,3.1623727654382704e-05,0.03929,BID
484,1712365856.0062294,136690997931.37166,0.03894,3.162372765419427e-05,0.03929,BID
485,1712365856.471034,136691379283.1678,0.03893,-4.709338365742121e-06,0.03929,ASK
486,1712365857.5560794,136693940102.63002,0.03894,3.1623727654382704e-05,0.03929,BID
487,1712365858.4562552,136708343562.91418,0.03893,-0.0001778692766219,0.03929,ASK
488,1712365858.459963,136712343562.91418,0.03893,-4.939626259601878e-05,0.03929,ASK
489,1712365858.501943,136866466346.91418,0.03893,0.0019032723776233,0.03929,BID
490,1712365858.516094,137020628731.2924,0.03893,0.0019037614052937,0.03929,BID
491,1712365858.538406,137122848470.027,0.03893,0.0012623182642575,0.03929,BID
492,1712365858.619333,137276971254.027,0.03893,0.0019032723776233,0.03929,BID
493,1712365858.6363142,137319217622.46349,0.03894,0.0005217031772542,0.03929,BID
494,1712365858.6399896,137440336964.53284,0.03894,0.0014957107065786,0.03929,BID
495,1712365858.6436863,137552252980.47458,0.03894,0.0013820582280396,0.03929,BID
496,1712365859.2264469,137603968515.35464,0.03893,-0.0006386385353073,0.03929,ASK
497,1712365860.9269233,137603968515.35464,0.03893,-0.0,0.03929,ASK
498,1712365861.5559928,137606529334.81686,0.03893,-3.159917022769299e-05,0.03929,ASK
499,1712365861.5587263,137641811733.06512,0.03893,-0.0004353663054879,0.03929,ASK
500,1712365862.5562837,137649612043.8794,0.03893,9.625174788207338e-05,0.03929,BID
501,1712365863.0560777,137662562568.3603,0.03893,0.0001598026856821,0.03929,BID
502,1712365864.1681817,138157101833.80807,0.03892,-0.0061023553841707,0.03929,ASK
503,1712365864.1719916,138158138909.83563,0.03892,-1.2796974725209843e-05,0.03929,ASK
504,1712365864.1757543,138183793091.46722,0.03891,-0.0003165591578745,0.03929,ASK
505,1712365864.1794794,138194070583.75912,0.03892,-0.0001268188692084,0.03929,ASK
506,1712365864.1832266,138231508561.4815,0.03891,-0.0004619650266188,0.03929,ASK
507,1712365864.1866448,138296120274.40878,0.03891,-0.0007972746793022,0.03929,ASK
508,1712365864.188766,138296890888.3312,0.03892,-9.508971980950778e-06,0.03929,ASK
509,1712365864.1908927,138338395567.6158,0.03891,-0.0005121459928391,0.03929,ASK
510,1712365864.1930685,138339691219.89246,0.03892,-1.5987670138223333e-05,0.03929,ASK
511,1712365864.1952431,138340091219.89246,0.03891,-4.935790389582365e-06,0.03929,ASK
512,1712365864.197544,138341222291.59637,0.03891,-1.3956832115323176e-05,0.03929,ASK
513,1712365865.946211,138341736034.21133,0.03893,6.339314654092708e-06,0.03929,BID
514,1712365866.456972,138341890079.97293,0.03893,1.9008439741119688e-06,0.03929,BID
515,1712365867.9435809,138343300528.69357,0.03891,-1.7404198100859923e-05,0.03929,ASK
516,1712365867.9458404,138345151915.04117,0.03891,-2.2845137354661145e-05,0.03929,ASK
517,1712365871.6161196,138347719985.93765,0.03893,3.1688649126584365e-05,0.03929,BID
518,1712365874.886129,138416054837.05914,0.03892,0.0008432162535974,0.03929,BID
519,1712365875.7460363,138416821316.3642,0.03892,-9.45795296924469e-06,0.03929,ASK
520,1712365877.1160507,138421397496.9714,0.03893,5.64676706551292e-05,0.03929,BID
521,1712365877.1212008,138622371162.2018,0.03893,0.0024799097135084,0.03929,BID
522,1712365877.176027,138776533546.58002,0.03893,0.0019022830381226,0.03929,BID
523,1712365877.196731,138784147276.0471,0.03893,9.394943183112932e-05,0.03929,BID
524,1712365877.2013311,138864734543.0268,0.03893,0.0009944046447028,0.03929,BID
525,1712365877.20623,138912827359.92822,0.03893,0.000593440158675,0.03929,BID
526,1712365877.3367095,138920124693.43317,0.03894,9.004527145819809e-05,0.03929,BID
527,1712365877.3405728,139071559108.55292,0.03895,0.0018686213270002,0.03929,BID
528,1712365877.344427,139074942988.31607,0.03895,4.1755303036183e-05,0.03929,BID
529,1712365877.3482757,139109717727.5096,0.03896,0.0004291020587793,0.03929,BID
530,1712365877.3521292,139203283359.92822,0.03895,0.0011545508732174,0.03929,BID
531,1712365877.6163657,139221151930.95825,0.03893,-0.0002204888029139,0.03929,ASK
532,1712365877.6215954,139306252605.15775,0.03892,-0.001050097724652,0.03929,ASK
533,1712365877.6255298,139407166473.4855,0.03892,-0.0012452242536693,0.03929,ASK
534,1712365879.525994,139407297586.78552,0.03893,-1.6178694154420162e-06,0.03929,ASK
535,1712365879.529979,139408528827.31607,0.03892,-1.5192862944858957e-05,0.03929,ASK
536,1712365879.7661798,139449884320.54465,0.03892,-0.0005103051150851,0.03929,ASK
537,1712365880.2259445,139453024608.21866,0.03892,-3.874950430477147e-05,0.03929,ASK
538,1712365880.2290196,139463726010.75784,0.03892,-0.0001320496995198,0.03929,ASK
539,1712365880.7460592,139466287486.16766,0.03893,3.160726427735963e-05,0.03929,BID
540,1712365885.996025,139470745902.8719,0.03893,-5.5014525803651215e-05,0.03929,ASK
541,1712365885.998742,139492845769.9689,0.03893,-0.0002727007790712,0.03929,ASK
542,1712365886.4960935,139493102641.2764,0.03893,3.16965732723464e-06,0.03929,BID
543,1712365890.9248862,139493102641.2764,0.03893,0.0,0.03929,BID
544,1712365892.039282,139503102641.2764,0.03891,-0.0001232828897227,0.03929,ASK
545,1712365892.0416644,139510395703.9691,0.03892,-8.991098436839456e-05,0.03929,ASK
546,1712365892.0470767,139548950865.24997,0.03891,-0.0004753191696435,0.03929,ASK
547,1712365892.05188,139549987767.98236,0.03892,-1.2783236521064893e-05,0.03929,ASK
548,1712365892.176272,139614294864.3413,0.03893,0.0007927964668812,0.03929,BID
549,1712365892.181561,139680700957.22717,0.03893,0.0008186735026168,0.03929,BID
550,1712365895.3703897,139706297523.2216,0.03894,-0.0003155618622771,0.03929,ASK
551,1712365896.0361867,139766955331.88727,0.03894,-0.0007478069936556,0.03929,ASK
552,1712365897.6160142,139816930344.381,0.03894,-0.000616106395416,0.03929,ASK
553,1712365897.8158672,139921038536.88727,0.03894,-0.0012834758815986,0.03929,ASK
554,1712365898.008727,139943687047.7904,0.03894,0.0002792173872056,0.03929,BID
555,1712365898.012495,139979052439.295,0.03895,0.0004359947660865,0.03929,BID
556,1712365899.9710376,140007495002.64798,0.03894,-0.0003506481401276,0.03929,ASK
557,1712365902.457037,140033168943.59793,0.03894,-0.0003165157630881,0.03929,ASK
558,1712365904.746068,140071679855.02283,0.03894,-0.0004747736446319,0.03929,ASK
559,1712365904.8259797,140073201883.26416,0.03895,1.87640039831208e-05,0.03929,BID
560,1712365905.6366189,140134697252.0213,0.03894,-0.0007581326764948,0.03929,ASK
561,1712365905.6435435,140167372213.9355,0.03894,-0.0004028263726362,0.03929,ASK
562,1712365908.5064938,140169415744.68134,0.03894,-2.519323755856797e-05,0.03929,ASK
563,1712365908.9921415,140176200644.60712,0.03895,8.364620693301614e-05,0.03929,BID
564,1712365909.001099,140178529707.50827,0.03895,2.871336048003237e-05,0.03929,BID
565,1712365910.0060475,140179043318.19138,0.03894,-6.331940920573119e-06,0.03929,ASK
566,1712365911.3451405,140179043318.19138,0.03895,0.0,0.03929,BID
567,1712365911.3483138,140179211798.6842,0.03896,2.07707620177988e-06,0.03929,BID
568,1712365914.5560985,140333295003.61487,0.03896,0.0018995822761598,0.03929,BID
569,1712365915.0360167,140341150915.18262,0.03894,-9.684994794786838e-05,0.03929,ASK
570,1712365915.7959514,140342050915.18262,0.03894,-1.1095460075049846e-05,0.03929,ASK
571,1712365915.946037,140343072680.55554,0.03894,-1.2596618779283986e-05,0.03929,ASK
572,1712365916.8261273,140343307934.1388,0.03894,-2.9002741560938456e-06,0.03929,ASK
573,1712365917.3733482,140497391139.06943,0.03896,0.0018995822761595,0.03929,BID
574,1712365918.3360994,140651474344.0001,0.03896,0.0018995822761598,0.03929,BID
575,1712365918.5959363,140805557548.93076,0.03896,0.0018995822761598,0.03929,BID
576,1712365918.795987,140959640753.86142,0.03896,0.0018995822761598,0.03929,BID
577,1712365920.6019735,140960411169.88608,0.03894,-9.49791138085968e-06,0.03929,ASK
578,1712365920.6092565,140960411169.88608,0.03894,-0.0,0.03929,ASK
579,1712365923.7565007,140961694537.44254,0.03896,1.581058657225469e-05,0.03929,BID
580,1712365928.5563252,140988214113.0845,0.03894,-0.0003267108042719,0.03929,ASK
581,1712365933.5759895,141042637620.01688,0.03896,0.0006704763289288,0.03929,BID
582,1712365941.1468933,141932021620.01688,0.03896,0.0109568631817315,0.03929,BID
583,1712365941.5660093,141934470567.65546,0.03896,3.017007750887032e-05,0.03929,BID
584,1712365941.80615,141938123772.26,0.03896,4.500605253407001e-05,0.03929,BID
585,1712365942.846348,142288123772.26,0.03896,0.004311863170021,0.03929,BID
586,1712365943.4362538,142293897266.914,0.03896,7.11271970310299e-05,0.03929,BID
587,1712365944.056568,142298798366.5724,0.03896,6.03796317417101e-05,0.03929,BID
588,1712365944.0761256,142307086081.8419,0.03896,0.0001021014120976,0.03929,BID
589,1712365944.1185422,142311528033.18195,0.03895,-5.472310396062633e-05,0.03929,ASK
590,1712365945.1160035,142315378135.85135,0.03896,4.743175971714004e-05,0.03929,BID
591,1712365945.29582,142378280967.42136,0.03896,0.0007749382935335,0.03929,BID
592,1712365946.8315644,142728280967.42136,0.03896,0.004311863170021,0.03929,BID
593,1712365947.3060265,142806976967.42136,0.03896,0.0009695039543656,0.03929,BID
594,1712365948.915985,142877889742.77435,0.03896,0.0008736176695101,0.03929,BID
595,1712365950.2161078,143014467240.02316,0.03896,0.0016825813721165,0.03929,BID
596,1712365950.2459872,143198763180.81708,0.03896,0.0022704539414104,0.03929,BID
597,1712365950.2600455,143319697173.6042,0.03896,0.0014898595128638,0.03929,BID
598,1712365950.316522,143369385149.95932,0.03896,0.0006121364435387,0.03929,BID
599,1712365950.3810194,143405469678.91266,0.03896,0.0004445472897184,0.03929,BID
600,1712365950.3859887,143419073126.31445,0.03896,0.0001675891538203,0.03929,BID
601,1712365950.4018416,143425338544.48203,0.03896,7.718750240438523e-05,0.03929,BID
602,1712365950.626086,143425338544.48203,0.03896,0.0,0.03929,BID
603,1712365952.18589,143431049709.77975,0.03896,7.027618075523298e-05,0.03929,BID
604,1712365952.4461882,143431306383.29105,0.03896,3.1583806691382563e-06,0.03929,BID
605,1712365954.5160518,143484854063.4821,0.03895,-0.0006589069403445,0.03929,ASK
606,1712365957.166051,143488704166.1515,0.03896,4.737571003744937e-05,0.03929,BID
607,1712365958.5760489,143489217256.50058,0.03896,6.313602957839446e-06,0.03929,BID
608,1712365959.81607,143496217256.50058,0.03896,8.613535760945351e-05,0.03929,BID
609,1712365959.8218224,143532322131.15964,0.03896,0.0004442723271717,0.03929,BID
610,1712365961.042734,143533604840.2412,0.03898,1.5783800778603703e-05,0.03929,BID
611,1712365967.53608,143533861382.05753,0.03898,3.1567601557207407e-06,0.03929,BID
612,1712365971.2660587,143546747979.99567,0.03898,0.0001585702459672,0.03929,BID
613,1712365971.2687716,143563753420.8756,0.03898,0.0002092528187857,0.03929,BID
614,1712365971.6658337,143564118715.64096,0.03898,-4.4949707494733e-06,0.03929,ASK
615,1712365978.6361938,143574118715.64096,0.039,0.0001230505108706,0.03929,BID
616,1712365978.6461716,143615347474.50278,0.039,0.0005073219840509,0.03929,BID
617,1712365980.9368258,143615347474.50278,0.039,0.0,0.03929,BID
618,1712365982.0961332,143652912626.3779,0.039,-0.0004621989984337,0.03929,ASK
619,1712365985.9161775,143655091203.7559,0.039,2.6805063519110905e-05,0.03929,BID
620,1712365986.7960515,143665271011.28802,0.039,0.0001252516391053,0.03929,BID
621,1712365991.3777263,143670668952.3184,0.039,6.641588848443679e-05,0.03929,BID
622,1712365991.3822782,143675271011.28802,0.039,5.6623411335305725e-05,0.03929,BID
623,1712365991.9760854,143680399216.41623,0.039,6.309707683062756e-05,0.03929,BID
624,1712365994.4461348,143690650501.03033,0.039,0.0001261310881172,0.03929,BID
625,1712365996.1158826,143699958898.11383,0.039,0.0001145298659597,0.03929,BID
626,1712366001.6561463,143703734292.46793,0.039,4.645218778713143e-05,0.03929,BID
627,1712366002.436013,143703746688.50787,0.039,1.5252000756791594e-07,0.03929,BID
628,1712366002.4502974,143719534292.46793,0.03901,0.0001942495737076,0.03929,BID
629,1712366003.1216602,143728987330.92947,0.039,-0.0001163095233477,0.03929,ASK
630,1712366003.5869975,143728987330.92947,0.039,-0.0,0.03929,ASK
631,1712366003.59277,143803180824.77994,0.03898,-0.0009128715534541,0.03929,ASK
632,1712366003.597413,143804409371.82983,0.03899,-1.5115956881484366e-05,0.03929,ASK
633,1712366003.6018355,143820611115.54877,0.03898,-0.0001993451203036,0.03929,ASK
634,1712366003.606153,143870297190.6609,0.03896,-0.0006113339892586,0.03929,ASK
635,1712366003.608733,143886807984.54562,0.03898,-0.0002031476519045,0.03929,ASK
636,1712366003.611349,143900693264.70834,0.03897,-0.0001708435149021,0.03929,ASK
637,1712366003.6139922,143909693264.70834,0.03896,-0.0001107353698377,0.03929,ASK
638,1712366006.79712,143915847110.86218,0.039,-7.571649219667796e-05,0.03929,ASK
639,1712366006.8001623,143917385572.40063,0.039,-1.892912304907562e-05,0.03929,ASK
640,1712366007.5985842,143922549156.08792,0.039,-6.353237214443601e-05,0.03929,ASK
641,1712366008.609533,143925308726.2468,0.039,-3.3953558015137554e-05,0.03929,ASK
642,1712366009.2060573,143925578726.2468,0.03898,-3.322061095133048e-06,0.03929,ASK
643,1712366009.2111328,143925828726.2468,0.03898,-3.0759824954935627e-06,0.03929,ASK
644,1712366010.9561193,143925828726.2468,0.03898,-0.0,0.03929,ASK
645,1712366012.765973,143926085268.0631,0.03898,3.156002532052796e-06,0.03929,BID
646,1712366014.4887683,143935792503.76764,0.03896,-0.0001194193636843,0.03929,ASK
647,1712366014.4915357,144010163156.4967,0.03896,-0.0009149150485292,0.03929,ASK
648,1712366015.0416806,144011987906.24002,0.03896,2.244824993055181e-05,0.03929,BID
649,1712366015.6366055,144015838997.38254,0.03895,-4.737650014156278e-05,0.03929,ASK
650,1712366015.6403549,144023793605.85492,0.03895,-9.78583719448262e-05,0.03929,ASK
651,1712366020.1366374,144032030120.6579,0.039,0.000101326411214,0.03929,BID
652,1712366020.14262,144034793605.85492,0.03898,3.3996665356074216e-05,0.03929,BID
653,1712366021.760368,144076025212.17233,0.03894,-0.0005072352562544,0.03929,ASK
654,1712366021.7635317,144079877292.2956,0.03894,-4.738866667945974e-05,0.03929,ASK
655,1712366021.7664156,144123587516.59186,0.03894,-0.0005377274572126,0.03929,ASK
656,1712366028.0663576,144128111233.37363,0.03894,-5.565120658551341e-05,0.03929,ASK
657,1712366028.0723312,144133520875.52682,0.03894,-6.654994721036084e-05,0.03929,ASK
658,1712366030.5963104,144136087645.55734,0.03894,-3.157665612522841e-05,0.03929,ASK
659,1712366030.5997066,144304126575.89783,0.03894,-0.0020672313670199,0.03929,ASK
660,1712366030.6023583,144314411043.86862,0.03894,-0.0001265205315176,0.03929,ASK
661,1712366030.6159678,144372108100.43362,0.03894,0.0007097948366739,0.03929,BID
662,1712366031.3361628,144376251813.57318,0.03895,-5.097636458806327e-05,0.03929,ASK
663,1712366033.9572232,144389616669.11716,0.03895,-0.0001644157609204,0.03929,ASK
664,1712366038.0260055,144401161050.85138,0.03895,-0.0001420201139431,0.03929,ASK
665,1712366039.996078,144403093429.24847,0.03895,-2.3772308162946813e-05,0.03929,ASK
666,1712366040.566119,144403093429.24847,0.03895,-0.0,0.03929,ASK
667,1712366051.1462626,144418984644.17767,0.03895,0.0001954505886995,0.03929,BID
668,1712366051.2661848,144465272060.71594,0.03894,-0.0005693021491493,0.03929,ASK
669,1712366051.2724347,144550014709.71484,0.03895,-0.0010422740305629,0.03929,ASK
670,1712366051.2774885,144576193104.7573,0.03894,-0.0003219755534774,0.03929,ASK
671,1712366051.2825196,144576963392.44342,0.03894,-9.4739881369851e-06,0.03929,ASK
672,1712366053.957394,144578258711.90417,0.03893,-1.5931503808012846e-05,0.03929,ASK
673,1712366053.960624,145138820322.46085,0.03893,-0.0068945072654187,0.03929,ASK
674,1712366053.9633284,145139856958.47437,0.03893,-1.2749882247030658e-05,0.03929,ASK
675,1712366057.6360736,145140056958.47437,0.03893,-2.4598570917377143e-06,0.03929,ASK
676,1712366057.6416576,145464724797.53912,0.03893,-0.003993182431913,0.03929,ASK
677,1712366068.6560335,145503226347.99655,0.03894,-0.000473541559678,0.03929,ASK
678,1712366070.6462817,145503226347.99655,0.03894,-0.0,0.03929,ASK
679,1712366071.9760294,145507080407.60602,0.03892,-4.737722125481519e-05,0.03929,ASK
680,1712366071.9798949,145509121041.96082,0.03892,-2.5085129739545805e-05,0.03929,ASK
681,1712366072.056008,145543621041.96082,0.03892,0.0004241019337833,0.03929,BID
682,1712366075.046142,145549492434.6657,0.03892,7.217591304775412e-05,0.03929,BID
683,1712366078.5360377,145549492434.66577,0.03892,7.502935592578206e-16,0.03929,BID
684,1712366088.8658907,145552061807.73874,0.03892,-3.158481416975174e-05,0.03929,ASK
685,1712366089.2061508,145554604028.44165,0.03893,3.1251035252429546e-05,0.03929,BID
686,1712366089.212217,145576385293.09546,0.03893,0.0002677529408674,0.03929,BID
687,1712366095.066121,145584628370.41373,0.03893,0.0001013305806087,0.03929,BID
688,1712366095.149725,145714182485.26443,0.03893,0.0015925840764573,0.03929,BID
689,1712366096.6960874,145740427612.3781,0.03895,0.0003226263525014,0.03929,BID
690,1712366097.5960934,145817340674.75943,0.03893,-0.0009454776373657,0.03929,ASK
691,1712366099.816028,145821905366.33862,0.03895,5.6112884807549e-05,0.03929,BID
692,1712366100.6659956,145821905366.33862,0.03895,0.0,0.03929,BID
693,1712366107.74629,145822408289.21848,0.03898,6.208267290640035e-06,0.03929,BID
694,1712366107.7522724,145831004342.19653,0.039,0.0001061128786742,0.03929,BID
695,1712366112.287561,145831635111.4273,0.039,7.786450249600968e-06,0.03929,BID
696,1712366121.4162028,145831891521.68372,0.03899,3.1652236786567016e-06,0.03929,BID
697,1712366121.5401833,145831891521.68372,0.03896,-0.0,0.03929,ASK
698,1712366121.5455618,145867789281.22284,0.03896,-0.0004431353101681,0.03929,ASK
699,1712366123.0260432,145884035332.50488,0.039,0.0002005473061913,0.03929,BID
700,1712366130.5961246,145884035332.50488,0.039,0.0,0.03929,BID
701,1712366137.5864587,145930133148.33206,0.039,0.0005690315926685,0.03929,BID
702,1712366137.5921743,146041900392.77362,0.039,0.001379655239007,0.03929,BID
703,1712366137.5971622,146042453579.02298,0.03898,6.828532911304531e-06,0.03929,BID
704,1712366137.6003444,146110422497.89655,0.039,0.0008390085617847,0.03929,BID
705,1712366137.6059084,146111704549.1786,0.039,1.5825645311242066e-05,0.03929,BID
706,1712366138.246088,146137371900.30795,0.03896,-0.0003168378681428,0.03929,ASK
707,1712366143.1462276,146274839357.54443,0.03896,-0.0016968987516594,0.03929,ASK
708,1712366143.151446,146318479793.77524,0.03896,-0.0005386976907162,0.03929,ASK
709,1712366143.3463883,146337576937.856,0.03896,0.0002357352103715,0.03929,BID
710,1712366144.8570735,146355368587.57135,0.03896,-0.0002196201835611,0.03929,ASK
711,1712366144.8621151,146443189218.82608,0.03894,-0.001084058165779,0.03929,ASK
712,1712366144.868856,146511200958.12726,0.03893,-0.0008395371372863,0.03929,ASK
713,1712366144.871709,146546923249.71088,0.03892,-0.0004409560867222,0.03929,ASK
714,1712366144.8745816,146547923249.71088,0.03893,-1.2344003342844152e-05,0.03929,ASK
715,1712366144.8774457,146561920105.34268,0.03892,-0.0001727772327083,0.03929,ASK
716,1712366144.880356,146564488818.41742,0.03893,-3.170820278136778e-05,0.03929,ASK
717,1712366144.883269,146883833770.81277,0.03892,-0.0039419951598886,0.03929,ASK
718,1712366146.0361073,146927368687.98337,0.03897,-0.0005373951630842,0.03929,ASK
719,1712366149.5763006,146927368687.98337,0.03897,-0.0,0.03929,ASK
720,1712366153.846205,146933989376.61237,0.03896,-8.172580256827915e-05,0.03929,ASK
721,1712366153.8564675,146940403005.97583,0.03896,-7.916986230236742e-05,0.03929,ASK
722,1712366157.526221,146945389501.43445,0.03896,6.15533166102598e-05,0.03929,BID
723,1712366160.9060528,146945389501.43445,0.03896,0.0,0.03929,BID
724,1712366162.9760983,147016051073.36322,0.03896,0.0008718017855285,0.03929,BID
725,1712366162.9801738,147019274883.02682,0.03896,3.977441973365501e-05,0.03929,BID
726,1712366163.6362572,147036765650.21378,0.03897,0.0002157959644489,0.03929,BID
727,1712366168.0560338,147037255166.8104,0.03897,-6.039512444022429e-06,0.03929,ASK
728,1712366169.1159823,147066723079.38596,0.03896,-0.0003635664774776,0.03929,ASK
729,1712366170.3260052,147078149847.00873,0.03897,0.0001409801132982,0.03929,BID
730,1712366181.4462397,147079175488.03436,0.039,1.2654058677905645e-05,0.03929,BID
731,1712366181.4516516,147086008294.94473,0.039,8.430117108966857e-05,0.03929,BID
732,1712366181.454501,147268057136.78937,0.039,0.0022460653087868,0.03929,BID
733,1712366182.5261211,147285417136.78937,0.03902,0.0002141825971835,0.03929,BID
734,1712366183.896362,147290549289.72754,0.03898,-6.331900031340288e-05,0.03929,ASK
735,1712366190.9260352,147290549289.72754,0.03898,-0.0,0.03929,ASK
736,1712366194.4210825,147298444137.791,0.03902,9.738815531940572e-05,0.03929,BID
737,1712366194.4270778,147325240238.58066,0.03902,0.0003305475678172,0.03929,BID
738,1712366194.4363778,147325692869.17252,0.03901,5.58349673456942e-06,0.03929,BID
739,1712366196.9262624,147347917217.9209,0.03902,0.0002741519925888,0.03929,BID
740,1712366196.9363954,147378551608.28067,0.03902,0.000377895399949,0.03929,BID
741,1712366197.015658,147439817676.96338,0.03902,0.0007557573451358,0.03929,BID
742,1712366197.056286,147440074596.49182,0.03902,3.169271750318372e-06,0.03929,BID
743,1712366197.1939,147452469959.03348,0.03902,0.0001529049682458,0.03929,BID
744,1712366199.05661,147463891866.03348,0.03901,0.0001408967524163,0.03929,BID
745,1712366199.0761683,147463891866.88382,0.03901,1.0489526628394376e-11,0.03929,BID
746,1712366199.0839975,147475313866.03348,0.03902,0.000140897889143,0.03929,BID
747,1712366200.798929,147487644677.74496,0.03902,0.0001521086912024,0.03929,BID
748,1712366200.802515,147495383016.8155,0.03905,9.545751371758166e-05,0.03929,BID
749,1712366200.806079,147510259972.65237,0.03903,0.0001835170574631,0.03929,BID
750,1712366205.6119516,147520259972.65237,0.03906,0.000123356592219,0.03929,BID
751,1712366207.9360893,147565649425.75055,0.03906,-0.0005599088256878,0.03929,ASK
752,1712366209.6461945,147565813654.563,0.03908,2.0258706646656123e-06,0.03929,BID
753,1712366209.6514766,147568649425.75055,0.03908,3.498110700105649e-05,0.03929,BID
754,1712366213.1660492,147573377996.60287,0.03908,5.833003864093069e-05,0.03929,BID
755,1712366213.2261908,147590325409.66238,0.03908,-0.000209057512195,0.03929,ASK
756,1712366213.2461376,147590325409.66238,0.03908,-0.0,0.03929,ASK
757,1712366214.2465887,147621177727.62225,0.03907,-0.0003805836805588,0.03929,ASK
758,1712366217.2364233,147628850450.24252,0.03908,9.464809154786811e-05,0.03929,BID
759,1712366218.4863596,147642557755.08887,0.03908,0.0001690886414352,0.03929,BID
760,1712366220.5961432,147642557755.08887,0.03908,0.0,0.03929,BID
761,1712366221.9562843,147683532532.51663,0.03908,-0.0005053652222731,0.03929,ASK
762,1712366222.0164018,147691178451.1451,0.03908,-9.430146079440524e-05,0.03929,ASK
763,1712366222.0217304,147713223614.25543,0.03908,-0.0002718955282902,0.03929,ASK
764,1712366222.027192,147763977387.926,0.03907,-0.0006259751418404,0.03929,ASK
765,1712366222.8259342,147779322837.00287,0.03908,-0.0001892641466396,0.03929,ASK
766,1712366223.3260984,147784453015.36096,0.03909,6.327340595832062e-05,0.03929,BID
767,1712366223.332805,147810153614.099,0.03909,0.000316980093832,0.03929,BID
768,1712366225.3563814,147810153614.099,0.03908,-0.0,0.03929,ASK
769,1712366227.0760725,147812346991.7003,0.03909,2.70521727899056e-05,0.03929,BID
770,1712366229.7660582,147827750758.29886,0.03909,0.0001899834097855,0.03929,BID
771,1712366230.6963596,147943019512.54266,0.03909,0.0014216750710181,0.03929,BID
772,1712366230.703124,148004285581.2254,0.03909,0.0007556292519767,0.03929,BID
773,1712366230.7082877,148015586829.94983,0.03909,0.0001393847247529,0.03929,BID
774,1712366230.838019,148026728833.8556,0.03909,-0.0001374206678811,0.03929,ASK
775,1712366230.844762,148032443432.40482,0.03907,-7.048139239126254e-05,0.03929,ASK
776,1712366234.0908506,148037559891.32407,0.03907,-6.310419632020935e-05,0.03929,ASK
777,1712366234.0998387,148043585436.40982,0.03907,-7.431647278493524e-05,0.03929,ASK
778,1712366239.0263908,148060439436.40982,0.03909,0.0002078699627156,0.03929,BID
779,1712366241.6960666,148245680486.3125,0.03909,0.0022846831693769,0.03929,BID
780,1712366241.701398,148314886656.39154,0.03909,0.0008535590360759,0.03929,BID
781,1712366242.9289792,148417295787.47784,0.03909,0.0012630700285186,0.03929,BID
782,1712366242.932248,148424188374.2529,0.03909,8.50101908119808e-05,0.03929,BID
783,1712366243.0305626,148437119419.6976,0.03909,-0.0001594859341678,0.03929,ASK
784,1712366243.2461753,148441477047.6327,0.0391,5.3745102432401504e-05,0.03929,BID
785,1712366243.2529998,148452531371.62308,0.0391,0.0001363392616428,0.03929,BID
786,1712366243.9862018,148539086738.85474,0.03909,-0.0010675365467714,0.03929,ASK
787,1712366245.1004324,148565635369.14752,0.03909,-0.0003274393490633,0.03929,ASK
788,1712366246.9061086,148573360823.62653,0.03909,-9.528242165136324e-05,0.03929,ASK
789,1712366247.6061327,148634206463.3041,0.03909,-0.0007504438620617,0.03929,ASK
790,1712366248.5077262,148659783250.4511,0.03909,-0.0003154530550987,0.03929,ASK
791,1712366248.9661045,148722594355.1111,0.03909,-0.0007746850589654,0.03929,ASK
792,1712366250.613562,148726431653.65292,0.03909,-4.7327584242002667e-05,0.03929,ASK
793,1712366250.6261644,148726431653.65292,0.03909,-0.0,0.03929,ASK
794,1712366250.9210384,148797206653.65292,0.03909,-0.0008724524238413,0.03929,ASK
795,1712366251.1029863,148802653575.65292,0.03909,-6.7144900054748e-05,0.03929,ASK
796,1712366251.208459,148828808896.20038,0.03909,-0.0003224199619636,0.03929,ASK
797,1712366251.2622955,148865577396.20038,0.03909,-0.0004532499745109,0.03929,ASK
798,1712366251.2660034,148885019708.81232,0.03909,-0.0002396678596025,0.03929,ASK
799,1712366251.2697115,149106328355.52502,0.03908,-0.0027280998267969,0.03929,ASK
800,1712366251.2733986,149114469006.5536,0.03909,-0.0001003508402898,0.03929,ASK
801,1712366251.2771091,149116799161.84442,0.03908,-2.87241205427564e-05,0.03929,ASK
802,1712366255.7060845,149122019161.84442,0.03907,-6.434760370825662e-05,0.03929,ASK
803,1712366256.1462145,149149860553.50467,0.03909,0.0003432043749501,0.03929,BID
804,1712366256.7060215,149151052422.41077,0.03907,-1.4692319548227893e-05,0.03929,ASK
805,1712366259.2180195,149159867171.04742,0.03907,-0.0001086605272144,0.03929,ASK
806,1712366269.136058,149250044284.78033,0.03907,-0.0011116247467508,0.03929,ASK
807,1712366269.1618795,149484028201.92938,0.03907,-0.0028843494970905,0.03929,ASK
808,1712366269.2361362,149485028201.92938,0.03907,-1.2327127147175598e-05,0.03929,ASK
809,1712366269.2430816,149543995683.37296,0.03907,-0.0007268996413036,0.03929,ASK
810,1712366269.250003,150370601162.87177,0.03907,-0.0101896708463338,0.03929,ASK
811,1712366269.3808515,150380601162.87177,0.03906,-0.0001232712714717,0.03929,ASK
812,1712366269.386262,150381084792.02493,0.03906,-5.961758063179404e-06,0.03929,ASK
813,1712366269.4569592,150381084792.02493,0.03906,-0.0,0.03929,ASK
814,1712366269.46358,150388499866.4734,0.03905,-9.140656553188774e-05,0.03929,ASK
815,1712366269.8361406,150388713551.52542,0.03905,-2.6341228058551e-06,0.03929,ASK
816,1712366273.296219,150392510403.32986,0.03907,4.680427495235639e-05,0.03929,BID
817,1712366275.7661386,150392700403.32986,0.03907,2.3421541579633634e-06,0.03929,BID
818,1712366277.526201,150493747927.32986,0.03905,0.0012456256762552,0.03929,BID
819,1712366278.7965417,150496078082.6207,0.03906,2.87241205427564e-05,0.03929,BID
820,1712366278.8121338,150498589270.16077,0.03907,3.095572809684083e-05,0.03929,BID
1021,1712366278.8159902,150498589271.11212,0.03905,1.172747380633704e-11,0.03929,BID
821,1712366278.8159902,150498589271.11212,0.03905,1.1727473806337039e-11,0.03929,BID
822,1712366280.8306074,150531871401.16843,0.03904,-0.0004102730489329,0.03929,ASK
823,1712366280.837163,150569502046.46512,0.03904,-0.0004638777492025,0.03929,ASK
824,1712366280.9461205,150569502046.46512,0.03904,-0.0,0.03929,ASK
825,1712366281.4464157,150573016760.86563,0.03904,-4.328790540305318e-05,0.03929,ASK
826,1712366281.551761,150599502045.86563,0.03904,0.0003261979156786,0.03929,BID
827,1712366284.1961515,150599702045.86563,0.03903,-2.4632388564338955e-06,0.03929,ASK
828,1712366284.2018063,150606513060.86053,0.03903,-8.388578393600185e-05,0.03929,ASK
829,1712366285.526114,150606513061.46002,0.03904,7.38340211422538e-12,0.03929,BID
830,1712366286.0265143,150606797764.61734,0.03906,3.506459398276968e-06,0.03929,BID
831,1712366286.0337474,150639947743.3252,0.03907,0.0004082815782157,0.03929,BID
832,1712366286.6462374,150641340210.49905,0.03903,-1.7149896244786507e-05,0.03929,ASK
833,1712366286.6537397,150669192413.3679,0.03904,-0.0003430331417189,0.03929,ASK
834,1712366286.659521,150744398570.7591,0.03903,-0.0009262536456454,0.03929,ASK
835,1712366288.642438,150757452064.4883,0.03907,0.0001607693648301,0.03929,BID
836,1712366290.5261598,151222423106.08472,0.03907,0.005726673683884,0.03929,BID
837,1712366290.5338156,151225023340.43134,0.03907,3.202499139212533e-05,0.03929,BID
838,1712366291.125994,151225339677.27283,0.03908,3.896065998419618e-06,0.03929,BID
839,1712366291.2860167,151238130672.41226,0.03909,0.0001575363811995,0.03929,BID
840,1712366291.2917554,151303760772.94226,0.03909,0.0008083130688857,0.03929,BID
841,1712366291.2973137,151306649921.27283,0.03909,3.5583312149261464e-05,0.03929,BID
842,1712366291.7320583,151306649922.21628,0.03909,1.1619724921669598e-11,0.03929,BID
843,1712366295.5870109,151309567317.4455,0.03909,-3.5931206440917446e-05,0.03929,ASK
844,1712366295.7663553,151382380377.8816,0.03909,0.0008967797986103,0.03929,BID
845,1712366295.7728536,151389568903.0503,0.0391,8.853527257998875e-05,0.03929,BID
846,1712366295.7785394,151417189378.67783,0.0391,0.0003401791439946,0.03929,BID
847,1712366300.931733,151417319378.67783,0.03911,1.601105256682032e-06,0.03929,BID
848,1712366300.9375043,151442255353.97418,0.03911,0.0003071163163653,0.03929,BID
849,1712366300.943081,151460935572.63943,0.03911,0.0002300692023146,0.03929,BID
850,1712366306.5961742,151464145738.49948,0.03912,3.953702641031897e-05,0.03929,BID
851,1712366306.603598,151471814450.1559,0.03912,9.444934265456784e-05,0.03929,BID
852,1712366310.9262178,151471814450.1559,0.03912,0.0,0.03929,BID
853,1712366316.656152,151500814450.1559,0.03913,0.0003570146169057,0.03929,BID
854,1712366318.226033,151511034289.1117,0.03912,-0.000125814892746,0.03929,ASK
855,1712366318.2459333,151518954662.32233,0.03912,9.750651750153124e-05,0.03929,BID
856,1712366318.266255,151545201447.3645,0.03913,0.0003231202036841,0.03929,BID
857,1712366318.2729385,151564926463.03073,0.03912,0.0002428316866047,0.03929,BID
858,1712366323.3861089,151656203897.22443,0.03913,0.0011237026965793,0.03929,BID
859,1712366326.156248,151697162194.7826,0.03913,0.0005042314107531,0.03929,BID
860,1712366326.163468,151699721048.41617,0.03913,3.150166033478631e-05,0.03929,BID
861,1712366326.1686409,151832599266.09097,0.03913,0.0016358436544237,0.03929,BID
862,1712366327.6059868,151936494137.0224,0.03914,0.0012790340532432,0.03929,BID
863,1712366329.362446,151950294137.0224,0.03913,-0.0001698897142516,0.03929,ASK
864,1712366330.896231,152017447385.8045,0.03915,0.0008267134961351,0.03929,BID
865,1712366330.9039242,152031873968.5261,0.03915,0.0001776034794347,0.03929,BID
866,1712366331.696076,152033287267.5975,0.03913,-1.739891126045129e-05,0.03929,ASK
867,1712366331.7062185,152085968260.88092,0.03913,-0.0006485477460445,0.03929,ASK
868,1712366331.7120686,152126771268.5261,0.03913,-0.0005023196601049,0.03929,ASK
869,1712366331.726168,152126771284.789,0.03913,-2.0021021391024988e-10,0.03929,ASK
870,1712366332.0465984,152130572709.68503,0.03913,-4.6798767343134246e-05,0.03929,ASK
871,1712366332.2676623,152130579104.87592,0.03913,-7.87302284387061e-08,0.03929,ASK
872,1712366334.3962295,152143353759.9602,0.03914,0.0001572668479662,0.03929,BID
873,1712366335.623733,152168896544.1237,0.03914,0.00031445335527,0.03929,BID
874,1712366337.0060608,152194445854.29233,0.03914,0.0003145336959332,0.03929,BID
875,1712366337.7862697,152205785262.26712,0.03914,0.0001395977377261,0.03929,BID
876,1712366337.793155,152219995164.46094,0.03914,0.0001749359582066,0.03929,BID
877,1712366338.1376598,152258644001.37524,0.03914,0.0004757999898211,0.03929,BID
878,1712366339.2761014,152277576615.2916,0.03913,0.0002330765484265,0.03929,BID
879,1712366340.605932,152277576615.2916,0.03913,0.0,0.03929,BID
880,1712366344.739359,152303080568.29593,0.03915,0.000313853473271,0.03929,BID
881,1712366348.1820226,152303208282.21674,0.03915,1.5716566613614242e-06,0.03929,BID
882,1712366348.5563023,152309665196.83557,0.03914,-7.945925399846966e-05,0.03929,ASK
883,1712366348.636098,152322140896.13306,0.03914,0.0001535268495568,0.03929,BID
884,1712366349.9065237,152325256732.8507,0.03915,3.8343709926626094e-05,0.03929,BID
885,1712366353.056114,152330382803.27655,0.03915,6.308178999190601e-05,0.03929,BID
886,1712366357.0463722,152335491360.10925,0.03915,6.286626645971469e-05,0.03929,BID
887,1712366358.027135,152338045791.7823,0.03915,3.143501921758494e-05,0.03929,BID
888,1712366362.566091,152338437932.8765,0.03914,4.825716405943789e-06,0.03929,BID
889,1712366363.2360637,152420566932.8765,0.03914,0.0010106853593206,0.03929,BID
890,1712366364.8762536,152420822233.06805,0.03914,3.141742451999525e-06,0.03929,BID
891,1712366366.1260612,152428414504.4017,0.03914,9.343103509002196e-05,0.03929,BID
892,1712366368.336076,152428779859.53714,0.03914,4.496086477843301e-06,0.03929,BID
893,1712366369.5360675,152429086372.94708,0.03913,-3.771975987342529e-06,0.03929,ASK
894,1712366370.636248,152429086372.94708,0.03913,-0.0,0.03929,ASK
895,1712366371.626207,152434205416.1226,0.03913,-6.299071500711552e-05,0.03929,ASK
896,1712366372.146052,152444205416.1226,0.03913,-0.0001230517361301,0.03929,ASK
897,1712366372.9060748,152453484578.47845,0.03913,-0.0001141817037722,0.03929,ASK
898,1712366372.9122295,152479084578.47845,0.03913,-0.0003150124444931,0.03929,ASK
899,1712366373.5297146,152481636610.1677,0.03913,3.140319300200168e-05,0.03929,BID
900,1712366375.5762694,152617836040.1355,0.03913,0.0016759576317471,0.03929,BID
901,1712366375.6360793,152628898247.66382,0.03913,0.0001361223841791,0.03929,BID
902,1712366375.6559286,152628898247.66382,0.03913,0.0,0.03929,BID
903,1712366375.6760402,152630793818.5025,0.03914,2.332532826577137e-05,0.03929,BID
904,1712366375.6859603,152664014451.06244,0.03914,0.0004087856511841,0.03929,BID
905,1712366377.5460787,152665720464.81726,0.03913,2.099279543926934e-05,0.03929,BID
906,1712366382.9462874,152667764409.63074,0.03914,-2.515109578524559e-05,0.03929,ASK
907,1712366384.1968057,152672247787.76315,0.03913,-5.51687462921599e-05,0.03929,ASK
908,1712366384.2060826,152758764475.72635,0.03913,-0.0010646028658099,0.03929,ASK
909,1712366384.2107005,152809526458.3528,0.03914,-0.0006246350091593,0.03929,ASK
910,1712366384.2148628,152865739577.87497,0.03913,-0.0006917121950491,0.03929,ASK
911,1712366384.220782,152980774231.59335,0.03913,-0.0014155213855174,0.03929,ASK
912,1712366385.1561835,152988437066.84238,0.03915,9.42925181071454e-05,0.03929,BID
913,1712366385.1639495,153026235296.4769,0.03915,0.0004651137779173,0.03929,BID
914,1712366385.168897,153153458060.14163,0.03915,0.0015654981944218,0.03929,BID
915,1712366385.2363667,153201361034.26077,0.03916,0.0005894544131156,0.03929,BID
916,1712366385.244045,153205939568.0374,0.03915,5.633965301461979e-05,0.03929,BID
917,1712366385.2490678,153244232904.11554,0.03916,0.0004712061486627,0.03929,BID
918,1712366385.2561855,153244232904.11554,0.03916,0.0,0.03929,BID
919,1712366388.288477,153254540555.487,0.03917,0.0001268374396682,0.03929,BID
920,1712366388.29695,153260773778.759,0.03917,7.6700894530669e-05,0.03929,BID
921,1712366388.301159,153295130916.94217,0.03917,0.0004227705501901,0.03929,BID
922,1712366389.9390292,153312194703.00293,0.03917,0.0002099728499729,0.03929,BID
923,1712366392.5862558,153312335152.44113,0.03916,-1.728254720924505e-06,0.03929,ASK
924,1712366392.5962255,153320194703.00293,0.03914,-9.671313418317565e-05,0.03929,ASK
925,1712366394.6369736,153440720026.08496,0.03917,0.0014830850252888,0.03929,BID
926,1712366394.8635485,153485094417.90363,0.03917,0.0005460345953005,0.03929,BID
927,1712366400.6960337,153485094417.90363,0.03917,0.0,0.03929,BID
928,1712366401.8660223,153510643728.07224,0.03917,0.0003171453089731,0.03929,BID
929,1712366405.8463752,153511921193.5807,0.03917,1.585726544894209e-05,0.03929,BID
930,1712366411.7661502,153513451727.15228,0.03917,1.8998616371780635e-05,0.03929,BID
931,1712366412.0661566,153523451727.15228,0.03916,-0.0001241306739321,0.03929,ASK
932,1712366415.11326,153541287191.91223,0.03916,-0.0002213928260545,0.03929,ASK
933,1712366415.117658,153566823453.40356,0.03916,-0.0003169833348627,0.03929,ASK
934,1712366418.2361512,153643051784.59036,0.03916,0.0009462274122942,0.03929,BID
935,1712366418.4382987,153700788646.4965,0.03916,0.0007166915579136,0.03929,BID
936,1712366421.389173,153779341610.07968,0.03916,0.000975083230895,0.03929,BID
937,1712366421.465987,153844692259.48236,0.03916,-0.0008112020152259,0.03929,ASK
938,1712366421.936288,153845202216.0818,0.03917,6.330125636294129e-06,0.03929,BID
939,1712366425.1263,154209020739.40158,0.03917,0.0045161038488693,0.03929,BID
940,1712366425.1334777,154848377991.21362,0.03917,0.0079363846550849,0.03929,BID
941,1712366425.1396613,154873639872.45145,0.03917,0.0003135774342845,0.03929,BID
942,1712366425.2762673,154887713223.2301,0.03917,0.0001746934516638,0.03929,BID
943,1712366425.5064187,154952605208.18515,0.03916,-0.0008055085825266,0.03929,ASK
944,1712366425.513657,154961958300.18015,0.03916,-0.0001161005612688,0.03929,ASK
945,1712366429.1567392,154964684623.19485,0.03917,3.384203131726765e-05,0.03929,BID
946,1712366430.6362057,154964684623.19485,0.03917,0.0,0.03929,BID
947,1712366434.046169,154969790571.6248,0.03917,-6.333492162418918e-05,0.03929,ASK
948,1712366437.0160384,154980339444.30316,0.03917,-0.0001308497399605,0.03929,ASK
949,1712366438.8061905,155041739444.30316,0.03917,-0.0007616144661643,0.03929,ASK
950,1712366439.4286785,155044935888.18073,0.03917,-3.964915142402105e-05,0.03929,ASK
951,1712366440.1459324,155046212375.2882,0.03917,-1.5833730406047296e-05,0.03929,ASK
952,1712366440.327181,155046467737.9031,0.03917,-3.167554749583035e-06,0.03929,ASK
953,1712366444.7060392,155051090256.41638,0.03917,-5.7338387130667616e-05,0.03929,ASK
954,1712366445.2556777,155051345488.67773,0.03918,3.1659378253736207e-06,0.03929,BID
955,1712366446.4157512,155054041212.36475,0.03918,3.343814587638585e-05,0.03929,BID
956,1712366446.4240556,155056345488.67773,0.03918,2.8582576123970432e-05,0.03929,BID
957,1712366448.1256373,155157688280.67166,0.03917,-0.001257070625799,0.03929,ASK
958,1712366452.1955028,155158003629.3334,0.03917,-3.911630336631433e-06,0.03929,ASK
959,1712366454.7854838,155193745013.0454,0.03917,-0.000443341284622,0.03929,ASK
960,1712366456.8555331,155218863209.38898,0.03917,-0.0003115697345149,0.03929,ASK
961,1712366458.1657906,155222389518.6123,0.03917,-4.374084880545913e-05,0.03929,ASK
962,1712366458.174333,155224891433.34296,0.03917,-3.1034111595671e-05,0.03929,ASK
963,1712366458.177996,155227354683.27914,0.03917,-3.0554507901939086e-05,0.03929,ASK
964,1712366460.935704,155227354683.27914,0.03917,-0.0,0.03929,ASK
965,1712366461.4761448,155228631170.38663,0.03917,1.5831709896068183e-05,0.03929,BID
966,1712366461.5796857,155234679013.34955,0.03917,7.50087444868509e-05,0.03929,BID
967,1712366462.2088523,155249857233.36078,0.03917,0.0001882488076439,0.03929,BID
968,1712366463.4854517,155253431397.26172,0.03917,-4.432878770883952e-05,0.03929,ASK
969,1712366466.0957391,155276245877.65637,0.03918,0.0002829579969279,0.03929,BID
970,1712366466.103541,155325631767.3485,0.03918,0.0006125115357466,0.03929,BID
971,1712366466.1158943,155326211365.24738,0.03918,7.188498604808805e-06,0.03929,BID
972,1712366469.0480464,155326468666.35605,0.03917,-3.1911928327123364e-06,0.03929,ASK
973,1712366469.7757635,155430566923.01562,0.03918,0.0012910850336519,0.03929,BID
974,1712366469.7837086,155431366033.98502,0.03918,9.91102296920883e-06,0.03929,BID
975,1712366469.7902176,155462914774.6776,0.03918,0.0003912851977145,0.03929,BID
976,1712366473.0858233,155465467776.59302,0.03918,-3.166376334854116e-05,0.03929,ASK
977,1712366473.5055058,155466743612.26538,0.03919,1.582363043191252e-05,0.03929,BID
978,1712366484.7312462,155467397944.63083,0.03919,8.11539742521016e-06,0.03929,BID
979,1712366484.735216,155503160469.5191,0.03919,0.0004435469154863,0.03929,BID
980,1712366484.7391958,155606382002.16074,0.03919,0.0012802114100723,0.03929,BID
981,1712366489.445662,155606767304.5338,0.03919,4.778736390731294e-06,0.03929,BID
982,1712366490.919989,155606767304.5338,0.03919,0.0,0.03929,BID
983,1712366491.4267232,155607346902.43265,0.03918,-7.187173410904912e-06,0.03929,ASK
984,1712366491.9255242,155693863590.39587,0.03918,-0.0010728307341685,0.03929,ASK
985,1712366492.7993174,155747255994.19476,0.03918,-0.0006620804970126,0.03929,ASK
986,1712366492.804199,155854808342.31882,0.03918,-0.0013336787077253,0.03929,ASK
987,1712366492.8088112,155864856814.76456,0.03918,-0.0001246038229736,0.03929,ASK
988,1712366493.3756652,155865622707.02905,0.03917,-9.49727480046766e-06,0.03929,ASK
989,1712366493.383976,155867622707.02905,0.03917,-2.4800550262037863e-05,0.03929,ASK
990,1712366493.388915,156362830037.58133,0.03917,-0.0061407071457456,0.03929,ASK
991,1712366494.0356908,156370483258.9788,0.03916,-9.490205096711685e-05,0.03929,ASK
992,1712366494.0441957,156373249346.82352,0.03916,-3.430025031117656e-05,0.03929,ASK
993,1712366498.955493,156378904059.65594,0.03916,7.01199949090103e-05,0.03929,BID
994,1712366499.1555085,156448741815.01855,0.03916,0.0008660073810291,0.03929,BID
995,1712366500.1655686,156483337212.08374,0.03915,-0.0004289924418751,0.03929,ASK
996,1712366500.1696048,156497809528.4631,0.03915,-0.0001794607048872,0.03929,ASK
997,1712366500.9658012,156510050859.1145,0.03915,-0.0001517958680471,0.03929,ASK
998,1712366517.365538,156586455262.27692,0.03915,-0.0009474356204352,0.03929,ASK
999,1712366517.377941,156586724833.74915,0.03915,-3.3427604231134784e-06,0.03929,ASK
1000,1712366517.3816547,156629925186.92126,0.03915,-0.0005356962650914,0.03929,ASK
1201,1712366519.3956852,156637030421.02194,0.03915,8.810685771869876e-05,0.03929,BID
1202,1712366520.676322,156637030421.02194,0.03915,0.0,0.03929,BID
1203,1712366521.025655,156637285914.12366,0.03914,-3.166600211414978e-06,0.03929,ASK
1204,1712366521.028621,156666334700.92084,0.03914,-0.000360032790693,0.03929,ASK
1205,1712366521.1460855,156960487957.62582,0.03915,0.0036457570032913,0.03929,BID
1206,1712366526.485511,157030291558.63574,0.03914,-0.0008651509423609,0.03929,ASK
1207,1712366528.9556153,157030587416.6239,0.03913,-3.6668855697654354e-06,0.03929,ASK
1208,1712366530.2657812,157032778323.39273,0.03915,2.715425892438415e-05,0.03929,BID
1209,1712366532.6157727,157035038049.3555,0.03913,-2.800720905342647e-05,0.03929,ASK
1210,1712366532.618566,157054355252.85864,0.03913,-0.000239418834741,0.03929,ASK
1211,1712366532.6213422,157057778323.39273,0.03913,-4.242578685752341e-05,0.03929,ASK
1212,1712366532.7411308,157225688323.39273,0.03913,-0.002081088835391,0.03929,ASK
1213,1712366535.7255056,157230364606.91766,0.03914,5.7958200433927054e-05,0.03929,BID
1214,1712366537.3955598,157238657488.08423,0.03913,-0.0001027825764335,0.03929,ASK
1215,1712366538.55605,157530900019.9503,0.03913,-0.0036220753397227,0.03929,ASK
1216,1712366539.3154206,157556449330.1189,0.03913,-0.0003166600211055,0.03929,ASK
1217,1712366541.925929,157560110266.20367,0.03913,-4.537390991073325e-05,0.03929,ASK
1218,1712366541.9354634,157565673221.8715,0.03913,-6.894767990034752e-05,0.03929,ASK
1219,1712366546.6586611,157577909193.66748,0.03913,-0.0001516535304317,0.03929,ASK
1220,1712366547.8755913,157598370888.36884,0.03913,-0.0002536037424582,0.03929,ASK
1221,1712366549.465412,157602969764.1992,0.03914,5.699880379903957e-05,0.03929,BID
1222,1712366550.5957203,157602969764.1992,0.03914,0.0,0.03929,BID
1223,1712366551.6493647,157608088612.9276,0.03913,-6.341367360838015e-05,0.03929,ASK
1224,1712366551.6976843,157659625448.92487,0.03913,-0.0006384521735504,0.03929,ASK
1225,1712366551.7953002,157669204555.96774,0.03913,-0.000118668552189,0.03929,ASK
1226,1712366551.8155632,157669204555.96774,0.03913,-0.0,0.03929,ASK
1227,1712366551.835771,157669460179.68964,0.03912,-3.1667353592010286e-06,0.03929,ASK
1228,1712366551.8381035,157672016416.90845,0.03912,-3.166735359049805e-05,0.03929,ASK
1229,1712366551.8405433,157744189200.65973,0.03912,-0.0008940958397145,0.03929,ASK
1230,1712366557.005788,157745738911.48938,0.03912,1.9198234203163856e-05,0.03929,BID
1231,1712366558.625649,157787925744.43445,0.03911,-0.000522621823164,0.03929,ASK
1232,1712366558.63546,157866674796.83954,0.03911,-0.0009755644230031,0.03929,ASK
1233,1712366560.8355508,157872684063.19943,0.03912,7.444440650416389e-05,0.03929,BID
1234,1712366563.5256388,157903876394.64014,0.03911,-0.0003864189840347,0.03929,ASK
1235,1712366565.0556,157922491452.11142,0.03911,-0.0002306083342784,0.03929,ASK
1236,1712366566.495611,157922761023.58365,0.03911,-3.339523838463461e-06,0.03929,ASK
1237,1712366570.3955796,157943909992.05328,0.03911,-0.0002619991046502,0.03929,ASK
1238,1712366579.1355858,157948796633.39493,0.03911,-6.053702610111115e-05,0.03929,ASK
1239,1712366580.2980242,157951608494.3356,0.03911,-3.483408894932102e-05,0.03929,ASK
1240,1712366580.9054337,157951608494.3356,0.03911,-0.0,0.03929,ASK
1241,1712366586.145569,157962639837.8435,0.03911,-0.0001366361639216,0.03929,ASK
1242,1712366587.1133845,158028977726.4136,0.03912,0.0008216727736185,0.03929,BID
1243,1712366587.1149707,158056410211.05414,0.03912,0.0003397835871429,0.03929,BID
1244,1712366589.0957663,158166914521.3242,0.03911,-0.0013687258529557,0.03929,ASK
1245,1712366589.3354056,158206849289.71933,0.03912,0.0004946390760745,0.03929,BID
1246,1712366589.5565245,158227299187.46982,0.03912,0.0002532960359011,0.03929,BID
1247,1712366589.5581083,158236872925.7841,0.03912,0.0001185820092279,0.03929,BID
1248,1712366589.5596795,158239872925.7841,0.03913,3.715852846674128e-05,0.03929,BID
1249,1712366591.9255784,158252657379.8879,0.03911,-0.0001583505005828,0.03929,ASK
1250,1712366597.9040616,158278695044.4412,0.03911,-0.0003225070998368,0.03929,ASK
1251,1712366599.8955424,158278850848.12854,0.03911,-1.929811917174024e-06,0.03929,ASK
1252,1712366604.1357422,158309502522.03604,0.03913,0.0003796570324817,0.03929,BID
1253,1712366605.6657467,158617999154.70642,0.03913,0.0038210936356587,0.03929,BID
1254,1712366605.6690185,158665081916.63455,0.03913,0.000583175383133,0.03929,BID
1255,1712366606.2855763,158665592902.83792,0.03914,6.3291651280014205e-06,0.03929,BID
1256,1712366606.288162,158668279921.5751,0.03914,3.328188741208917e-05,0.03929,BID
1257,1712366609.4355073,158719761423.64636,0.03915,0.0006376589534084,0.03929,BID
1258,1712366610.9057343,158719761423.64636,0.03915,0.0,0.03929,BID
1259,1712366611.3655467,158744609254.17215,0.03918,0.0003076550799542,0.03929,BID
1260,1712366611.9455483,158749609254.17215,0.03912,-6.190783530075325e-05,0.03929,ASK
1261,1712366612.2458637,158790970612.00778,0.03918,0.0005121184257407,0.03929,BID
1262,1712366613.8556404,158792246773.31458,0.03918,1.580087679962965e-05,0.03929,BID
1263,1712366614.155959,158799903741.1553,0.03918,9.480526079740006e-05,0.03929,BID
1264,1712366617.5355196,158805013603.18903,0.03914,6.326809943864577e-05,0.03929,BID
1265,1712366618.1814137,158807390810.9481,0.03918,2.9433557284757902e-05,0.03929,BID
1266,1712366619.645533,158812495456.17526,0.03918,6.32035071985186e-05,0.03929,BID
1267,1712366621.9555662,158816486212.20102,0.03918,4.941181335360856e-05,0.03929,BID
1268,1712366626.0455215,158817486212.20102,0.03917,1.2381567060150649e-05,0.03929,BID
1269,1712366627.1624868,158826451574.72336,0.03917,-0.0001110052372889,0.03929,ASK
1270,1712366627.1657298,158841851574.72336,0.03913,-0.0001906761327263,0.03929,ASK
1271,1712366627.1688504,158897023488.20248,0.03913,-0.0006831147465786,0.03929,ASK
1272,1712366627.1713858,158897278853.62146,0.03914,-3.161824059892707e-06,0.03929,ASK
1273,1712366633.7559931,158899831827.83643,0.03917,3.160982144543476e-05,0.03929,BID
1274,1712366636.8155434,158937125507.64194,0.03913,-0.0004617541974317,0.03929,ASK
1275,1712366638.6986103,158942812225.11795,0.03917,7.041047378138787e-05,0.03929,BID
1276,1712366638.7012732,159080279682.3544,0.03917,0.0017020625403614,0.03929,BID
1277,1712366638.8411028,159082785877.73218,0.03917,-3.1030626135786746e-05,0.03929,ASK
1278,1712366640.2590282,159083785877.73218,0.03917,-1.2381567060150649e-05,0.03929,ASK
1279,1712366640.615934,159083785877.73218,0.03917,-0.0,0.03929,ASK
1280,1712366641.0713198,159088914090.31836,0.03917,-6.3484103155607e-05,0.03929,ASK
1281,1712366641.7853386,159089618817.42194,0.03917,-8.724086099816804e-06,0.03929,ASK
1282,1712366645.3458548,159093029863.35278,0.03917,-4.222664097933811e-05,0.03929,ASK
1283,1712366645.3496532,159094305738.05264,0.03917,-1.5794540436520088e-05,0.03929,ASK
1284,1712366645.3533485,159102484667.07996,0.03917,-0.0001012500876955,0.03929,ASK
1285,1712366645.9857316,159103250363.86404,0.03918,9.4788530721113e-06,0.03929,BID
1286,1712366648.975589,159106441581.63275,0.03917,3.950530416124268e-05,0.03929,BID
1287,1712366649.0755568,159108996512.6496,0.03914,-3.1628467327182577e-05,0.03929,ASK
1288,1712366649.085667,159141465771.41885,0.03913,-0.0004019493611961,0.03929,ASK
1289,1712366649.0883017,159237579274.46573,0.03913,-0.0011898257803344,0.03929,ASK
1290,1712366652.496811,159240132248.6807,0.03917,3.1604243328994145e-05,0.03929,BID
1291,1712366661.6455486,159240848798.33603,0.03917,-8.870441985564962e-06,0.03929,ASK
1292,1712366670.6055205,159240848798.33603,0.03917,-0.0,0.03929,ASK
1293,1712366671.755563,159247666298.33603,0.03917,-8.439001586057148e-05,0.03929,ASK
1294,1712366674.0758228,159260274669.9542,0.03918,0.0001560719737195,0.03929,BID
1295,1712366675.5255587,159273036283.0221,0.03918,0.0001579688638366,0.03929,BID
1296,1712366676.755628,159275588605.63568,0.03918,3.1593772767415285e-05,0.03929,BID
1297,1712366677.8155909,159294300847.78528,0.03917,-0.0002316283698997,0.03929,ASK
1298,1712366677.81759,159295090051.25732,0.03917,-9.769107960861231e-06,0.03929,ASK
1299,1712366680.545589,159321560406.34406,0.03917,0.0003276617067259,0.03929,BID
1300,1712366682.0593295,159324314179.14603,0.03917,3.408741187162153e-05,0.03929,BID
1301,1712366682.195902,159330329939.73816,0.03918,7.44657325681655e-05,0.03929,BID
1302,1712366682.6556802,159331155559.9859,0.03918,1.021989084000454e-05,0.03929,BID
1303,1712366682.6585877,159403552768.2654,0.03918,0.0008961645111799,0.03929,BID
1304,1712366682.6621385,159476748093.56503,0.03918,0.0009060439549621,0.03929,BID
1305,1712366683.2587166,159515359220.1185,0.03919,0.0004779455199474,0.03929,BID
1306,1712366683.2615273,159551596471.97272,0.03919,0.0004485606540111,0.03929,BID
1307,1712366683.2642095,159552096471.97272,0.03919,6.189220085117087e-06,0.03929,BID
1308,1712366683.57845,159560320129.9861,0.0392,0.0001017960586993,0.03929,BID
1309,1712366683.580034,159575620628.6847,0.0392,0.000189396307715,0.03929,BID
1310,1712366683.5815778,159651425633.61447,0.0392,0.0009383477181275,0.03929,BID
1311,1712366684.1255531,159745901753.40475,0.0392,0.0011694669963398,0.03929,BID
1312,1712366684.129068,159944940633.61447,0.0392,0.0024637908702263,0.03929,BID
1313,1712366692.4956243,159960416213.97162,0.0392,0.0001915635455505,0.03929,BID
1314,1712366694.785509,159973171316.01245,0.0392,0.0001578882674776,0.03929,BID
1315,1712366697.3157623,159975686385.00854,0.0392,3.1132631092157414e-05,0.03929,BID
1316,1712366698.1155806,159992151392.3008,0.0392,0.0002038111076697,0.03929,BID
1317,1712366698.4556737,159992329963.7294,0.0392,2.2104357449005367e-06,0.03929,BID
1318,1712366698.935522,160036411366.79062,0.0392,0.0005456590104132,0.03929,BID
1319,1712366699.5255718,160059534037.83862,0.03918,-0.0002862226001437,0.03929,ASK
1320,1712366700.93555,160059534037.83862,0.03918,-0.0,0.03929,ASK
1321,1712366701.5556662,160061507717.6501,0.03918,-2.45746354609065e-05,0.03929,ASK
1322,1712366702.4957263,160062583035.72842,0.03919,1.3388975063849942e-05,0.03929,BID
1323,1712366702.6966636,160075325389.04153,0.0392,0.0001586572886671,0.03929,BID
1324,1712366705.3057024,160075452965.57217,0.0392,1.5884778856371516e-06,0.03929,BID
1325,1712366705.9856637,160302874315.27383,0.0392,0.0028316633389509,0.03929,BID
1326,1712366705.9901278,160403150290.37915,0.0392,0.0012485538532585,0.03929,BID
1327,1712366708.415591,160414528211.29752,0.0392,0.0001416685002541,0.03929,BID
1328,1712366709.7456074,160414784753.6711,0.03919,-3.194254343986425e-06,0.03929,ASK
1329,1712366710.245484,160438393492.9242,0.03919,-0.000293956576678,0.03929,ASK
1330,1712366710.2474291,160451148594.965,0.03919,-0.0001588160253243,0.03929,ASK
1331,1712366711.775684,160526519748.99527,0.03918,-0.0009384595332053,0.03929,ASK
1332,1712366711.7793188,160721148594.965,0.03918,-0.0024233580908643,0.03929,ASK
1333,1712366711.8554437,160737259149.7031,0.03918,-0.0002005953587113,0.03929,ASK
1334,1712366713.4156568,160742365104.51544,0.03917,-6.357514398463976e-05,0.03929,ASK
1335,1712366713.4193275,160968565535.0635,0.03917,-0.0028164614592171,0.03929,ASK
1336,1712366714.9857583,160969846326.95352,0.03917,1.5947365735617456e-05,0.03929,BID
1337,1712366715.04627,161111786650.38638,0.03918,-0.0017673240032694,0.03929,ASK
1338,1712366715.0499544,161134796570.3498,0.03916,-0.0002865005720793,0.03929,ASK
1339,1712366715.0535364,161182273943.97977,0.03916,-0.0005911491533843,0.03929,ASK
1340,1712366720.3458323,161200936135.1318,0.03916,-0.0002323662337728,0.03929,ASK
1341,1712366720.46548,161201576531.0768,0.03916,-7.973682867808728e-06,0.03929,ASK
1342,1712366721.2955904,161205401148.42377,0.0392,4.762098519375407e-05,0.03929,BID
1343,1712366723.0956542,161221059146.6318,0.0392,0.0001949604975312,0.03929,BID
1344,1712366723.1054149,161230901148.42377,0.0392,0.0001225445002975,0.03929,BID
1345,1712366728.7856069,161262377826.14767,0.03919,0.0003919216663681,0.03929,BID
1346,1712366729.8553836,161289900340.40076,0.03919,0.0003426876795359,0.03929,BID
1347,1712366730.925529,161289900340.40076,0.03919,0.0,0.03929,BID
1348,1712366733.6457214,161290540736.34576,0.03916,-7.968899344860411e-06,0.03929,ASK
1349,1712366737.7255163,161318877801.22662,0.03916,-0.0003526181255906,0.03929,ASK
1350,1712366737.7282383,161353686662.30936,0.03916,-0.0004331512596856,0.03929,ASK
1351,1712366739.0456653,161379222923.80066,0.03916,0.0003177657495409,0.03929,BID
1352,1712366739.0554824,161406307871.667,0.03918,0.0003370371486426,0.03929,BID
1353,1712366739.0590544,161420006207.99847,0.03916,0.0001704580802996,0.03929,BID
1354,1712366740.6554358,161430119144.9722,0.03919,0.0001258424221027,0.03929,BID
1355,1712366742.845459,161435119144.9722,0.03919,6.221853376015107e-05,0.03929,BID
1356,1712366752.8055131,161447203528.74356,0.03918,0.0001503745279298,0.03929,BID
1357,1712366753.825565,161453036278.23087,0.03918,7.258102417807411e-05,0.03929,BID
1358,1712366753.8354,161454036278.23087,0.03918,1.2443706752030215e-05,0.03929,BID
1359,1712366755.6755843,161454312292.43097,0.03919,3.434639765487374e-06,0.03929,BID
1360,1712366755.6793735,161455312292.43097,0.03919,1.2443706752030215e-05,0.03929,BID
1361,1712366760.605942,161455312292.43097,0.03919,0.0,0.03929,BID
1362,1712366761.6464858,161465242963.6098,0.03919,0.0001235643979819,0.03929,BID
1363,1712366761.651092,161488445406.9148,0.03919,0.0002887011247338,0.03929,BID
1364,1712366761.906149,161525069294.87595,0.03919,0.0004557001824129,0.03929,BID
1365,1712366761.9106824,161582950744.87448,0.03919,0.0007202017260057,0.03929,BID
1366,1712366762.6072564,161640745256.24304,0.03919,-0.0007191199744019,0.03929,ASK
1367,1712366767.1459873,161641383011.34506,0.0392,7.935397700913879e-06,0.03929,BID
1368,1712366767.346206,161670431798.14227,0.03919,-0.0003614454439246,0.03929,ASK
1369,1712366774.9361324,161797591551.3537,0.03919,-0.0015822111184783,0.03929,ASK
1370,1712366774.9394238,161837522987.176,0.03919,-0.0004968550200769,0.03929,ASK
1371,1712366775.0362165,161842434489.37476,0.0392,6.111236606750506e-05,0.03929,BID
1372,1712366775.040213,162147077117.65515,0.0392,0.0037905779262269,0.03929,BID
1373,1712366775.0462663,162181681664.83105,0.0392,0.0004305741235639,0.03929,BID
1374,1712366775.0501783,162271527783.09436,0.03919,0.0011179286187506,0.03929,BID
1375,1712366775.052113,162297037987.176,0.0392,0.0003174159080468,0.03929,BID
1376,1712366777.346146,162327912292.48352,0.0392,0.0003841598296564,0.03929,BID
1377,1712366777.350158,162341530817.603,0.0392,0.0001694512714686,0.03929,BID
1378,1712366777.3557773,162375940885.63318,0.0392,0.0004281542771982,0.03929,BID
1379,1712366777.4061768,162399600385.6423,0.0392,0.0002943881458297,0.03929,BID
1380,1712366778.7761605,162399983038.70352,0.0392,4.761238620624271e-06,0.03929,BID
1381,1712366780.1362271,162403485920.18903,0.03919,-4.35853160540615e-05,0.03929,ASK
1382,1712366784.3759704,162483483475.8844,0.03919,-0.0009953858738767,0.03929,ASK
1383,1712366789.0460234,162495399394.25174,0.0392,0.0001482662403121,0.03929,BID
1384,1712366790.049785,162496199394.25174,0.03919,-9.954162876347158e-06,0.03929,ASK
1385,1712366790.6159246,162496199394.25174,0.03919,-0.0,0.03929,ASK
1386,1712366797.4759169,162501302736.9412,0.03919,-6.346716274214156e-05,0.03929,ASK
1387,1712366799.5262203,162539482524.3074,0.03919,-0.0004748187463952,0.03929,ASK
1388,1712366799.5300572,162626614930.2317,0.03919,-0.001083612628707,0.03929,ASK
1389,1712366800.0465386,162628487680.2158,0.0392,2.329025018482078e-05,0.03929,BID
1390,1712366800.0497377,162661214930.2317,0.0392,0.0004070088624764,0.03929,BID
1391,1712366800.2060678,162696214930.2317,0.0392,0.000435273668877,0.03929,BID
1392,1712366800.2461112,162696468451.35846,0.0392,3.1528877424863203e-06,0.03929,BID
1393,1712366800.5069454,162734068451.35846,0.0392,0.0004676082842793,0.03929,BID
1394,1712366800.6261673,162746347427.48376,0.0392,0.0001527061425175,0.03929,BID
1395,1712366800.6301727,162759468451.35846,0.0392,0.0001631781771817,0.03929,BID
1396,1712366801.2058785,162768679271.1515,0.0392,0.0001145493521336,0.03929,BID
1397,1712366801.2162228,162781068451.35846,0.0392,0.0001540766835161,0.03929,BID
1398,1712366801.5361342,162781160908.36414,0.0392,1.1498314306883668e-06,0.03929,BID
1399,1712366801.540253,162791160908.36414,0.03921,0.0001243639053934,0.03929,BID
1400,1712366801.5440135,162800868451.35846,0.03921,0.0001207267958548,0.03929,BID
1401,1712366801.658678,162811075136.73737,0.03921,0.0001269343254842,0.03929,BID
1402,1712366801.6619897,162822473658.3174,0.03921,0.0001417564659406,0.03929,BID
1403,1712366801.6638403,162833970825.0772,0.03922,0.0001429832559207,0.03929,BID
1404,1712366801.6657424,162834225862.0576,0.03921,3.171739489945655e-06,0.03929,BID
1405,1712366801.6712618,162847268451.35846,0.03921,0.0001622027341899,0.03929,BID
1406,1712366807.5360386,162847396002.37885,0.0392,-1.5862743032088269e-06,0.03929,ASK
1407,1712366810.4863224,162872200409.3497,0.03922,0.0003084772921863,0.03929,BID
1408,1712366810.4904945,163053672740.8559,0.03922,0.0022568607866962,0.03929,BID
1409,1712366811.347457,163054792361.79874,0.03922,-1.3924043301193153e-05,0.03929,ASK
1410,1712366813.83592,163083234925.15173,0.03922,-0.0003537228257978,0.03929,ASK
1411,1712366815.266176,163085402739.4848,0.03922,-2.695978566283019e-05,0.03929,ASK
1412,1712366816.4461193,163086594720.7121,0.03923,1.4823944058205364e-05,0.03929,BID
1413,1712366816.4560606,163172411023.96097,0.03923,0.0010672450618456,0.03929,BID
1414,1712366818.6760352,163232114844.11404,0.03923,0.0007425000241143,0.03929,BID
