,time,acc_trade_volume,trade_price,dev,high,ask_bid
0,1712365207.169774,4566873.60780367,437.0,0.0,450.0,ASK
1,1712365211.5764894,4566893.60780367,436.3,-3.939864740632697e-09,450.0,ASK
2,1712365211.577782,4567471.55599257,436.2,-1.1385188456798497e-07,450.0,ASK
3,1712365211.5790057,4567556.91967062,436.1,-1.6816067264040622e-08,450.0,ASK
4,1712365211.580186,4567576.91967062,436.1,-3.939864740632697e-09,450.0,ASK
5,1712365211.581387,4567616.95009098,436.2,-7.885722086484075e-09,450.0,ASK
6,1712365211.5825846,4568162.81113202,436.1,-1.0753093344395914e-07,450.0,ASK
7,1712365211.583807,4568202.88105407,436.2,-7.893503652142165e-09,450.0,ASK
8,1712365211.5849924,4568518.34308704,436.0,-6.21438870353487e-08,450.0,ASK
9,1712365211.5861976,4568746.02979013,436.2,-4.485274067086937e-08,450.0,ASK
10,1712365211.587427,4569075.38758829,436.0,-6.488125880097736e-08,450.0,ASK
11,1712365211.588636,4569175.38758829,436.2,-1.9699323703163485e-08,450.0,ASK
12,1712365211.5897784,4569244.19492773,436.0,-1.3554580527839756e-08,450.0,ASK
13,1712365221.9555454,4569345.61369203,437.0,1.9978810675332343e-08,450.0,BID
14,1712365230.1654837,4569345.61369203,437.0,0.0,450.0,BID
15,1712365233.0162597,4570708.72862703,437.0,2.684570059410432e-07,450.0,BID
16,1712365260.145817,4570708.72862703,437.0,0.0,450.0,BID
17,1712365278.718305,4570708.72862801,437.0,1.929332985367944e-16,450.0,BID
18,1712365278.7223887,4573160.66970454,437.0,4.828378960021407e-07,450.0,BID
19,1712365290.09544,4573160.66970454,437.0,0.0,450.0,BID
20,1712365320.1655977,4573160.66970454,437.0,0.0,450.0,BID
21,1712365332.6056106,4573180.66970454,436.7,-3.937582703280853e-09,450.0,ASK
22,1712365332.615972,4578180.66970454,436.1,-9.84395675820213e-07,450.0,ASK
23,1712365332.6172855,4578200.66970454,436.1,-3.937582703280853e-09,450.0,ASK
24,1712365332.6183069,4578268.96913945,436.0,-1.3446733677377645e-08,450.0,ASK
25,1712365332.619324,4578518.2773715,436.1,-4.908358911517369e-08,450.0,ASK
26,1712365332.6203172,4578538.2773715,436.0,-3.937582703280853e-09,450.0,ASK
27,1712365332.6213195,4578558.2773715,436.6,-3.937582703280853e-09,450.0,ASK
28,1712365332.6223173,4612698.6456672,436.0,-6.721526184239373e-06,450.0,ASK
29,1712365332.62333,4612718.6456672,436.3,-3.937582703280853e-09,450.0,ASK
30,1712365332.624331,4612738.6456672,436.1,-3.937582703280853e-09,450.0,ASK
31,1712365332.625342,4612773.04933692,436.0,-6.773364740861115e-09,450.0,ASK
32,1712365332.7691915,4617773.04933692,436.0,9.84395675820213e-07,450.0,BID
33,1712365332.770544,4619761.04933692,436.0,3.913957207061169e-07,450.0,BID
34,1712365332.774016,4624348.04933692,436.0,9.030845929974636e-07,450.0,BID
35,1712365332.7784224,4631427.90411945,436.0,1.3938756866715383e-06,450.0,BID
36,1712365332.782674,4633721.90411945,436.0,4.516407360663138e-07,450.0,BID
37,1712365332.7863977,4636934.60411945,436.0,6.325135975415564e-07,450.0,BID
38,1712365332.787053,4637077.95261945,436.0,2.822232870712437e-08,450.0,BID
39,1712365332.792161,4637097.95261945,435.9,-3.937582703280853e-09,450.0,ASK
40,1712365332.794042,4637349.89593165,435.9,-4.960238141625832e-08,450.0,ASK
41,1712365332.7946742,4637493.24443165,435.9,-2.822232870712437e-08,450.0,ASK
42,1712365332.7953346,4637504.95812745,435.9,-2.306182298665268e-09,450.0,ASK
43,1712365332.7959633,4638769.95812745,436.0,2.49052105982514e-07,450.0,BID
44,1712365332.7967265,4638913.30662745,436.0,2.822232870694101e-08,450.0,BID
45,1712365332.7973764,4639056.65512745,436.0,2.822232870712437e-08,450.0,BID
46,1712365332.805567,4639925.65512745,436.0,1.7108796845755308e-07,450.0,BID
47,1712365332.8281631,4641827.26217838,436.0,3.743867516089736e-07,450.0,BID
48,1712365332.8354282,4642697.26217838,436.9,1.712848475927171e-07,450.0,BID
49,1712365332.8954985,4645537.11239738,436.3,-5.591072551121629e-07,450.0,ASK
50,1712365332.8967264,4648376.96261638,436.3,-5.591072551121629e-07,450.0,ASK
51,1712365333.5955167,4649715.96261638,436.0,-2.636211619846531e-07,450.0,ASK
52,1712365333.5971527,4649945.76998938,436.0,-4.524427685043801e-08,450.0,ASK
53,1712365333.6559298,4650045.76998938,435.8,-1.9687913516404263e-08,450.0,ASK
54,1712365333.6574552,4650065.76998938,435.8,-3.937582703280853e-09,450.0,ASK
55,1712365333.6589692,4650065.76998986,435.9,-9.46127192533072e-17,450.0,ASK
56,1712365333.6604638,4652773.90651361,435.8,-5.331755767019936e-07,450.0,ASK
57,1712365334.995679,4652785.47846594,436.4,2.278275966879797e-09,450.0,BID
58,1712365338.115599,4652973.61824122,436.4,3.704079624706588e-08,450.0,BID
59,1712365340.6459954,4657973.61824122,435.6,-9.84395675820213e-07,450.0,ASK
60,1712365340.7055657,4660269.61824122,435.6,4.5203449433664186e-07,450.0,BID
61,1712365340.7855167,4660343.61824122,435.6,1.4569056002139156e-08,450.0,BID
62,1712365340.825572,4662741.3319154,435.6,4.720597945435989e-07,450.0,BID
63,1712365350.155972,4662741.3319154,435.6,0.0,450.0,BID
64,1712365362.3418255,4662752.88797947,437.0,2.2577871622039633e-09,450.0,BID
65,1712365380.1055846,4662752.88797947,437.0,0.0,450.0,BID
66,1712365410.1157143,4662752.88797947,437.0,0.0,450.0,BID
67,1712365440.1663787,4662752.88797947,437.0,0.0,450.0,BID
68,1712365470.155585,4662752.88797947,437.0,0.0,450.0,BID
69,1712365478.1367218,4662952.54691533,435.7,-3.9008691427702014e-08,450.0,ASK
70,1712365478.215651,4663014.54691533,435.6,-1.211335149164485e-08,450.0,ASK
71,1712365478.2169504,4663076.54691533,435.6,-1.211335149164485e-08,450.0,ASK
72,1712365478.3559484,4669965.18066963,435.7,1.3458780961781355e-06,450.0,BID
73,1712365478.375683,4671372.08066963,435.7,2.748753905419299e-07,450.0,BID
74,1712365478.5957725,4672372.08066963,435.5,-1.953766369620137e-07,450.0,ASK
75,1712365478.5974672,4673356.42500863,435.5,-1.9231788656642845e-07,450.0,ASK
76,1712365478.5991762,4673376.42500946,435.5,-3.907532901365452e-09,450.0,ASK
77,1712365478.975696,4674681.42500946,435.7,2.549665112354279e-07,450.0,BID
78,1712365488.9156964,4675067.82500946,435.7,7.549353252201294e-08,450.0,BID
79,1712365491.7691548,4681668.878396,435.7,1.2896916110689263e-06,450.0,BID
80,1712365491.915947,4681668.87839693,435.7,1.8177671388262112e-16,450.0,BID
81,1712365491.9215994,4682876.15638193,435.7,2.3587391258758653e-07,450.0,BID
82,1712365494.5457711,4682887.71773724,436.8,2.258818719104929e-09,450.0,BID
83,1712365500.1097362,4682887.71773724,436.8,0.0,450.0,BID
84,1712365530.1560757,4682887.71773724,436.8,0.0,450.0,BID
85,1712365546.7756152,4683345.59319512,435.7,-8.952298463300013e-08,450.0,ASK
86,1712365547.8457935,4683357.15455043,436.8,2.2604553617916483e-09,450.0,BID
87,1712365553.2858005,4686416.66196971,436.8,5.981893787206736e-07,450.0,BID
88,1712365553.2872071,4689446.06527744,436.9,5.923034770648128e-07,450.0,BID
89,1712365553.2885685,4691618.29978798,436.8,4.247113780823694e-07,450.0,BID
90,1712365553.4059637,4692187.81418798,436.9,-1.113504294717754e-07,450.0,ASK
91,1712365553.407703,4695091.10675491,436.9,-5.676465322202111e-07,450.0,ASK
92,1712365560.1626368,4695091.10675491,436.9,-0.0,450.0,ASK
93,1712365578.1560678,4696521.05296685,436.9,2.7928942431232205e-07,450.0,BID
94,1712365580.467631,4701601.05296685,437.4,9.92198352399599e-07,450.0,BID
95,1712365580.4701748,4714269.72112475,437.0,2.474376313654606e-06,450.0,BID
96,1712365580.5058663,4715927.25071318,437.4,-3.23739788719295e-07,450.0,ASK
97,1712365580.515985,4724400.06561039,437.4,-1.6548647600785188e-06,450.0,ASK
98,1712365580.5258338,4726701.29676903,436.0,-4.494641267900516e-07,450.0,ASK
99,1712365580.5277145,4727284.44817711,435.7,-1.1389800517647517e-07,450.0,ASK
100,1712365580.5296135,4728756.81081039,437.4,-2.875739722194251e-07,450.0,ASK
101,1712365580.5306482,4734834.41930128,437.4,-1.1870458919666858e-06,450.0,ASK
102,1712365580.9063556,4737893.92672056,436.1,-5.975665788511307e-07,450.0,ASK
103,1712365580.9078405,4743920.20853257,436.1,-1.1770210403488825e-06,450.0,ASK
104,1712365581.02584,4746931.78860128,436.0,5.882056658058644e-07,450.0,BID
105,1712365581.0456643,4747533.78860128,437.4,1.1757941105207849e-07,450.0,BID
106,1712365584.700701,4747646.35051033,436.0,-2.1984988327187964e-08,450.0,ASK
107,1712365588.5558164,4747757.78680028,435.7,-2.176513844216256e-08,450.0,ASK
108,1712365590.11193,4747757.78680028,435.7,-0.0,450.0,ASK
109,1712365601.2858536,4747769.33757795,437.2,2.245942233352339e-09,450.0,BID
110,1712365620.1560023,4747769.33757795,437.2,0.0,450.0,BID
111,1712365650.165777,4747769.33757795,437.2,0.0,450.0,BID
112,1712365661.3972008,4747792.21040503,437.2,4.4474059981465525e-09,450.0,BID
113,1712365671.4958403,4748020.93867584,437.0,4.447405998327639e-08,450.0,BID
114,1712365680.0957522,4748020.93867584,437.0,0.0,450.0,BID
115,1712365684.3359334,4783458.50364621,437.0,6.8903537370758886e-06,450.0,BID
116,1712365687.4666102,4784529.37739279,435.8,-2.0821687178158562e-07,450.0,ASK
117,1712365687.4686418,4784936.37739279,436.0,-7.913562834621168e-08,450.0,ASK
118,1712365710.1158652,4784936.37739279,436.0,-0.0,450.0,ASK
119,1712365727.0059743,4785351.37739279,436.4,-8.043883718446817e-08,450.0,ASK
120,1712365727.0079832,4785374.37739279,436.4,-4.4580560367295594e-09,450.0,ASK
121,1712365727.22586,4788954.98027435,436.4,6.940229691856638e-07,450.0,BID
122,1712365727.309271,4792912.31433335,436.8,-7.670442170035004e-07,450.0,ASK
123,1712365727.3260453,4795223.34280235,436.8,-4.479432355338858e-07,450.0,ASK
124,1712365727.328081,4795835.7142193,436.8,-1.1869504748056945e-07,450.0,ASK
125,1712365727.33013,4797065.62663635,436.7,-2.383921076294024e-07,450.0,ASK
126,1712365740.1563604,4797065.62663635,436.7,-0.0,450.0,ASK
127,1712365770.1573706,4797065.62663635,436.7,-0.0,450.0,ASK
128,1712365800.136706,4797065.62663635,436.7,-0.0,450.0,ASK
129,1712365830.1248872,4797065.62663635,436.7,-0.0,450.0,ASK
130,1712365860.1659305,4797065.62663635,436.7,-0.0,450.0,ASK
131,1712365887.71815,4803533.69757396,436.7,1.2532929429469531e-06,450.0,BID
132,1712365887.7198462,4817083.830718,436.9,2.625556585452689e-06,450.0,BID
133,1712365887.9360385,4818200.73317517,437.0,2.1641784405777259e-07,450.0,BID
134,1712365890.156207,4818200.73317517,437.0,0.0,450.0,BID
135,1712365891.73605,4818200.73317518,437.0,1.9815013812203844e-18,450.0,BID
136,1712365899.00639,4839691.45981197,438.0,4.156738118740875e-06,450.0,BID
137,1712365899.0088892,4839760.26715141,438.0,1.3308721270046836e-08,450.0,BID
138,1712365899.125872,4846492.16715141,438.0,-1.3020846532778415e-06,450.0,ASK
139,1712365913.5273242,4848774.75103636,438.1,-4.4149756330490346e-07,450.0,ASK
140,1712365920.1061778,4848774.75103636,438.1,-0.0,450.0,ASK
141,1712365950.110156,4848774.75103636,438.1,-0.0,450.0,ASK
142,1712365950.686163,4853894.75103636,437.1,-9.877523327196671e-07,450.0,ASK
143,1712365950.6895382,4855572.49604846,437.0,-3.2367120105672215e-07,450.0,ASK
144,1712365950.6912265,4855979.49604846,437.4,-7.851859363611418e-08,450.0,ASK
145,1712365980.166307,4855979.49604846,437.4,-0.0,450.0,ASK
146,1712365992.466421,4857073.88729333,438.6,2.110021808887103e-07,450.0,BID
147,1712366010.1663334,4857073.88729333,438.6,0.0,450.0,BID
148,1712366040.0994155,4857073.88729333,438.6,0.0,450.0,BID
149,1712366066.3560698,4860110.52188553,438.6,5.854188186247783e-07,450.0,BID
150,1712366066.3667357,4866536.80369754,438.7,1.2388933183468077e-06,450.0,BID
151,1712366066.368899,4867732.09283364,438.6,2.304342958378773e-07,450.0,BID
152,1712366066.5160215,4879893.53601564,438.7,-2.3445487048942167e-06,450.0,ASK
153,1712366066.5260174,4884978.49978478,438.7,-9.803067811076989e-07,450.0,ASK
154,1712366066.6060283,4886809.49978478,437.2,-3.529900698804519e-07,450.0,ASK
155,1712366070.105922,4886809.49978478,437.2,-0.0,450.0,ASK
156,1712366090.7000291,4890010.49978478,438.7,6.155583854242002e-07,450.0,BID
157,1712366090.702655,4902701.27688367,438.9,2.440460562565257e-06,450.0,BID
158,1712366090.7052574,4907421.27688367,438.7,9.076649731965716e-07,450.0,BID
159,1712366090.7068648,4912421.27688367,438.9,9.615095055048423e-07,450.0,BID
160,1712366090.7969587,4914674.48276378,438.9,-4.332957743170632e-07,450.0,ASK
161,1712366100.139907,4914674.48276378,438.9,-0.0,450.0,ASK
162,1712366120.456004,4915249.17649933,437.4,-1.1057177207185537e-07,450.0,ASK
163,1712366130.1062124,4915249.17649933,437.4,-0.0,450.0,ASK
164,1712366156.7862236,4916284.32573012,437.4,-1.9915433616864938e-07,450.0,ASK
165,1712366156.7885337,4919237.14496522,437.4,-5.680985283097668e-07,450.0,ASK
166,1712366160.166041,4919237.14496522,437.4,-0.0,450.0,ASK
167,1712366170.5662026,4919287.73869429,438.9,9.730558557008988e-09,450.0,BID
168,1712366184.1373563,4919516.3623797,437.5,-4.397059080878504e-08,450.0,ASK
169,1712366184.1394112,4919854.51036511,437.5,-6.503511074364543e-08,450.0,ASK
170,1712366190.166078,4919854.51036511,437.5,-0.0,450.0,ASK
171,1712366220.1059704,4919854.51036511,437.5,-0.0,450.0,ASK
172,1712366250.0959237,4919854.51036511,437.5,-0.0,450.0,ASK
173,1712366261.112742,4919914.16150147,439.4,1.147194973675764e-08,450.0,BID
174,1712366262.7767816,4920369.3276371,439.4,8.753635468556468e-08,450.0,BID
175,1712366280.1716409,4920369.3276371,439.4,0.0,450.0,BID
176,1712366292.8071945,4920384.34516247,439.4,2.888005361354406e-09,450.0,BID
177,1712366310.1719472,4920384.34516247,439.4,0.0,450.0,BID
178,1712366323.236065,4924900.37140547,439.4,8.684714112168172e-07,450.0,BID
179,1712366323.245969,4924900.37140615,439.4,1.3074408797058495e-16,450.0,BID
180,1712366340.1163604,4924900.37140615,439.4,0.0,450.0,BID
181,1712366370.1187737,4924900.37140615,439.4,0.0,450.0,BID
182,1712366372.45574,4925127.59249215,439.4,4.36799369699834e-08,450.0,BID
183,1712366400.1361816,4925127.59249215,439.4,0.0,450.0,BID
184,1712366430.1065743,4925127.59249215,439.4,0.0,450.0,BID
185,1712366445.4380882,4925127.59249226,439.4,2.144233645602779e-17,450.0,BID
186,1712366445.4457855,4926127.59249226,439.4,1.9511469031455066e-07,450.0,BID
187,1712366460.15568,4926127.59249226,439.4,0.0,450.0,BID
188,1712366472.355591,4926155.51020083,439.9,5.4466880988924165e-09,450.0,BID
189,1712366475.8918314,4926183.40063047,439.9,5.44136603520193e-09,450.0,BID
190,1712366477.3358016,4926264.81113586,438.8,-1.5883023841925072e-08,450.0,ASK
191,1712366477.3382568,4926310.32774942,439.3,-8.880198629310772e-09,450.0,ASK
192,1712366478.4755952,4926344.11770375,438.8,-6.592351290153005e-09,450.0,ASK
193,1712366482.4157574,4926377.53438936,439.9,6.519527322938366e-09,450.0,BID
194,1712366490.1555252,4926377.53438936,439.9,0.0,450.0,BID
195,1712366506.5959046,4926945.84536912,439.9,1.1087394000012484e-07,450.0,BID
196,1712366512.3955815,4926968.53234343,439.9,4.426087684470766e-09,450.0,BID
197,1712366520.115746,4926968.53234343,439.9,0.0,450.0,BID
198,1712366550.1110551,4926968.53234343,439.9,0.0,450.0,BID
199,1712366580.1655033,4926968.53234343,439.9,0.0,450.0,BID
200,1712366610.1660058,4926968.53234343,439.9,0.0,450.0,BID
201,1712366640.125718,4926968.53234343,439.9,0.0,450.0,BID
202,1712366655.7555647,4927028.53234343,438.9,-1.1705033404677229e-08,450.0,ASK
203,1712366660.8458755,4927048.53234343,439.8,3.9016778015590765e-09,450.0,BID
204,1712366670.1055484,4927048.53234343,439.8,0.0,450.0,BID
205,1712366700.1701334,4927048.53234343,439.8,0.0,450.0,BID
206,1712366712.2757592,4927127.71135857,439.0,1.5519788917535686e-08,450.0,BID
207,1712366730.1756225,4927127.71135857,439.0,0.0,450.0,BID
208,1712366752.245737,4927896.00841457,439.3,1.505920081925689e-07,450.0,BID
209,1712366752.325503,4928664.30547133,439.3,1.505920083413441e-07,450.0,BID
210,1712366752.32754,4935971.39064033,439.3,1.432243714900836e-06,450.0,BID
211,1712366760.1064496,4935971.39064033,439.3,0.0,450.0,BID
212,1712366789.9861054,4936301.76968648,439.8,6.47075063439826e-08,450.0,BID
213,1712366789.9888637,4936426.66038765,439.8,2.4460891005134732e-08,450.0,BID
214,1712366790.1060455,4936426.66038765,439.8,0.0,450.0,BID
215,1712366820.1863852,4936426.66038765,439.8,0.0,450.0,BID
216,1712366850.1713607,4936426.66038765,439.8,0.0,450.0,BID
217,1712366880.1106186,4936426.66038765,439.8,0.0,450.0,BID
218,1712366910.1220152,4936426.66038765,439.8,0.0,450.0,BID
219,1712366933.2163067,4936614.93382333,439.8,3.687348496896953e-08,450.0,BID
220,1712366933.2192717,4937991.24883694,439.8,2.695522646812108e-07,450.0,BID
221,1712366940.1465366,4937991.24883694,439.8,0.0,450.0,BID
222,1712366950.1876976,4938104.48235206,439.8,2.2173875395155124e-08,450.0,BID
223,1712366970.1659057,4938104.48235206,439.8,0.0,450.0,BID
224,1712367000.1561675,4938104.48235206,439.8,0.0,450.0,BID
225,1712367011.0962422,4943981.58761521,438.9,-1.1544535756804493e-06,450.0,ASK
226,1712367011.1058726,4945404.91730808,438.9,-2.7958799098075694e-07,450.0,ASK
227,1712367029.5160084,4947728.55275532,438.9,-4.564371626052981e-07,450.0,ASK
228,1712367030.116434,4947728.55275532,438.9,-0.0,450.0,ASK
229,1712367046.4261882,4948613.3522956,438.8,-1.736591592024356e-07,450.0,ASK
230,1712367046.4291763,4950154.58105504,438.8,-3.024961907398564e-07,450.0,ASK
231,1712367049.196009,4950838.26382583,438.8,-1.341860723607285e-07,450.0,ASK
232,1712367049.1986876,4955491.84331404,438.8,-9.13355697437516e-07,450.0,ASK
233,1712367049.6159637,4955491.84331444,438.8,-7.841700080680591e-17,450.0,ASK
234,1712367054.115908,4955662.73438098,438.8,3.354070337918254e-08,450.0,BID
235,1712367060.1660082,4955662.73438098,438.8,0.0,450.0,BID
236,1712367063.0559816,4956594.76148449,438.8,1.828035766005173e-07,450.0,BID
237,1712367063.1361122,4957124.48982949,438.8,-1.03898519397181e-07,450.0,ASK
238,1712367075.0564115,4957124.4898296,438.8,-2.155451643214379e-17,450.0,ASK
239,1712367078.456278,4957199.50643029,438.8,1.4713416443445777e-08,450.0,BID
240,1712367078.4597006,4957237.0147306,438.8,7.356708214872934e-09,450.0,BID
241,1712367090.1658895,4957237.0147306,438.8,0.0,450.0,BID
242,1712367102.6761253,4957255.7688808,438.8,3.6778558064606523e-09,450.0,BID
243,1712367102.679073,4957279.65665975,439.5,4.684606104490418e-09,450.0,BID
244,1712367102.6819196,4957279.65665984,438.8,1.753350217423636e-17,450.0,BID
245,1712367109.5857909,4957306.58765984,438.1,-5.281408843571268e-09,450.0,ASK
246,1712367120.1158612,4957306.58765984,438.1,-0.0,450.0,ASK
247,1712367146.8359327,4957331.58765984,438.4,-4.902693203525263e-09,450.0,ASK
248,1712367146.8389733,4957395.58765984,438.4,-1.2550894601024674e-08,450.0,ASK
249,1712367146.9158192,4957935.10628556,438.4,1.0580377197978865e-07,450.0,BID
250,1712367146.943192,4958313.60628556,439.5,7.422677510137249e-08,450.0,BID
251,1712367150.1165442,4958313.60628556,439.5,0.0,450.0,BID
252,1712367172.515786,4958541.60446158,438.6,-4.470832995401252e-08,450.0,ASK
253,1712367180.1557095,4958541.60446158,438.6,-0.0,450.0,ASK
254,1712367210.1673832,4958541.60446158,438.6,-0.0,450.0,ASK
255,1712367240.1281765,4958541.60446158,438.6,-0.0,450.0,ASK
256,1712367270.1058922,4958541.60446158,438.6,-0.0,450.0,ASK
257,1712367283.4264512,4959225.59898962,438.6,-1.341223598431705e-07,450.0,ASK
258,1712367283.429369,4960223.88262561,438.6,-1.9575033361068186e-07,450.0,ASK
259,1712367283.5659864,4961612.28262561,438.5,2.722470382034096e-07,450.0,BID
260,1712367283.665796,4965594.49596361,438.5,7.808598291301204e-07,450.0,BID
261,1712367284.1858244,4966982.8959644,438.5,2.7224703835827145e-07,450.0,BID
262,1712367300.165741,4966982.8959644,438.5,0.0,450.0,BID
263,1712367319.8260686,4970042.40338368,438.6,-6.018010429464227e-07,450.0,ASK
264,1712367320.045931,4978209.69237768,438.5,1.606494889883696e-06,450.0,BID
265,1712367320.1070168,4980157.87838531,438.5,3.83205598344783e-07,450.0,BID
266,1712367320.8658547,4980667.87838531,439.5,1.003163221532327e-07,450.0,BID
267,1712367327.4957736,4980682.87838531,438.7,-2.950480063330373e-09,450.0,ASK
268,1712367330.169479,4980682.87838531,438.7,-0.0,450.0,ASK
269,1712367360.1058488,4980682.87838531,438.7,-0.0,450.0,ASK
270,1712367360.4758227,4980933.61921048,438.7,-4.9262168180569784e-08,450.0,ASK
271,1712367390.1165192,4980933.61921048,438.7,-0.0,450.0,ASK
272,1712367400.5557945,4983289.32394144,439.5,4.6280702269078813e-07,450.0,BID
273,1712367400.558874,4987505.48231192,439.5,8.283159077576906e-07,450.0,BID
274,1712367420.155763,4987505.48231192,439.5,0.0,450.0,BID
275,1712367450.1677277,4987505.48231192,439.5,0.0,450.0,BID
276,1712367473.889627,4988209.28500024,439.2,1.3819223403276437e-07,450.0,BID
277,1712367473.8911145,4990490.51615848,439.2,4.479216054924958e-07,450.0,BID
278,1712367473.8925214,4991716.79797049,439.3,2.4078143770635214e-07,450.0,BID
279,1712367473.893942,5003191.94243291,439.8,2.253154009535726e-06,450.0,BID
280,1712367480.1197865,5003191.94243291,439.8,0.0,450.0,BID
281,1712367491.2760434,5003583.07186876,439.5,7.669473002218559e-08,450.0,BID
282,1712367510.105581,5003583.07186876,439.5,0.0,450.0,BID
283,1712367536.6958745,5003876.32408618,439.7,5.7500508781482294e-08,450.0,BID
284,1712367540.1817284,5003876.32408618,439.7,0.0,450.0,BID
285,1712367570.155891,5003876.32408618,439.7,0.0,450.0,BID
286,1712367582.445685,5003963.15901114,439.8,1.7026047315441533e-08,450.0,BID
287,1712367590.6999624,5004051.10057548,439.8,1.724303022253141e-08,450.0,BID
288,1712367600.1403563,5004051.10057548,439.8,0.0,450.0,BID
289,1712367630.1057842,5004051.10057548,439.8,0.0,450.0,BID
290,1712367659.1868286,5005910.50738867,439.8,3.647738973610207e-07,450.0,BID
291,1712367660.1694922,5005910.50738867,439.8,0.0,450.0,BID
292,1712367672.919209,5008184.26818903,439.8,4.459893038350065e-07,450.0,BID
293,1712367677.4157524,5008232.88119494,439.8,9.535251315674065e-09,450.0,BID
294,1712367690.1558237,5008232.88119494,439.8,0.0,450.0,BID
295,1712367700.7857175,5010158.04639769,439.8,3.775380024914405e-07,450.0,BID
296,1712367720.10558,5010158.04639769,439.8,0.0,450.0,BID
297,1712367750.105714,5010158.04639769,439.8,0.0,450.0,BID
298,1712367780.1357498,5010158.04639769,439.8,0.0,450.0,BID
299,1712367810.1057346,5010158.04639769,439.8,0.0,450.0,BID
300,1712367839.685826,5010430.76133626,439.4,5.347237743696725e-08,450.0,BID
301,1712367840.13592,5010430.76133626,439.4,0.0,450.0,BID
302,1712367870.1158433,5010430.76133626,439.4,0.0,450.0,BID
303,1712367876.1056595,5010826.03117931,438.6,-7.750041766202993e-08,450.0,ASK
304,1712367885.9158125,5011181.77403805,438.6,-6.975037589489565e-08,450.0,ASK
305,1712367897.9957364,5011265.10600339,438.6,-1.6338868830874824e-08,450.0,ASK
306,1712367897.9983194,5011982.19547023,438.4,-1.4059947693524254e-07,450.0,ASK
307,1712367900.136218,5011982.19547023,438.4,-0.0,450.0,ASK
308,1712367928.5573652,5012982.19547023,438.4,-1.9718666115319405e-07,450.0,ASK
309,1712367928.5589266,5016788.5307209,438.4,-7.505585393093407e-07,450.0,ASK
310,1712367930.1055958,5016788.5307209,438.4,-0.0,450.0,ASK
311,1712367960.1567008,5016788.5307209,438.4,-0.0,450.0,ASK
312,1712367990.1656508,5016788.5307209,438.4,-0.0,450.0,ASK
313,1712368000.565723,5017620.78959835,438.1,-1.6404219112421101e-07,450.0,ASK
314,1712368018.3159363,5017632.20740601,438.0,-2.250504304594045e-09,450.0,ASK
315,1712368018.3194067,5017666.45398135,438.0,-6.7501632119394836e-09,450.0,ASK
316,1712368018.55576,5017933.57715494,438.1,5.265125056996189e-08,450.0,BID
317,1712368020.1071422,5017933.57715494,438.1,0.0,450.0,BID
318,1712368021.9557889,5018049.50205889,438.2,-2.2847092021336256e-08,450.0,ASK
319,1712368033.6457822,5018158.50205889,438.4,2.148229539535116e-08,450.0,BID
320,1712368041.815875,5018267.50205889,438.4,2.148229539535116e-08,450.0,BID
321,1712368043.640097,5018495.60424867,438.4,4.4955583680596186e-08,450.0,BID
322,1712368050.1057858,5018495.60424867,438.4,0.0,450.0,BID
323,1712368080.1758685,5018495.60424867,438.4,0.0,450.0,BID
324,1712368110.1657856,5018495.60424867,438.4,0.0,450.0,BID
325,1712368140.1157603,5018495.60424867,438.4,0.0,450.0,BID
326,1712368145.956638,5018495.60424922,438.0,-1.0847276488821862e-16,450.0,ASK
327,1712368145.9593756,5018562.46476667,438.0,-1.3176583926478358e-08,450.0,ASK
328,1712368167.945864,5018608.12686712,438.4,8.998890852039104e-09,450.0,BID
329,1712368170.1170783,5018608.12686712,438.4,0.0,450.0,BID
330,1712368200.1459467,5018608.12686712,438.4,0.0,450.0,BID
331,1712368211.1844275,5018948.62145433,438.4,6.722137211461375e-08,450.0,BID
332,1712368211.186075,5021563.87224567,438.4,5.16309959750651e-07,450.0,BID
333,1712368211.1876693,5021716.68319702,438.4,3.0168355708707874e-08,450.0,BID
334,1712368222.675732,5022128.68319702,439.0,8.133816616044845e-08,450.0,BID
335,1712368230.111018,5022128.68319702,439.0,0.0,450.0,BID
336,1712368244.1859229,5025122.09871851,439.0,5.907882297315691e-07,450.0,BID
337,1712368244.1895063,5026057.58010808,439.0,1.8462902664971466e-07,450.0,BID
338,1712368260.165629,5026057.58010808,439.0,0.0,450.0,BID
339,1712368261.4557717,5028995.50171048,439.0,-5.796384926442063e-07,450.0,ASK
340,1712368261.655866,5031419.28703246,439.0,-4.782017564314242e-07,450.0,ASK
341,1712368261.735751,5033035.14391446,439.0,-3.1880117108853965e-07,450.0,ASK
342,1712368261.7561183,5033843.07235373,439.0,-1.5940058520287036e-07,450.0,ASK
343,1712368261.7596169,5035458.92923573,439.0,-3.1880117108853965e-07,450.0,ASK
344,1712368290.165846,5035458.92923573,439.0,-0.0,450.0,ASK
345,1712368296.2156448,5037436.23598517,439.0,3.897961747533287e-07,450.0,BID
346,1712368320.115597,5037436.23598517,439.0,0.0,450.0,BID
347,1712368350.1056528,5037436.23598517,439.0,0.0,450.0,BID
348,1712368380.1764517,5037436.23598517,439.0,0.0,450.0,BID
349,1712368410.1614912,5037436.23598517,439.0,0.0,450.0,BID
350,1712368415.9158084,5038802.97858198,439.0,2.693865720240639e-07,450.0,BID
351,1712368434.0257733,5041080.88290999,439.0,4.489776200388827e-07,450.0,BID
352,1712368440.0964508,5041080.88290999,439.0,0.0,450.0,BID
353,1712368470.116363,5041080.88290999,439.0,0.0,450.0,BID
354,1712368500.1282406,5041080.88290999,439.0,0.0,450.0,BID
355,1712368508.485808,5041099.65918722,438.1,-3.7044707364425846e-09,450.0,ASK
356,1712368508.4896274,5041327.44962002,438.1,-4.494197555807448e-08,450.0,ASK
357,1712368512.0664437,5048175.44962002,438.1,1.3510780274623734e-06,450.0,BID
358,1712368513.0458312,5048336.44962002,438.0,-3.1764538905000314e-08,450.0,ASK
359,1712368524.6958723,5048336.89960485,438.0,-8.877987990521125e-11,450.0,ASK
360,1712368530.105669,5048336.89960485,438.0,-0.0,450.0,ASK
361,1712368543.5938246,5048564.69003765,437.0,-4.4913806918828187e-08,450.0,ASK
362,1712368543.5956006,5055677.31033416,437.2,-1.402406812078089e-06,450.0,ASK
363,1712368543.59728,5056013.97216864,436.5,-6.638015672978733e-08,450.0,ASK
364,1712368543.5991986,5057088.66391423,436.5,-2.118987042845981e-07,450.0,ASK
365,1712368543.600862,5059380.13962458,436.4,-4.518139605291882e-07,450.0,ASK
366,1712368543.6025677,5061681.37078322,437.2,-4.5373745799800294e-07,450.0,ASK
367,1712368543.6042535,5066681.37078322,436.7,-9.858580618778645e-07,450.0,ASK
368,1712368543.6059685,5071521.37078322,436.6,-9.543106038977725e-07,450.0,ASK
369,1712368543.6076782,5073067.48088609,436.4,-3.04849021892956e-07,450.0,ASK
370,1712368543.6095831,5073356.17494811,438.1,5.692227369186117e-08,450.0,BID
371,1712368543.6112835,5073497.43197467,439.0,2.785187568614989e-08,450.0,BID
372,1712368543.6130042,5073508.98198984,438.0,2.277335114056297e-09,450.0,BID
373,1712368543.6154852,5074403.87688473,439.0,1.7644786933204257e-07,450.0,BID
374,1712368560.167091,5074403.87688473,439.0,0.0,450.0,BID
375,1712368590.158708,5074403.87688473,439.0,0.0,450.0,BID
376,1712368620.1083004,5074403.87688473,439.0,0.0,450.0,BID
377,1712368650.1151552,5074403.87688473,439.0,0.0,450.0,BID
378,1712368680.1652608,5074403.87688473,439.0,0.0,450.0,BID
379,1712368710.1552775,5074403.87688473,439.0,0.0,450.0,BID
380,1712368740.1068852,5074403.87688473,439.0,0.0,450.0,BID
381,1712368753.1153312,5074744.87688473,438.0,6.708487342514047e-08,450.0,BID
382,1712368770.098705,5074744.87688473,438.0,0.0,450.0,BID
383,1712368800.1665485,5074744.87688473,438.0,0.0,450.0,BID
384,1712368830.1102412,5074744.87688473,438.0,0.0,450.0,BID
385,1712368860.1889987,5074744.87688473,438.0,0.0,450.0,BID
386,1712368869.147251,5075980.87688473,438.0,2.4326393460329964e-07,450.0,BID
387,1712368869.226838,5076478.22299212,438.0,9.788541338470805e-08,450.0,BID
388,1712368869.2874105,5078226.85265058,438.0,3.441573874441158e-07,450.0,BID
389,1712368869.7969515,5079779.85265058,438.0,3.056544421026896e-07,450.0,BID
390,1712368869.8008995,5081258.85265058,438.0,2.910900965034629e-07,450.0,BID
391,1712368870.216951,5081768.85265058,438.0,1.003758953460217e-07,450.0,BID
392,1712368870.4167695,5085163.55265058,438.0,6.681295135905069e-07,450.0,BID
393,1712368870.4567883,5086943.55265058,438.0,3.503315563057228e-07,450.0,BID
394,1712368876.836996,5088572.55265058,438.0,3.206124186640575e-07,450.0,BID
395,1712368876.8388212,5089655.55265058,438.0,2.131511659994933e-07,450.0,BID
396,1712368876.9969418,5091006.55265058,438.0,2.6589771492642215e-07,450.0,BID
397,1712368877.1440032,5092357.55265058,438.0,2.6589771492642215e-07,450.0,BID
398,1712368877.7269497,5093600.55265058,438.0,2.44641642970794e-07,450.0,BID
399,1712368878.2071404,5094216.55265058,438.0,1.2123833633950856e-07,450.0,BID
400,1712368878.706987,5097577.04135599,438.0,6.613962011876295e-07,450.0,BID
401,1712368878.8129227,5098651.04135599,438.0,2.1137982666985746e-07,450.0,BID
402,1712368879.214306,5099335.04135599,438.0,1.3462178905231146e-07,450.0,BID
403,1712368879.366938,5100715.04135599,438.0,2.7160536387747044e-07,450.0,BID
404,1712368879.427076,5101859.04135599,438.0,2.251569103448016e-07,450.0,BID
405,1712368889.9429617,5102041.04135599,438.0,3.58204175548548e-08,450.0,BID
406,1712368890.17724,5102041.04135599,438.0,0.0,450.0,BID
407,1712368920.099785,5102041.04135599,438.0,0.0,450.0,BID
408,1712368923.2879465,5106596.07300358,438.0,8.943961675150937e-07,450.0,BID
409,1712368923.2910905,5107638.70371697,438.0,2.0472413505251894e-07,450.0,BID
410,1712368950.113851,5107638.70371697,438.0,0.0,450.0,BID
411,1712368980.1714597,5107638.70371697,438.0,0.0,450.0,BID
412,1712369010.171283,5107638.70371697,438.0,0.0,450.0,BID
413,1712369040.1103313,5107638.70371697,438.0,0.0,450.0,BID
414,1712369070.1104355,5107638.70371697,438.0,0.0,450.0,BID
415,1712369100.1629624,5107638.70371697,438.0,0.0,450.0,BID
416,1712369130.17354,5107638.70371697,438.0,0.0,450.0,BID
417,1712369160.126382,5107638.70371697,438.0,0.0,450.0,BID
418,1712369181.9415166,5107642.55064004,438.7,7.638336637760874e-10,450.0,BID
419,1712369190.119517,5107642.55064004,438.7,0.0,450.0,BID
420,1712369211.2019606,5107742.55064004,438.7,1.985569749941952e-08,450.0,BID
421,1712369220.171663,5107742.55064004,438.7,0.0,450.0,BID
422,1712369250.1768303,5107742.55064004,438.7,0.0,450.0,BID
423,1712369280.112574,5107742.55064004,438.7,0.0,450.0,BID
424,1712369310.113683,5107742.55064004,438.7,0.0,450.0,BID
425,1712369340.185886,5107742.55064004,438.7,0.0,450.0,BID
426,1712369342.0731635,5109705.97835015,437.6,-3.898488708848724e-07,450.0,ASK
427,1712369342.0830965,5109751.6404506,437.6,-9.066449562002846e-09,450.0,ASK
428,1712369358.643396,5109788.6404506,437.7,-7.3465440812841525e-09,450.0,ASK
429,1712369358.647545,5110337.66766476,437.6,-1.090122332608774e-07,450.0,ASK
430,1712369358.7237873,5111691.85439512,437.6,2.688808786184944e-07,450.0,BID
431,1712369370.195117,5111691.85439512,437.6,0.0,450.0,BID
432,1712369398.6936855,5113793.86213534,437.6,-4.17221494492127e-07,450.0,ASK
433,1712369400.1435113,5113793.86213534,437.6,-0.0,450.0,ASK
434,1712369423.1963692,5113917.0092277,438.5,2.4502474528273315e-08,450.0,BID
435,1712369430.1037266,5113917.0092277,438.5,0.0,450.0,BID
436,1712369460.1769564,5113917.0092277,438.5,0.0,450.0,BID
437,1712369470.0643735,5115219.28720351,437.6,-2.591103815940487e-07,450.0,ASK
438,1712369470.0687032,5115616.59540498,437.6,-7.905123299740688e-08,450.0,ASK
439,1712369470.114101,5121874.33203514,437.6,1.245083274288294e-06,450.0,BID
440,1712369470.123991,5128067.30948814,437.6,1.2321983331179458e-06,450.0,BID
441,1712369490.178769,5128067.30948814,437.6,0.0,450.0,BID
442,1712369502.8443563,5131076.30948814,437.6,5.979550910873834e-07,450.0,BID
443,1712369504.6145422,5133497.30948814,437.6,4.811064391899485e-07,450.0,BID
444,1712369504.834742,5133725.93317314,437.4,-4.543260099322997e-08,450.0,ASK
445,1712369520.119362,5133725.93317314,437.4,-0.0,450.0,ASK
446,1712369528.284454,5133756.19527013,437.3,-6.010792674988261e-09,450.0,ASK
447,1712369528.295752,5133756.19527054,437.4,-8.139271514952323e-17,450.0,ASK
448,1712369545.9346228,5141656.44130925,437.3,-1.5691821037540532e-06,450.0,ASK
449,1712369550.114572,5141656.44130925,437.3,-0.0,450.0,ASK
450,1712369559.3548574,5143458.75203925,437.6,3.5773657525246e-07,450.0,BID
451,1712369559.3662086,5143458.75203941,437.6,3.179525070424304e-17,450.0,BID
452,1712369580.165494,5143458.75203941,437.6,0.0,450.0,BID
453,1712369587.4950175,5146635.45152522,437.3,-6.304371948057754e-07,450.0,ASK
454,1712369596.4601648,5146864.12749137,437.3,-4.538227026609912e-08,450.0,ASK
455,1712369596.464443,5153163.92284264,437.3,-1.2502363937309525e-06,450.0,ASK
456,1712369596.46813,5169551.38381979,437.2,-3.2522009005174302e-06,450.0,ASK
457,1712369596.4700346,5169811.12941956,437.3,-5.1548246226508864e-08,450.0,ASK
458,1712369596.4719808,5191308.56034362,437.2,-4.2663085091418505e-06,450.0,ASK
459,1712369596.7150638,5191308.56034423,437.2,-1.2106179954535842e-16,450.0,ASK
460,1712369596.7195618,5194267.71235823,437.2,-5.872634484448988e-07,450.0,ASK
461,1712369596.8149369,5194496.59768668,436.9,-4.542381961055895e-08,450.0,ASK
462,1712369596.8169744,5194508.59768623,436.9,-2.3814799252730034e-09,450.0,ASK
463,1712369610.1822536,5194508.59768623,436.9,-0.0,450.0,ASK
464,1712369640.145281,5194508.59768623,436.9,-0.0,450.0,ASK
465,1712369642.080299,5199809.23544931,438.5,1.0473078200823211e-06,450.0,BID
466,1712369642.0823426,5199947.1969604,438.5,2.725863865679636e-08,450.0,BID
467,1712369642.0842874,5203006.70437968,437.8,6.045019842951147e-07,450.0,BID
468,1712369642.0862184,5205914.66396508,438.7,5.745589399610903e-07,450.0,BID
469,1712369666.025481,5209840.33703138,438.1,7.756402691878672e-07,450.0,BID
470,1712369666.0299373,5212190.19043708,438.2,4.642874985682216e-07,450.0,BID
471,1712369670.1253717,5212190.19043708,438.2,0.0,450.0,BID
472,1712369700.1366663,5212190.19043708,438.2,0.0,450.0,BID
473,1712369703.4157004,5213187.7126713,437.0,-1.973182249764821e-07,450.0,ASK
474,1712369728.0863266,5213214.60764846,438.0,5.3200509942555114e-09,450.0,BID
475,1712369730.1193705,5213214.60764846,438.0,0.0,450.0,BID
476,1712369760.175836,5213214.60764846,438.0,0.0,450.0,BID
477,1712369771.3864803,5213214.60764891,436.9,-8.897201318464326e-17,450.0,ASK
478,1712369771.391794,5214886.03267528,436.6,-3.305925461270932e-07,450.0,ASK
479,1712369771.3967535,5216960.01786034,436.9,-4.102152547325184e-07,450.0,ASK
480,1712369771.3990653,5217188.90318879,436.9,-4.527141948318588e-08,450.0,ASK
481,1712369771.4014225,5219490.13434743,437.0,-4.5516242485253386e-07,450.0,ASK
482,1712369790.1658783,5219490.13434743,437.0,-0.0,450.0,ASK
483,1712369820.1263592,5219490.13434743,437.0,-0.0,450.0,ASK
484,1712369850.1177697,5219490.13434743,437.0,-0.0,450.0,ASK
485,1712369860.7668731,5219503.80800285,438.8,2.703057958969443e-09,450.0,BID
486,1712369880.1796582,5219503.80800285,438.8,0.0,450.0,BID
487,1712369910.186757,5219503.80800285,438.8,0.0,450.0,BID
488,1712369940.123006,5219503.80800285,438.8,0.0,450.0,BID
489,1712369970.1169496,5219503.80800285,438.8,0.0,450.0,BID
490,1712369979.3671136,5220132.32662858,437.0,-1.2424770161388336e-07,450.0,ASK
491,1712369984.8670187,5220198.50586772,438.0,1.3082537288597612e-08,450.0,BID
492,1712370000.1380155,5220198.50586772,438.0,0.0,450.0,BID
493,1712370030.120247,5220198.50586772,438.0,0.0,450.0,BID
494,1712370060.1870902,5220198.50586772,438.0,0.0,450.0,BID
495,1712370090.1872036,5220198.50586772,438.0,0.0,450.0,BID
496,1712370120.1189573,5220198.50586772,438.0,0.0,450.0,BID
497,1712370150.1173818,5220198.50586772,438.0,0.0,450.0,BID
498,1712370178.327675,5220209.9318275,437.6,2.272899770058653e-09,450.0,BID
499,1712370178.4075513,5220236.98850026,437.6,5.382226655178758e-09,450.0,BID
500,1712370180.1382616,5220236.98850026,437.6,0.0,450.0,BID
501,1712370208.1779666,5220339.20513645,437.6,2.0333293227003333e-08,450.0,BID
502,1712370210.122447,5220339.20513645,437.6,0.0,450.0,BID
503,1712370238.3979118,5220441.39892072,437.6,2.032856656213452e-08,450.0,BID
504,1712370240.178155,5220441.39892072,437.6,0.0,450.0,BID
505,1712370268.137996,5220519.84956057,437.6,1.560539986498006e-08,450.0,BID
506,1712370270.1800835,5220519.84956057,437.6,0.0,450.0,BID
507,1712370287.468186,5222715.84956057,437.6,4.368252973759555e-07,450.0,BID
508,1712370300.1183624,5222715.84956057,437.6,0.0,450.0,BID
509,1712370330.112236,5222715.84956057,437.6,0.0,450.0,BID
510,1712370347.0181448,5223858.70670343,437.5,2.286125117934562e-07,450.0,BID
511,1712370347.0209274,5227715.84956057,437.6,7.715672273003531e-07,450.0,BID
512,1712370360.1715117,5227715.84956057,437.6,0.0,450.0,BID
513,1712370372.878548,5227773.82979067,437.0,-1.1593056514556744e-08,450.0,ASK
514,1712370372.8833132,5227808.15473257,437.0,-6.863218559357689e-09,450.0,ASK
515,1712370379.078519,5227808.15473346,437.0,-1.7802296942115644e-16,450.0,ASK
516,1712370390.1793902,5227808.15473346,437.0,-0.0,450.0,ASK
517,1712370405.168585,5227928.57082493,436.7,-2.4076815358184682e-08,450.0,ASK
518,1712370420.1185708,5227928.57082493,436.7,-0.0,450.0,ASK
519,1712370427.8386407,5228291.57082493,436.7,7.25799349167836e-08,450.0,BID
520,1712370438.2390618,5228808.59898968,436.7,1.0337705385040364e-07,450.0,BID
521,1712370438.2441497,5247647.81230608,436.7,3.766801312362771e-06,450.0,BID
522,1712370440.5887947,5281667.72141779,436.7,-6.802101347666182e-06,450.0,ASK
523,1712370450.1084776,5281667.72141779,436.7,-0.0,450.0,ASK
524,1712370469.2885425,5287507.2057255,436.7,-1.1621210821392955e-06,450.0,ASK
525,1712370480.178541,5287507.2057255,436.7,-0.0,450.0,ASK
526,1712370481.07348,5287965.18603234,437.2,9.109684583053852e-08,450.0,BID
527,1712370510.182438,5287965.18603234,437.2,0.0,450.0,BID
528,1712370523.088873,5287977.15509234,436.8,-2.38067046399405e-09,450.0,ASK
529,1712370523.0937588,5292835.31904634,436.7,-9.662987264243993e-07,450.0,ASK
530,1712370523.098471,5293341.92160024,436.8,-1.007642819946787e-07,450.0,ASK
531,1712370533.178828,5293363.04160024,437.5,4.200811107947089e-09,450.0,BID
532,1712370540.1728315,5293363.04160024,437.5,0.0,450.0,BID
533,1712370556.688946,5316783.51597274,436.7,-4.656196985353665e-06,450.0,ASK
534,1712370570.121306,5316783.51597274,436.7,-0.0,450.0,ASK
535,1712370600.1794424,5316783.51597274,436.7,-0.0,450.0,ASK
536,1712370630.1242192,5316783.51597274,436.7,-0.0,450.0,ASK
537,1712370640.1790695,5317974.74270369,436.8,-2.366907704796865e-07,450.0,ASK
538,1712370640.2690604,5318439.79895183,436.8,9.240434153181853e-08,450.0,BID
539,1712370646.4293442,5322273.60591541,436.7,-7.617581947279584e-07,450.0,ASK
540,1712370660.1892366,5322273.60591541,436.7,-0.0,450.0,ASK
541,1712370673.1392868,5323664.04012862,436.7,-2.761407412058641e-07,450.0,ASK
542,1712370690.179659,5323664.04012862,436.7,-0.0,450.0,ASK
543,1712370720.1246748,5323664.04012862,436.7,-0.0,450.0,ASK
544,1712370750.1294968,5323664.04012862,436.7,-0.0,450.0,ASK
545,1712370780.1693652,5323664.04012862,436.7,-0.0,450.0,ASK
546,1712370810.190391,5323664.04012862,436.7,-0.0,450.0,ASK
547,1712370840.1314778,5323664.04012862,436.7,-0.0,450.0,ASK
548,1712370870.1308932,5323664.04012862,436.7,-0.0,450.0,ASK
549,1712370900.169028,5323664.04012862,436.7,-0.0,450.0,ASK
550,1712370930.1836834,5323664.04012862,436.7,-0.0,450.0,ASK
551,1712370934.6393406,5323766.04012862,436.8,-2.030808487012672e-08,450.0,ASK
552,1712370934.8669755,5324854.07697762,436.8,-2.166269085422383e-07,450.0,ASK
553,1712370934.8788366,5324854.07697832,436.8,-1.3943980559647599e-16,450.0,ASK
554,1712370938.3991826,5324959.72527468,437.3,2.1034456557467503e-08,450.0,BID
555,1712370960.118937,5324959.72527468,437.3,0.0,450.0,BID
556,1712370990.120753,5324959.72527468,437.3,0.0,450.0,BID
557,1712370990.8787336,5324983.72527468,436.8,-4.777834488933786e-09,450.0,ASK
558,1712370990.9586673,5324983.72527547,436.8,-1.5722291414532232e-16,450.0,ASK
559,1712370990.96101,5327980.77380947,436.8,-5.9664174378146e-07,450.0,ASK
560,1712370993.0286183,5329184.77380947,436.7,-2.3968803019484495e-07,450.0,ASK
561,1712371005.3385966,5339535.82371247,436.7,-2.0606501343011268e-06,450.0,ASK
562,1712371005.3417132,5341119.79811847,436.7,-3.153319811073455e-07,450.0,ASK
563,1712371005.358952,5343226.15766947,436.7,-4.193265545358495e-07,450.0,ASK
564,1712371005.4384673,5353759.80311947,436.7,-2.097000605217232e-06,450.0,ASK
565,1712371006.4818134,5364509.29991947,436.7,-2.1399715229051103e-06,450.0,ASK
566,1712371006.5184808,5366810.53106814,436.7,-4.5812089788007634e-07,450.0,ASK
567,1712371006.5384176,5370606.09587114,436.7,-7.556075175316313e-07,450.0,ASK
568,1712371006.542307,5374401.66067414,436.7,-7.556075175314458e-07,450.0,ASK
569,1712371006.5584402,5375518.03212204,436.7,-2.222432502599604e-07,450.0,ASK
570,1712371006.6044283,5376764.45998839,436.7,-2.481344186589516e-07,450.0,ASK
571,1712371006.6082947,5378554.69943204,436.7,-3.563944898882665e-07,450.0,ASK
572,1712371006.6184742,5379054.36152261,436.7,-9.94709487142202e-08,450.0,ASK
573,1712371006.681597,5379066.36152261,436.5,-2.388917244466893e-09,450.0,ASK
574,1712371018.3688035,5379107.400662,436.9,8.169925648902654e-09,450.0,BID
575,1712371020.220163,5379107.400662,436.9,0.0,450.0,BID
576,1712371050.1783316,5379107.400662,436.9,0.0,450.0,BID
577,1712371080.1123464,5379107.400662,436.9,0.0,450.0,BID
578,1712371091.014471,5379119.400662,436.4,-2.377724154543763e-09,450.0,ASK
579,1712371091.018751,5379677.261703,436.1,-1.1053663933874141e-07,450.0,ASK
580,1712371091.518294,5379677.26170304,436.1,-7.935034316450808e-18,450.0,ASK
581,1712371091.52343,5379956.4142612,436.0,-5.5312315028312424e-08,450.0,ASK
582,1712371091.528419,5380490.62671233,436.0,-1.0585082072566477e-07,450.0,ASK
583,1712371110.1166492,5380490.62671233,436.0,-0.0,450.0,ASK
584,1712371140.2214327,5380490.62671233,436.0,-0.0,450.0,ASK
585,1712371170.17236,5380490.62671233,436.0,-0.0,450.0,ASK
586,1712371200.1698632,5380490.62671233,436.0,-0.0,450.0,ASK
587,1712371221.9778163,5381681.25850233,436.8,2.373977826545637e-07,450.0,BID
588,1712371222.017644,5381681.25850265,436.8,6.387894822424391e-17,450.0,BID
589,1712371230.1088405,5381681.25850265,436.8,0.0,450.0,BID
590,1712371233.3410742,5382871.89029298,436.9,2.373731682261857e-07,450.0,BID
591,1712371260.1815906,5382871.89029298,436.9,0.0,450.0,BID
592,1712371290.1864958,5382871.89029298,436.9,0.0,450.0,BID
593,1712371306.5475829,5384161.89029298,437.3,2.571572807965311e-07,450.0,BID
594,1712371320.1122062,5384161.89029298,437.3,0.0,450.0,BID
595,1712371333.2374475,5386428.44550869,436.6,-4.517795642126097e-07,450.0,ASK
596,1712371350.1172397,5386428.44550869,436.6,-0.0,450.0,ASK
597,1712371380.1771712,5386428.44550869,436.6,-0.0,450.0,ASK
598,1712371410.178471,5386428.44550869,436.6,-0.0,450.0,ASK
599,1712371420.9172509,5386705.05123466,436.6,5.512337374489222e-08,450.0,BID
600,1712371421.0374088,5387995.05123466,437.1,-2.570776576714563e-07,450.0,ASK
601,1712371421.043436,5390516.40581752,437.1,-5.024681630394382e-07,450.0,ASK
602,1712371421.0493443,5391707.03760752,437.1,-2.3727506335067974e-07,450.0,ASK
603,1712371421.1054645,5393559.5413088,437.1,-3.691762111261492e-07,450.0,ASK
604,1712371440.1658072,5393559.5413088,437.1,-0.0,450.0,ASK
605,1712371441.7592266,5393673.5413088,436.6,2.2704387979141943e-08,450.0,BID
606,1712371448.5075824,5393679.95885149,436.6,1.278126132594759e-09,450.0,BID
607,1712371448.5132096,5394206.7413088,436.6,1.049146779944466e-07,450.0,BID
608,1712371458.2933378,5394646.5413088,436.6,8.759113888791576e-08,450.0,BID
609,1712371470.120964,5394646.5413088,436.6,0.0,450.0,BID
610,1712371472.139708,5398404.32859562,436.6,7.483350621503203e-07,450.0,BID
611,1712371472.142688,5399874.76709914,436.6,2.928267634466095e-07,450.0,BID
612,1712371500.1415737,5399874.76709914,436.6,0.0,450.0,BID
613,1712371530.131217,5399874.76709914,436.6,0.0,450.0,BID
614,1712371560.1500638,5399874.76709914,436.6,0.0,450.0,BID
615,1712371590.118222,5399874.76709914,436.6,0.0,450.0,BID
616,1712371620.1670268,5399874.76709914,436.6,0.0,450.0,BID
617,1712371650.1666455,5399874.76709914,436.6,0.0,450.0,BID
618,1712371680.1231382,5399874.76709914,436.6,0.0,450.0,BID
619,1712371710.1308067,5399874.76709914,436.6,0.0,450.0,BID
620,1712371740.1941788,5399874.76709914,436.6,0.0,450.0,BID
621,1712371740.678361,5400236.96982948,437.6,7.213592797730172e-08,450.0,BID
622,1712371740.6809075,5400370.76709914,437.6,2.664692836163377e-08,450.0,BID
623,1712371758.8668416,5400520.76709914,437.6,2.987384768314581e-08,450.0,BID
624,1712371759.226599,5400523.19008732,437.6,4.825598655300479e-10,450.0,BID
625,1712371770.1195374,5400523.19008732,437.6,0.0,450.0,BID
626,1712371800.166722,5400523.19008732,437.6,0.0,450.0,BID
627,1712371821.7374527,5400591.99742676,438.0,1.3721053878095741e-08,450.0,BID
628,1712371821.7429385,5400775.19008732,438.0,3.653093385193741e-08,450.0,BID
629,1712371830.1207376,5400775.19008732,438.0,0.0,450.0,BID
630,1712371860.180161,5400775.19008732,438.0,0.0,450.0,BID
631,1712371860.9484446,5401003.5005896,438.0,4.552700015285968e-08,450.0,BID
632,1712371865.6468005,5401626.0604584,437.8,1.2414358060207958e-07,450.0,BID
633,1712371890.1666253,5401626.0604584,437.8,0.0,450.0,BID
634,1712371903.656856,5403290.47354291,437.8,3.318730630790828e-07,450.0,BID
635,1712371920.1183708,5403290.47354291,437.8,0.0,450.0,BID
636,1712371950.1256592,5403290.47354291,437.8,0.0,450.0,BID
637,1712371980.189629,5403290.47354291,437.8,0.0,450.0,BID
638,1712372003.7568257,5403335.60910909,438.9,8.998428730040445e-09,450.0,BID
639,1712372010.1694305,5403335.60910909,438.9,0.0,450.0,BID
640,1712372040.1164634,5403335.60910909,438.9,0.0,450.0,BID
641,1712372070.1295483,5403335.60910909,438.9,0.0,450.0,BID
642,1712372091.586893,5403435.60910909,437.6,-1.9936369371947724e-08,450.0,ASK
643,1712372100.1684327,5403435.60910909,437.6,-0.0,450.0,ASK
644,1712372130.1823606,5403435.60910909,437.6,-0.0,450.0,ASK
645,1712372152.206547,5403478.87558473,437.6,-8.686443560165955e-09,450.0,ASK
646,1712372160.1064625,5403478.87558473,437.6,-0.0,450.0,ASK
647,1712372190.119977,5403478.87558473,437.6,-0.0,450.0,ASK
648,1712372220.1967742,5403478.87558473,437.6,-0.0,450.0,ASK
649,1712372250.2518115,5403478.87558473,437.6,-0.0,450.0,ASK
650,1712372280.108413,5403478.87558473,437.6,-0.0,450.0,ASK
651,1712372298.3867216,5403592.84868707,438.7,2.2881853512833923e-08,450.0,BID
652,1712372310.1186311,5403592.84868707,438.7,0.0,450.0,BID
653,1712372340.1558611,5403592.84868707,438.7,0.0,450.0,BID
654,1712372370.1254308,5403592.84868707,438.7,0.0,450.0,BID
655,1712372400.1735437,5403592.84868707,438.7,0.0,450.0,BID
656,1712372430.276594,5403592.84868707,438.7,0.0,450.0,BID
657,1712372435.6478703,5403707.30962813,437.8,-2.314068026875806e-08,450.0,ASK
658,1712372441.5575552,5404391.98073797,438.8,1.384206271188302e-07,450.0,BID
659,1712372452.9166348,5404405.6699919,437.8,-2.767569839805134e-09,450.0,ASK
660,1712372460.1808505,5404405.6699919,437.8,-0.0,450.0,ASK
661,1712372490.1838744,5404405.6699919,437.8,-0.0,450.0,ASK
662,1712372493.216882,5404962.76420074,437.8,-1.1262016257412385e-07,450.0,ASK
663,1712372493.2226396,5405725.72177863,437.6,-1.542367612081756e-07,450.0,ASK
664,1712372520.133819,5405725.72177863,437.6,-0.0,450.0,ASK
665,1712372529.296734,5405816.62328894,438.2,1.8374176456928922e-08,450.0,BID
666,1712372550.1122031,5405816.62328894,438.2,0.0,450.0,BID
667,1712372580.176793,5405816.62328894,438.2,0.0,450.0,BID
668,1712372610.1801012,5405816.62328894,438.2,0.0,450.0,BID
669,1712372640.1319754,5405816.62328894,438.2,0.0,450.0,BID
670,1712372670.1229503,5405816.62328894,438.2,0.0,450.0,BID
671,1712372700.1974435,5405816.62328894,438.2,0.0,450.0,BID
672,1712372706.7867508,5405863.08232894,438.3,-9.397626987549522e-09,450.0,ASK
673,1712372730.16786,5405863.08232894,438.3,-0.0,450.0,ASK
674,1712372760.1189322,5405863.08232894,438.3,-0.0,450.0,ASK
675,1712372790.1217616,5405863.08232894,438.3,-0.0,450.0,ASK
676,1712372796.2681756,5405885.84063572,439.4,4.6034786135449554e-09,450.0,BID
677,1712372797.0571842,5405890.36739037,439.4,9.156576727302399e-10,450.0,BID
678,1712372797.0618162,5408214.13275943,439.4,4.700439396842418e-07,450.0,BID
679,1712372797.065662,5408214.13275966,439.4,4.6342709263055883e-17,450.0,BID
680,1712372797.068189,5410632.83184195,439.4,4.892468321835255e-07,450.0,BID
681,1712372820.1698425,5410632.83184195,439.4,0.0,450.0,BID
682,1712372850.1669817,5410632.83184195,439.4,0.0,450.0,BID
683,1712372880.1275294,5410632.83184195,439.4,0.0,450.0,BID
684,1712372910.1409652,5410632.83184195,439.4,0.0,450.0,BID
685,1712372940.1663675,5410632.83184195,439.4,0.0,450.0,BID
686,1712372970.1900628,5410632.83184195,439.4,0.0,450.0,BID
687,1712372971.1150603,5411051.83184195,439.4,8.47180851037317e-08,450.0,BID
688,1712372986.695006,5411097.43147716,438.6,-9.21984194847358e-09,450.0,ASK
689,1712373000.149985,5411097.43147716,438.6,-0.0,450.0,ASK
690,1712373030.114532,5411097.43147716,438.6,-0.0,450.0,ASK
691,1712373041.2039526,5411179.18005262,439.8,1.6549740561521516e-08,450.0,BID
692,1712373060.163036,5411179.18005262,439.8,0.0,450.0,BID
693,1712373063.3348074,5411274.86692984,439.8,1.9371364675166454e-08,450.0,BID
694,1712373063.3374343,5412296.83608129,439.8,2.068929167161865e-07,450.0,BID
695,1712373063.4129596,5413452.94085298,439.8,-2.340480511621215e-07,450.0,ASK
696,1712373066.382829,5414362.44517312,439.8,1.8412493302059805e-07,450.0,BID
697,1712373090.1727006,5414362.44517312,439.8,0.0,450.0,BID
698,1712373094.9728703,5414609.04562466,439.8,4.9908972763238563e-08,450.0,BID
699,1712373094.9787395,5414837.04380068,439.8,4.614409538166292e-08,450.0,BID
700,1712373095.052421,5416729.74970688,439.8,-3.830609673720239e-07,450.0,ASK
701,1712373095.0723195,5421566.66480045,439.8,-9.7893358327338e-07,450.0,ASK
702,1712373096.863057,5421613.16320881,439.8,9.41071997984024e-09,450.0,BID
703,1712373106.5823386,5423886.92400917,439.8,4.601819061828505e-07,450.0,BID
704,1712373120.1199477,5423886.92400917,439.8,0.0,450.0,BID
705,1712373129.7918763,5424386.92400917,439.8,1.0110828397501936e-07,450.0,BID
706,1712373129.797995,5425051.57462144,439.8,1.344033656990359e-07,450.0,BID
707,1712373129.9371488,5426615.4369696,439.8,-3.162388767911583e-07,450.0,ASK
708,1712373138.95196,5426639.9935796,439.8,4.965753394752264e-09,450.0,BID
709,1712373138.9579902,5426659.08883516,439.9,3.861377043520957e-09,450.0,BID
710,1712373150.1289802,5426659.08883516,439.9,0.0,450.0,BID
711,1712373165.8013215,5427113.73761897,439.9,9.19148557718358e-08,450.0,BID
712,1712373180.1708806,5427113.73761897,439.9,0.0,450.0,BID
713,1712373191.7010715,5427215.87446825,439.9,2.0647837487528323e-08,450.0,BID
714,1712373201.6609812,5427317.98858509,439.9,2.0643241930312547e-08,450.0,BID
715,1712373210.166142,5427317.98858509,439.9,0.0,450.0,BID
716,1712373213.610438,5431864.47642323,439.9,9.190947005928596e-07,450.0,BID
717,1712373217.5505352,5431887.20886242,439.9,4.595473502853218e-09,450.0,BID
718,1712373226.620422,5431982.20772579,439.9,1.9204483767316562e-08,450.0,BID
719,1712373240.106317,5431982.20772579,439.9,0.0,450.0,BID
720,1712373270.109922,5431982.20772579,439.9,0.0,450.0,BID
721,1712373300.1331444,5431982.20772579,439.9,0.0,450.0,BID
722,1712373330.1035793,5431982.20772579,439.9,0.0,450.0,BID
723,1712373333.359024,5432073.20772579,439.9,1.8410649869120816e-08,450.0,BID
724,1712373334.8691435,5436476.20772579,439.9,8.907922128982302e-07,450.0,BID
725,1712373360.158547,5436476.20772579,439.9,0.0,450.0,BID
726,1712373363.5188124,5439535.71514507,439.4,-6.187362660874259e-07,450.0,ASK
727,1712373363.5251188,5440761.99695708,439.4,-2.4799581290533645e-07,450.0,ASK
728,1712373363.619357,5443625.39695708,439.4,5.790766883420255e-07,450.0,BID
729,1712373363.6285515,5443784.02762033,439.4,3.2080505393818114e-08,450.0,BID
730,1712373390.1682415,5443784.02762033,439.4,0.0,450.0,BID
731,1712373420.098179,5443784.02762033,439.4,0.0,450.0,BID
732,1712373450.213958,5443784.02762033,439.4,0.0,450.0,BID
733,1712373461.371986,5445410.4452944,439.9,3.287034133379483e-07,450.0,BID
734,1712373461.37718,5446102.60191833,439.9,1.3988672680938217e-07,450.0,BID
735,1712373461.3800285,5446102.60191838,439.9,9.975809071681805e-18,450.0,BID
736,1712373461.3874774,5446171.09506906,440.0,1.384265110853336e-08,450.0,BID
737,1712373461.390267,5446417.02431634,440.0,4.9702966408498163e-08,450.0,BID
738,1712373461.3930964,5451561.70122938,440.0,1.0397531266408054e-06,450.0,BID
739,1712373461.447538,5459007.93340725,440.0,1.5049036741273524e-06,450.0,BID
740,1712373472.0374882,5459054.98288523,440.6,9.508826825064948e-09,450.0,BID
741,1712373480.129097,5459054.98288523,440.6,0.0,450.0,BID
742,1712373510.1222749,5459054.98288523,440.6,0.0,450.0,BID
743,1712373540.1706567,5459054.98288523,440.6,0.0,450.0,BID
744,1712373570.168725,5459054.98288523,440.6,0.0,450.0,BID
745,1712373583.6966703,5459066.46442356,440.6,2.317303228717358e-09,450.0,BID
746,1712373600.1392336,5459066.46442356,440.6,0.0,450.0,BID
747,1712373630.1149948,5459066.46442356,440.6,0.0,450.0,BID
748,1712373660.1658154,5459066.46442356,440.6,0.0,450.0,BID
749,1712373690.1580164,5459066.46442356,440.6,0.0,450.0,BID
750,1712373693.9156098,5459766.46442356,440.7,1.4133995088092032e-07,450.0,BID
751,1712373720.1596386,5459766.46442356,440.7,0.0,450.0,BID
752,1712373750.1107986,5459766.46442356,440.7,0.0,450.0,BID
753,1712373780.1612797,5459766.46442356,440.7,0.0,450.0,BID
754,1712373795.4005678,5460220.28788556,440.7,-9.162770097174349e-08,450.0,ASK
755,1712373810.1676147,5460220.28788556,440.7,-0.0,450.0,ASK
756,1712373840.1106143,5460220.28788556,440.7,-0.0,450.0,ASK
757,1712373870.1144826,5460220.28788556,440.7,-0.0,450.0,ASK
758,1712373898.9763343,5460242.97905869,440.7,-4.5812000644131415e-09,450.0,ASK
759,1712373898.9843388,5462005.60215856,440.7,-3.558621236623013e-07,450.0,ASK
760,1712373900.1572435,5462005.60215856,440.7,-0.0,450.0,ASK
761,1712373930.16792,5462005.60215856,440.7,-0.0,450.0,ASK
762,1712373946.1245158,5462005.60215897,440.7,-8.291295636867033e-17,450.0,ASK
763,1712373952.7746248,5462235.2232837,440.7,4.646023841144748e-08,450.0,BID
764,1712373952.7813995,5464469.96698059,441.0,4.521653879549881e-07,450.0,BID
765,1712373952.786013,5466761.54067674,441.0,4.636640482706724e-07,450.0,BID
766,1712373960.1390314,5466761.54067674,441.0,0.0,450.0,BID
767,1712373975.845045,5466913.54067674,440.0,-3.074177402392163e-08,450.0,ASK
768,1712373975.8516278,5467588.44942329,440.0,-1.364992906131841e-07,450.0,ASK
769,1712373975.856551,5467897.90431311,440.0,-6.258679140422825e-08,450.0,ASK
770,1712373984.499681,5470170.63158583,441.0,4.5965571207871243e-07,450.0,BID
771,1712373990.108151,5470170.63158583,441.0,0.0,450.0,BID
772,1712374010.100401,5470308.99591272,439.7,-2.7975479551672044e-08,450.0,ASK
773,1712374010.1054685,5470960.34234574,439.4,-1.3169383487405554e-07,450.0,ASK
774,1712374010.110395,5471066.62334972,439.7,-2.1488646101133247e-08,450.0,ASK
775,1712374010.116815,5471166.62334972,439.4,-2.0218708232360934e-08,450.0,ASK
776,1712374020.1616073,5471166.62334972,439.4,-0.0,450.0,ASK
777,1712374026.984149,5471232.65509575,441.0,1.3349584635640362e-08,450.0,BID
778,1712374050.1648178,5471232.65509575,441.0,0.0,450.0,BID
779,1712374080.1238928,5471232.65509575,441.0,0.0,450.0,BID
780,1712374110.0967493,5471232.65509575,441.0,0.0,450.0,BID
781,1712374140.1808078,5471232.65509575,441.0,0.0,450.0,BID
782,1712374165.223754,5478035.37618418,441.0,1.3752925183974835e-06,450.0,BID
783,1712374170.163509,5478035.37618418,441.0,0.0,450.0,BID
784,1712374200.146576,5478035.37618418,441.0,0.0,450.0,BID
785,1712374230.1132758,5478035.37618418,441.0,0.0,450.0,BID
786,1712374260.1629217,5478035.37618418,441.0,0.0,450.0,BID
787,1712374290.1671116,5478035.37618418,441.0,0.0,450.0,BID
788,1712374320.1090355,5478035.37618418,441.0,0.0,450.0,BID
789,1712374350.1123788,5478035.37618418,441.0,0.0,450.0,BID
790,1712374372.6230602,5478047.16969418,440.7,-2.383305344588111e-09,450.0,ASK
791,1712374372.6282096,5483447.16969418,440.5,-1.091265353703052e-06,450.0,ASK
792,1712374380.1633916,5483447.16969418,440.5,-0.0,450.0,ASK
793,1712374410.1805367,5483447.16969418,440.5,-0.0,450.0,ASK
794,1712374422.112273,5483942.47062718,439.9,-1.000452747399678e-07,450.0,ASK
795,1712374440.1180754,5483942.47062718,439.9,-0.0,450.0,ASK
796,1712374456.8423014,5486163.89028668,439.9,-4.486822957428072e-07,450.0,ASK
797,1712374456.9221363,5487947.16969418,439.9,-3.6018673693010106e-07,450.0,ASK
798,1712374468.2621324,5489693.41969418,439.6,-3.527075379882193e-07,450.0,ASK
799,1712374468.3023422,5491985.37281918,439.6,-4.629286436095378e-07,450.0,ASK
800,1712374470.1166158,5491985.37281918,439.6,-0.0,450.0,ASK
801,1712374481.3922613,5493027.16969418,439.6,-2.1027189771252845e-07,450.0,ASK
802,1712374481.4019785,5496741.31133695,439.4,-7.496467212944263e-07,450.0,ASK
803,1712374485.792469,5497014.28676916,439.4,-5.5096212646659264e-08,450.0,ASK
804,1712374492.242228,5497120.56234896,439.8,2.1450215854241068e-08,450.0,BID
805,1712374500.1654649,5497120.56234896,439.8,0.0,450.0,BID
806,1712374530.1620948,5497120.56234896,439.8,0.0,450.0,BID
807,1712374544.3121896,5498113.58872458,439.8,2.004862332772711e-07,450.0,BID
808,1712374558.0918405,5498239.03726116,439.8,2.5327327840069563e-08,450.0,BID
809,1712374560.0964062,5498239.03726116,439.8,0.0,450.0,BID
810,1712374570.9502306,5499611.92018616,439.4,-2.771495305355226e-07,450.0,ASK
811,1712374570.981879,5499611.92018618,439.4,-3.948208403107593e-18,450.0,ASK
812,1712374590.1134148,5499611.92018618,439.4,-0.0,450.0,ASK
813,1712374620.161623,5499611.92018618,439.4,-0.0,450.0,ASK
814,1712374626.5418563,5502012.00873546,439.8,4.844567637362645e-07,450.0,BID
815,1712374632.4316802,5502160.32615246,439.8,2.9937802031026555e-08,450.0,BID
816,1712374639.471673,5509021.83431496,439.8,1.384992249453181e-06,450.0,BID
817,1712374650.1909783,5509021.83431496,439.8,0.0,450.0,BID
818,1712374659.401557,5523542.16843296,439.8,2.9284764229777524e-06,450.0,BID
819,1712374659.4250689,5536538.39137476,439.8,2.6210920605224688e-06,450.0,BID
820,1712374680.101419,5536538.39137476,439.8,0.0,450.0,BID
821,1712374710.1099029,5536538.39137476,439.8,0.0,450.0,BID
822,1712374740.1354744,5536538.39137476,439.8,0.0,450.0,BID
823,1712374756.421476,5537675.78900897,439.6,-2.288330512734346e-07,450.0,ASK
824,1712374770.1617098,5537675.78900897,439.6,-0.0,450.0,ASK
825,1712374793.6221955,5538641.68900897,439.6,1.943098924375601e-07,450.0,BID
826,1712374800.1594117,5538641.68900897,439.6,0.0,450.0,BID
827,1712374810.9112165,5539342.0506864,439.6,1.4102349903160448e-07,450.0,BID
828,1712374811.0122752,5540007.35068639,440.0,1.339635461615567e-07,450.0,BID
829,1712374811.0333707,5541582.45516939,440.0,3.1716005128656844e-07,450.0,BID
830,1712374811.051286,5541582.45516984,439.8,-9.05766747161828e-17,450.0,ASK
831,1712374814.2011774,5542077.90876384,439.6,-9.976359598944737e-08,450.0,ASK
832,1712374814.2210782,5542077.90876401,439.6,-3.4317870544640684e-17,450.0,ASK
833,1712374830.1073954,5542077.90876401,439.6,-0.0,450.0,ASK
834,1712374859.9517202,5543022.05344098,439.6,-1.900533518335641e-07,450.0,ASK
835,1712374859.9584146,5543871.73656101,439.6,-1.710385377339091e-07,450.0,ASK
836,1712374859.971322,5543871.73656199,439.6,-1.9740833504482928e-16,450.0,ASK
837,1712374860.0115347,5544745.93656199,440.0,1.759737085062729e-07,450.0,BID
838,1712374860.0315378,5546070.69148617,440.0,2.666689966484754e-07,450.0,BID
839,1712374860.1524787,5546070.69148617,440.0,0.0,450.0,BID
840,1712374890.1637108,5546070.69148617,440.0,0.0,450.0,BID
841,1712374916.171163,5546138.87330435,440.0,1.3719935420975648e-08,450.0,BID
842,1712374919.1014926,5546207.05512253,440.0,1.3719935420788242e-08,450.0,BID
843,1712374920.101075,5546207.05512253,440.0,0.0,450.0,BID
1044,1712374921.7514343,5546275.23694071,440.0,1.371976977455558e-08,450.0,BID
844,1712374921.7514343,5546275.23694071,440.0,1.3719769774555581e-08,450.0,BID
845,1712374923.9424748,5546343.41875889,440.0,1.3719769774555581e-08,450.0,BID
1045,1712374923.9424748,5546343.41875889,440.0,1.371976977455558e-08,450.0,BID
846,1712374926.3212,5546411.60057707,440.0,1.3719769774742984e-08,450.0,BID
847,1712374935.5214818,5547196.42238246,439.3,-1.5792442576998629e-07,450.0,ASK
848,1712374935.526789,5548012.2105724,439.3,-1.6415558354967054e-07,450.0,ASK
849,1712374935.532101,5549599.75582407,439.3,-3.194510786170652e-07,450.0,ASK
850,1712374935.541692,5549599.75582496,439.3,-1.7897062188138772e-16,450.0,ASK
851,1712374935.6232154,5551187.30107796,439.3,3.1945107888467775e-07,450.0,BID
852,1712374935.626657,5551955.95582495,440.0,1.5467123708861016e-07,450.0,BID
853,1712374935.6302197,5554613.45582495,439.2,5.347508932621981e-07,450.0,BID
854,1712374935.641678,5556897.75638068,439.2,4.596544732478197e-07,450.0,BID
855,1712374935.7615285,5561937.75638068,439.1,-1.0141653817653729e-06,450.0,ASK
856,1712374950.106849,5561937.75638068,439.1,-0.0,450.0,ASK
857,1712374951.221994,5562037.75638068,438.9,-2.0094390009317574e-08,450.0,ASK
858,1712374951.2291374,5562612.09200849,438.9,-1.1540924101462373e-07,450.0,ASK
859,1712374951.2356143,5562709.3457388,438.9,-1.9542543867126843e-08,450.0,ASK
860,1712374980.1532023,5562709.3457388,438.9,-0.0,450.0,ASK
861,1712375010.1700854,5562709.3457388,438.9,-0.0,450.0,ASK
862,1712375040.1160898,5562709.3457388,438.9,-0.0,450.0,ASK
863,1712375070.1082473,5562709.3457388,438.9,-0.0,450.0,ASK
864,1712375100.121277,5562709.3457388,438.9,-0.0,450.0,ASK
865,1712375116.6858466,5562834.79427538,438.6,-2.5218277252974973e-08,450.0,ASK
866,1712375116.6908178,5567500.61405391,438.6,-9.379458700406436e-07,450.0,ASK
867,1712375121.2161236,5567910.1703679,439.5,8.23310096597e-08,450.0,BID
868,1712375130.1036687,5567910.1703679,439.5,0.0,450.0,BID
869,1712375134.3760412,5568573.63444496,439.5,1.3331164725875444e-07,450.0,BID
870,1712375134.3796148,5570437.1703679,439.5,3.744453576353489e-07,450.0,BID
871,1712375135.2967937,5570437.38203308,439.5,4.253046205941505e-11,450.0,BID
872,1712375135.3062112,5573087.1703679,439.5,5.324292000363078e-07,450.0,BID
873,1712375160.157679,5573087.1703679,439.5,0.0,450.0,BID
874,1712375190.187203,5573087.1703679,439.5,0.0,450.0,BID
875,1712375220.10755,5573087.1703679,439.5,0.0,450.0,BID
876,1712375250.1013415,5573087.1703679,439.5,0.0,450.0,BID
877,1712375280.1586823,5573087.1703679,439.5,0.0,450.0,BID
878,1712375310.169337,5573087.1703679,439.5,0.0,450.0,BID
879,1712375336.672713,5574587.1703679,439.5,3.012613619060596e-07,450.0,BID
880,1712375336.6770868,5575487.1703679,439.5,1.807568171436357e-07,450.0,BID
881,1712375340.1114233,5575487.1703679,439.5,0.0,450.0,BID
882,1712375345.88999,5579913.1089339,439.5,-8.887212471494439e-07,450.0,ASK
883,1712375345.8968608,5579913.10893445,439.5,-1.105217601356114e-16,450.0,ASK
884,1712375370.1158032,5579913.10893445,439.5,-0.0,450.0,ASK
885,1712375386.3303213,5579954.09254101,439.7,8.22622826263026e-09,450.0,BID
886,1712375386.3376255,5606873.49003748,439.8,5.403260646995638e-06,450.0,BID
887,1712375386.410059,5620979.08131448,440.0,2.831273852232777e-06,450.0,BID
888,1712375386.4302895,5632368.59332948,440.0,2.286102505347781e-06,450.0,BID
889,1712375386.4503057,5632810.11293817,440.0,8.8621802431744e-08,450.0,BID
890,1712375386.5102506,5633451.34832254,440.1,1.2870874685356174e-07,450.0,BID
891,1712375386.5174668,5635577.52476717,440.1,4.267660713188513e-07,450.0,BID
892,1712375386.530063,5635577.52476801,440.1,1.686154050513186e-16,450.0,BID
893,1712375400.13858,5635577.52476801,440.1,0.0,450.0,BID
894,1712375421.9102604,5636012.51655301,439.6,-8.697545200658701e-08,450.0,ASK
1095,1712375421.916093,5636012.51655328,439.6,-5.4002487767488415e-17,450.0,ASK
895,1712375421.916093,5636012.51655328,439.6,-5.400248776748842e-17,450.0,ASK
896,1712375430.1167915,5636012.51655328,439.6,-0.0,450.0,ASK
897,1712375451.7908216,5636096.51655328,439.5,-1.6794934738856048e-08,450.0,ASK
898,1712375451.7965913,5636205.51655328,439.8,-2.179342722065844e-08,450.0,ASK
899,1712375451.8021524,5637056.92514576,439.5,-1.702303779381765e-07,450.0,ASK
900,1712375458.850667,5637073.92514576,439.8,-3.398974887625628e-09,450.0,ASK
901,1712375458.8564918,5637157.92514576,439.8,-1.6794934738856048e-08,450.0,ASK
902,1712375460.1713078,5637157.92514576,439.8,-0.0,450.0,ASK
903,1712375476.4209845,5637241.92514576,440.0,-1.679324426949737e-08,450.0,ASK
904,1712375477.9511316,5638216.60633589,440.2,1.948578489372252e-07,450.0,BID
905,1712375480.4208765,5639312.60633589,440.1,-2.1911185380201334e-07,450.0,ASK
906,1712375481.202052,5639719.60633589,439.8,-8.13672668772075e-08,450.0,ASK
907,1712375487.1334193,5641069.70633588,440.2,2.699114177153065e-07,450.0,BID
908,1712375487.4509337,5641443.70633588,439.8,-7.476992091419068e-08,450.0,ASK
909,1712375487.5108464,5647281.12181355,440.2,1.1670136192744475e-06,450.0,BID
910,1712375490.170972,5647281.12181355,440.2,0.0,450.0,BID
911,1712375497.4109943,5648029.12181255,439.8,-1.49406750078312e-07,450.0,ASK
1112,1712375497.4510038,5648029.12181354,439.8,-1.977434087323358e-16,450.0,ASK
912,1712375497.4510038,5648029.12181354,439.8,-1.9774340873233581e-16,450.0,ASK
913,1712375504.821262,5653316.71523054,440.2,1.0561526059156065e-06,450.0,BID
914,1712375504.8410318,5660673.86266954,440.2,1.4695287301823127e-06,450.0,BID
915,1712375507.210981,5660757.86266954,440.2,1.6778298159552025e-08,450.0,BID
916,1712375514.5611362,5660876.86266954,440.2,2.3769255726032035e-08,450.0,BID
917,1712375520.1317542,5660876.86266954,440.2,0.0,450.0,BID
918,1712375530.138878,5661283.86266954,439.7,-8.119778858002768e-08,450.0,ASK
919,1712375530.1426256,5664836.8802874,439.7,-7.08838263774387e-07,450.0,ASK
920,1712375530.146199,5665347.10781854,439.7,-1.0179200786534153e-07,450.0,ASK
921,1712375530.181901,5665347.10781885,439.7,-6.187200014735564e-17,450.0,ASK
922,1712375550.118463,5665347.10781885,439.7,-0.0,450.0,ASK
923,1712375580.1739028,5665347.10781885,439.7,-0.0,450.0,ASK
924,1712375610.201021,5665347.10781885,439.7,-0.0,450.0,ASK
925,1712375640.140299,5665347.10781885,439.7,-0.0,450.0,ASK
926,1712375670.1266422,5665347.10781885,439.7,-0.0,450.0,ASK
927,1712375700.1453242,5665347.10781885,439.7,-0.0,450.0,ASK
928,1712375730.1275463,5665347.10781885,439.7,-0.0,450.0,ASK
929,1712375760.1761153,5665347.10781885,439.7,-0.0,450.0,ASK
930,1712375790.1638954,5665347.10781885,439.7,-0.0,450.0,ASK
931,1712375806.9335785,5665364.10781885,440.2,3.391280666792285e-09,450.0,BID
932,1712375817.8437836,5665409.59337719,439.7,-9.07378203615539e-09,450.0,ASK
933,1712375817.8515902,5665454.07383247,439.5,-8.873276943655167e-09,450.0,ASK
934,1712375820.1177697,5665454.07383247,439.5,-0.0,450.0,ASK
935,1712375823.5240386,5666484.59728754,440.2,2.055742047437991e-07,450.0,BID
936,1712375850.1173956,5666484.59728754,440.2,0.0,450.0,BID
937,1712375880.194149,5666484.59728754,440.2,0.0,450.0,BID
938,1712375898.0768406,5671760.78566594,439.7,-1.052426395159962e-06,450.0,ASK
939,1712375898.0804534,5684726.78566554,439.7,-2.586291402158696e-06,450.0,ASK
940,1712375898.094021,5684726.78566594,439.7,-7.969459373986821e-17,450.0,ASK
941,1712375898.2141378,5685133.78566594,439.4,-8.118314057620121e-08,450.0,ASK
942,1712375898.2202656,5685305.78566594,439.4,-3.4308354248419185e-08,450.0,ASK
943,1712375898.2542715,5685333.78566594,439.3,-5.5850809241612635e-09,450.0,ASK
944,1712375898.261012,5685361.78566594,439.3,-5.5850809241612635e-09,450.0,ASK
945,1712375899.214338,5687276.47806377,439.5,-3.8191828524133387e-07,450.0,ASK
946,1712375899.2241666,5688024.47806376,439.5,-1.492014475435932e-07,450.0,ASK
947,1712375899.2641191,5698977.37605049,439.5,-2.184743628927427e-06,450.0,ASK
948,1712375910.1862395,5698977.37605049,439.5,-0.0,450.0,ASK
1149,1712375912.6742887,5699082.31235622,439.6,2.0871879967828482e-08,450.0,BID
949,1712375912.6742887,5699082.31235622,439.6,2.087187996782848e-08,450.0,BID
950,1712375937.4943528,5699145.56002508,439.7,1.2579990724102916e-08,450.0,BID
951,1712375940.1182194,5699145.56002508,439.7,0.0,450.0,BID
952,1712375970.120571,5699145.56002508,439.7,0.0,450.0,BID
953,1712376000.1655316,5699145.56002508,439.7,0.0,450.0,BID
954,1712376014.9403472,5706685.88963183,439.7,1.5030149965960863e-06,450.0,BID
955,1712376014.9464784,5708998.46723508,439.7,4.609664298182874e-07,450.0,BID
956,1712376014.995909,5709260.02211308,439.7,5.213577185209469e-08,450.0,BID
957,1712376030.1155465,5709260.02211308,439.7,0.0,450.0,BID
958,1712376060.180436,5709260.02211308,439.7,0.0,450.0,BID
959,1712376090.1789274,5709260.02211308,439.7,0.0,450.0,BID
960,1712376120.11833,5709260.02211308,439.7,0.0,450.0,BID
961,1712376150.1276703,5709260.02211308,439.7,0.0,450.0,BID
962,1712376180.1755986,5709260.02211308,439.7,0.0,450.0,BID
963,1712376204.9092991,5709760.02211308,440.1,9.957679917005829e-08,450.0,BID
964,1712376210.1832285,5709760.02211308,440.1,0.0,450.0,BID
965,1712376215.4224677,5710648.88794649,439.3,-1.7701307178871694e-07,450.0,ASK
966,1712376215.4295156,5710939.23672006,439.3,-5.7821469076499575e-08,450.0,ASK
967,1712376235.6960878,5711978.63052513,439.3,-2.0698994529661282e-07,450.0,ASK
968,1712376235.7038748,5713097.79252929,439.3,-2.2287537301947773e-07,450.0,ASK
969,1712376235.7097127,5713999.394002,439.3,-1.7954930903508773e-07,450.0,ASK
970,1712376240.121702,5713999.394002,439.3,-0.0,450.0,ASK
971,1712376240.399216,5715279.68873049,439.2,-2.548696029340047e-07,450.0,ASK
972,1712376240.4035294,5716763.048817,439.2,-2.952940349154473e-07,450.0,ASK
973,1712376240.4625375,5718828.213927,439.1,-4.111145659400587e-07,450.0,ASK
974,1712376240.4761114,5720757.913927,439.3,3.841473856271029e-07,450.0,BID
975,1712376240.5619545,5721086.947525,439.2,-6.550106050434654e-08,450.0,ASK
976,1712376270.123101,5721086.947525,439.2,-0.0,450.0,ASK
977,1712376300.182168,5721086.947525,439.2,-0.0,450.0,ASK
978,1712376330.1664884,5721086.947525,439.2,-0.0,450.0,ASK
979,1712376360.117533,5721086.947525,439.2,-0.0,450.0,ASK
980,1712376362.8063378,5721138.2896542,439.6,1.0235298390538656e-08,450.0,BID
981,1712376363.9266322,5721138.28965479,439.6,1.177107212903672e-16,450.0,BID
982,1712376363.936595,5724107.99605979,439.6,5.920251392224274e-07,450.0,BID
983,1712376364.1167693,5730297.09651279,439.8,1.233826701245532e-06,450.0,BID
984,1712376364.1363258,5743760.77641179,439.8,2.684048818170112e-06,450.0,BID
985,1712376373.2663755,5746083.56431601,439.8,4.630588498797807e-07,450.0,BID
986,1712376373.3357675,5752883.50904123,439.8,1.355601421027836e-06,450.0,BID
987,1712376373.339475,5754735.40904123,439.8,3.69185099739092e-07,450.0,BID
988,1712376373.5264068,5756083.90904123,439.8,2.688299082014773e-07,450.0,BID
989,1712376378.3280022,5758177.85851623,439.8,4.174388173103049e-07,450.0,BID
990,1712376378.4062622,5758177.85851626,439.8,5.941235143993298e-18,450.0,BID
991,1712376390.1162937,5758177.85851626,439.8,0.0,450.0,BID
992,1712376420.1696455,5758177.85851626,439.8,0.0,450.0,BID
993,1712376442.8065617,5758794.75851626,440.1,1.2258333285385402e-07,450.0,BID
994,1712376450.1765342,5758794.75851626,440.1,0.0,450.0,BID
995,1712376480.1204996,5758794.75851626,440.1,0.0,450.0,BID
996,1712376483.3506892,5758955.75851626,439.7,-3.1990358105717096e-08,450.0,ASK
997,1712376491.046602,5761992.25476711,440.1,6.033453568405827e-07,450.0,BID
998,1712376510.1066985,5761992.25476711,440.1,0.0,450.0,BID
999,1712376540.1816907,5761992.25476711,440.1,0.0,450.0,BID
1000,1712376555.9267068,5762361.05476711,440.1,7.325929364355014e-08,450.0,BID
1201,1712376570.185879,5762361.05476711,440.1,0.0,450.0,BID
1202,1712376600.1413145,5762361.05476711,440.1,0.0,450.0,BID
1203,1712376604.707231,5762610.28183919,440.1,4.9520787121291127e-08,450.0,BID
1204,1712376604.709875,5763088.08558834,440.1,9.493839312862449e-08,450.0,BID
1205,1712376604.7124882,5788640.4824307,440.1,5.077196445435935e-06,450.0,BID
1206,1712376604.8274732,5797909.4677907,440.1,-1.8417238826132384e-06,450.0,ASK
1207,1712376604.8297892,5797909.46779077,440.1,-1.4063908947047738e-17,450.0,ASK
1208,1712376630.1176898,5797909.46779077,440.1,-0.0,450.0,ASK
1209,1712376652.5792663,5798124.16779077,440.1,4.2528142767443284e-08,450.0,BID
1210,1712376653.7170768,5798439.76779077,440.1,6.251458713309476e-08,450.0,BID
1211,1712376655.64723,5802983.98352077,439.9,-9.001260145886557e-07,450.0,ASK
1212,1712376655.6500547,5802983.98352104,439.9,-5.3314132329776475e-17,450.0,ASK
1213,1712376655.7325912,5804064.38352104,440.1,2.140074776251561e-07,450.0,BID
1214,1712376655.747125,5805039.38352104,440.1,1.9312966557243179e-07,450.0,BID
1215,1712376655.767075,5805576.38352104,440.1,1.0636987734604705e-07,450.0,BID
1216,1712376656.3270323,5810576.38352104,439.7,-9.90408541397086e-07,450.0,ASK
1217,1712376660.1829202,5810576.38352104,439.7,-0.0,450.0,ASK
1218,1712376680.147249,5811279.08352104,440.1,1.390385634643364e-07,450.0,BID
1219,1712376690.1740515,5811279.08352104,440.1,0.0,450.0,BID
1220,1712376702.1572504,5812164.78352104,440.1,1.7523683034360226e-07,450.0,BID
1221,1712376703.5440657,5812249.82555694,440.1,1.6825671013988457e-08,450.0,BID
1222,1712376705.150247,5812568.72555693,440.1,6.309475578036568e-08,450.0,BID
1223,1712376720.1549437,5812568.72555693,440.1,0.0,450.0,BID
1224,1712376722.8583195,5812876.83436493,440.1,6.095286053807826e-08,450.0,BID
1225,1712376722.8595843,5827133.84110793,440.1,2.8204495331886136e-06,450.0,BID
1226,1712376722.8644454,5831834.26388793,440.1,9.29879986354672e-07,450.0,BID
1227,1712376722.8656838,5845782.27878458,440.1,2.759321982047845e-06,450.0,BID
1228,1712376722.8669093,5846091.27063093,440.2,6.112755114076846e-08,450.0,BID
1229,1712376722.8681183,5846399.37943893,440.2,6.095286053807826e-08,450.0,BID
1230,1712376722.897262,5851099.80221893,440.2,9.29879986354672e-07,450.0,BID
1231,1712376739.062016,5851955.20221893,440.2,1.6922293537352576e-07,450.0,BID
1232,1712376739.9474638,5852605.90221893,440.2,1.287273369739733e-07,450.0,BID
1233,1712376742.6114724,5852636.59281411,440.2,6.0714900686035e-09,450.0,BID
1234,1712376744.1072066,5855218.2928141,440.2,5.107351557773428e-07,450.0,BID
1235,1712376745.3671443,5855478.19281409,440.2,5.141575976372412e-08,450.0,BID
1236,1712376750.11771,5855478.19281409,440.2,0.0,450.0,BID
1237,1712376766.2976155,5857749.88749832,440.2,4.4773433737284083e-07,450.0,BID
1238,1712376780.1807158,5857749.88749832,440.2,0.0,450.0,BID
1239,1712376810.179113,5857749.88749832,440.2,0.0,450.0,BID
1240,1712376833.0176804,5857781.05514938,440.2,6.141704622386209e-09,450.0,BID
1241,1712376840.1214676,5857781.05514938,440.2,0.0,450.0,BID
1242,1712376870.112936,5857781.05514938,440.2,0.0,450.0,BID
1243,1712376881.9375465,5857803.79792838,439.7,-4.481539305167019e-09,450.0,ASK
1244,1712376881.9403317,5862803.79792838,439.7,-9.852664235140386e-07,450.0,ASK
1245,1712376882.057592,5862803.79792854,439.7,-3.15654696606872e-17,450.0,ASK
1246,1712376882.077466,5867803.79792854,439.7,9.852664235140386e-07,450.0,BID
1247,1712376882.1375158,5868963.79792854,439.7,-2.2858181025525693e-07,450.0,ASK
1248,1712376882.1403556,5870123.79792854,439.7,-2.2858181025525693e-07,450.0,ASK
1249,1712376882.1638026,5871283.79792854,439.7,-2.2858181025525693e-07,450.0,ASK
1250,1712376882.1777077,5871302.79792854,440.0,3.744012409353346e-09,450.0,BID
1251,1712376882.2375066,5875549.79792854,439.7,-8.368853001328244e-07,450.0,ASK
1252,1712376882.297583,5876129.79792854,439.6,-1.1429090512762849e-07,450.0,ASK
1253,1712376882.300542,5876709.79792854,439.6,-1.1429090512762849e-07,450.0,ASK
1254,1712376900.1475132,5876709.79792854,439.6,-0.0,450.0,ASK
1255,1712376930.1109896,5876709.79792854,439.6,-0.0,450.0,ASK
1256,1712376960.183052,5876709.79792854,439.6,-0.0,450.0,ASK
1257,1712376964.4573057,5876785.70745363,439.6,1.5046272199902673e-08,450.0,BID
1258,1712376990.167183,5876785.70745363,439.6,0.0,450.0,BID
1259,1712376995.8672636,5878974.79119716,439.9,-4.339024908373286e-07,450.0,ASK
1260,1712376995.8705132,5885605.54630963,439.9,-1.3142946988374468e-06,450.0,ASK
1261,1712376995.8867311,5885605.54631013,439.9,-9.894519008048048e-17,450.0,ASK
1262,1712376997.5670912,5885908.94631012,440.1,6.013749638625387e-08,450.0,BID
1263,1712376998.4573054,5890745.54631013,440.1,9.586717700455275e-07,450.0,BID
1264,1712376998.459724,5896957.09619741,440.2,1.231203226471621e-06,450.0,BID
1265,1712376998.462087,5900016.60361669,440.1,6.064308384202278e-07,450.0,BID
1266,1712376998.464695,5901242.8854287,440.1,2.43063671854462e-07,450.0,BID
1267,1712377018.9963443,5901246.73235177,440.2,7.62506006030186e-10,450.0,BID
1268,1712377020.116507,5901246.73235177,440.2,0.0,450.0,BID
1269,1712377050.1054256,5901246.73235177,440.2,0.0,450.0,BID
1270,1712377065.1457372,5901263.8486252,440.1,3.385426321363343e-09,450.0,BID
1271,1712377078.354984,5901925.71941197,439.5,-1.3091136876342877e-07,450.0,ASK
1272,1712377078.3573651,5902062.6338602,439.5,-2.708029751349005e-08,450.0,ASK
1273,1712377078.374726,5902062.63386109,439.5,-1.761011423389987e-16,450.0,ASK
1274,1712377078.5347977,5902062.63386144,439.3,-6.926153715425055e-17,450.0,ASK
1275,1712377078.5373085,5902529.28762844,439.3,-9.229941039500817e-08,450.0,ASK
1276,1712377080.1747277,5902529.28762844,439.3,-0.0,450.0,ASK
1277,1712377085.2647688,5902758.58762844,439.3,4.534817307933405e-08,450.0,BID
1278,1712377089.9330013,5902758.58762889,439.1,-8.896168529867169e-17,450.0,ASK
1279,1712377089.9374366,5902770.58762889,439.0,-2.3732144655580056e-09,450.0,ASK
1280,1712377089.938882,5907483.31791044,438.9,-9.320266397040624e-07,450.0,ASK
1281,1712377097.0444813,5907895.51791044,439.3,8.151991689195432e-08,450.0,BID
1282,1712377104.3941543,5913062.62165214,439.3,1.0218871120700775e-06,450.0,BID
1283,1712377104.396634,5913164.63371745,439.3,2.0174709087934497e-08,450.0,BID
1284,1712377110.1767085,5913164.63371745,439.3,0.0,450.0,BID
1285,1712377124.3337054,5913844.63371745,439.3,1.3435805736101398e-07,450.0,BID
1286,1712377133.483535,5914823.63371745,439.3,1.934360855241657e-07,450.0,BID
1287,1712377135.1576705,5915620.63371745,439.3,1.5747554664224724e-07,450.0,BID
1288,1712377139.5351944,5916401.63371745,439.3,1.54314180586694e-07,450.0,BID
1289,1712377140.1194682,5916401.63371745,439.3,0.0,450.0,BID
1290,1712377143.8342843,5916568.53131358,439.3,3.2967261912442883e-08,450.0,BID
1291,1712377156.6633658,5916581.05123163,439.3,-2.47305789320324e-09,450.0,ASK
1292,1712377162.1630888,5916629.91236845,439.3,-9.651534427338532e-09,450.0,ASK
1293,1712377162.1664064,5916973.18291163,439.3,-6.78061887422241e-08,450.0,ASK
1294,1712377162.182986,5916973.18291249,439.3,-1.6998276848625192e-16,450.0,ASK
1295,1712377170.1029885,5916973.18291249,439.3,-0.0,450.0,ASK
1296,1712377200.1321063,5916973.18291249,439.3,-0.0,450.0,ASK
1297,1712377230.113725,5916973.18291249,439.3,-0.0,450.0,ASK
1298,1712377260.1723957,5916973.18291249,439.3,-0.0,450.0,ASK
1299,1712377290.1609006,5916973.18291249,439.3,-0.0,450.0,ASK
1300,1712377320.1413257,5916973.18291249,439.3,-0.0,450.0,ASK
1301,1712377350.1101773,5916973.18291249,439.3,-0.0,450.0,ASK
1302,1712377373.089865,5917086.16018521,440.0,2.234965761288853e-08,450.0,BID
1303,1712377380.169759,5917086.16018521,440.0,0.0,450.0,BID
1304,1712377410.1724534,5917086.16018521,440.0,0.0,450.0,BID
1305,1712377418.3693578,5917142.67510956,440.0,1.11799192696659e-08,450.0,BID
1306,1712377440.1136267,5917142.67510956,440.0,0.0,450.0,BID
1307,1712377470.100114,5917142.67510956,440.0,0.0,450.0,BID
1308,1712377484.7182748,5917215.14796404,440.0,1.4336685149493166e-08,450.0,BID
1309,1712377500.1600668,5917215.14796404,440.0,0.0,450.0,BID
1310,1712377519.4979224,5917237.9114514,439.3,-4.525177994885743e-09,450.0,ASK
1311,1712377523.1377535,5917339.98057372,439.8,2.0290429975269807e-08,450.0,BID
1312,1712377530.1632342,5917339.98057372,439.8,0.0,450.0,BID
1313,1712377558.3874822,5917380.27702893,439.0,-8.010488015301862e-09,450.0,ASK
1314,1712377560.1641989,5917380.27702893,439.0,-0.0,450.0,ASK
1315,1712377590.1120024,5917380.27702893,439.0,-0.0,450.0,ASK
1316,1712377620.187848,5917380.27702893,439.0,-0.0,450.0,ASK
1317,1712377631.1915991,5917680.27702893,439.0,-5.963646035804708e-08,450.0,ASK
1318,1712377631.193222,5917867.77100652,439.0,-3.72715905396358e-08,450.0,ASK
1319,1712377631.306828,5917890.56043222,438.8,-4.530268941130055e-09,450.0,ASK
1320,1712377631.310391,5920013.10014383,438.9,-4.219358512327838e-07,450.0,ASK
1321,1712377631.9965978,5925630.65659683,438.7,1.1167039423947184e-06,450.0,BID
1322,1712377632.006519,5925630.65659762,438.7,1.5699527655921854e-16,450.0,BID
1323,1712377650.1664762,5925630.65659762,438.7,0.0,450.0,BID
1324,1712377680.1076422,5925630.65659762,438.7,0.0,450.0,BID
1325,1712377710.1118844,5925630.65659762,438.7,0.0,450.0,BID
1326,1712377715.8461826,5926615.37315301,438.7,1.9560926913629322e-07,450.0,BID
1327,1712377715.8494782,5929235.58362362,438.7,5.204923714681585e-07,450.0,BID
1328,1712377715.8660145,5929235.58362386,438.7,4.773072454766672e-17,450.0,BID
1329,1712377716.0259097,5930509.68670386,438.6,2.5309452849020625e-07,450.0,BID
1330,1712377716.028652,5931086.92438286,438.6,1.146655247025323e-07,450.0,BID
1331,1712377726.446404,5936807.64232276,438.6,1.136393461685019e-06,450.0,BID
1332,1712377726.4496324,5939438.7212785,438.6,5.226513444450342e-07,450.0,BID
1333,1712377740.1530926,5939438.7212785,438.6,0.0,450.0,BID
1334,1712377747.550738,5941543.58444309,438.8,4.1761863423310084e-07,450.0,BID
1335,1712377747.552378,5965058.67621551,440.0,4.665548181502949e-06,450.0,BID
1336,1712377747.5539424,5966305.14780891,439.0,2.4730812586941684e-07,450.0,BID
1337,1712377747.555498,5967855.38163402,440.0,3.075765416373458e-07,450.0,BID
1338,1712377747.5570529,6011103.97689756,440.1,8.58080448663275e-06,450.0,BID
1339,1712377747.5586207,6014386.36541555,438.8,6.512473746351503e-07,450.0,BID
1340,1712377747.5601892,6019386.36541555,440.1,9.92032739369305e-07,450.0,BID
1341,1712377747.5619009,6085109.85890391,440.2,1.3039971457235728e-05,450.0,BID
1342,1712377747.5634942,6088617.84571071,440.0,6.96007552324169e-07,450.0,BID
1343,1712377747.6061194,6095472.74571071,440.2,-1.3600570450206037e-06,450.0,ASK
1344,1712377747.6257591,6111824.68295671,440.2,-3.244331420028948e-06,450.0,ASK
1345,1712377747.6274834,6126352.53279071,440.2,-2.882420533593737e-06,450.0,ASK
1346,1712377747.6458292,6137083.78851171,440.2,-2.129151401955236e-06,450.0,ASK
1347,1712377747.649366,6201173.93341765,440.2,-1.2715904403523012e-05,450.0,ASK
1348,1712377747.657302,6214269.15566781,440.2,-2.598177840295186e-06,450.0,ASK
1349,1712377747.665663,6216825.93264113,440.2,-5.072812929598339e-07,450.0,ASK
1350,1712377747.6674242,6228505.84123628,440.2,-2.317370343846016e-06,450.0,ASK
1351,1712377747.7056284,6230772.32898911,440.2,-4.496860108373212e-07,450.0,ASK
1352,1712377747.7455688,6236450.27584352,440.2,-1.1265418343946888e-06,450.0,ASK
1353,1712377747.7656496,6243263.81206882,440.2,-1.3518502012753266e-06,450.0,ASK
1354,1712377747.7854729,6243962.80710077,440.2,-1.3868519127019137e-07,450.0,ASK
1355,1712377747.8461585,6250776.34332607,440.2,-1.3518502012753266e-06,450.0,ASK
1356,1712377747.9256558,6255776.34332607,440.2,-9.92032739369305e-07,450.0,ASK
1357,1712377747.985572,6256449.64189979,440.2,-1.335868457000481e-07,450.0,ASK
1358,1712377748.0057008,6263264.72595249,440.2,-1.3521573003665182e-06,450.0,ASK
1359,1712377748.0254312,6265480.3528934,440.2,-4.395948927222312e-07,450.0,ASK
1360,1712377770.121015,6265480.3528934,440.2,-0.0,450.0,ASK
1361,1712377800.148297,6265480.3528934,440.2,-0.0,450.0,ASK
1362,1712377830.1120777,6265480.3528934,440.2,-0.0,450.0,ASK
1363,1712377845.7448196,6269485.9454844,439.8,7.766815081530007e-07,450.0,BID
1364,1712377845.90493,6274004.6155274,439.7,8.761668552435228e-07,450.0,BID
1365,1712377848.935048,6274018.25499091,440.4,2.644682116056999e-09,450.0,BID
1366,1712377849.0150418,6274031.89445442,440.4,2.644682115876416e-09,450.0,BID
1367,1712377851.9048755,6274045.53391807,439.4,-2.644682143144415e-09,450.0,ASK
1368,1712377852.0062978,6274059.17338174,439.4,-2.644682147117236e-09,450.0,ASK
1369,1712377860.1690817,6274059.17338174,439.4,-0.0,450.0,ASK
1370,1712377869.1547244,6274081.88001207,440.4,4.399580964904055e-09,450.0,BID
1371,1712377890.1715274,6274081.88001207,440.4,0.0,450.0,BID
1372,1712377893.234993,6276819.84572494,440.4,5.305004889872527e-07,450.0,BID
1373,1712377920.1055706,6276819.84572494,440.4,0.0,450.0,BID
1374,1712377950.1203904,6276819.84572494,440.4,0.0,450.0,BID
1375,1712377980.1692708,6276819.84572494,440.4,0.0,450.0,BID
1376,1712378010.16737,6276819.84572494,440.4,0.0,450.0,BID
1377,1712378040.1091568,6276819.84572494,440.4,0.0,450.0,BID
1378,1712378070.093249,6276819.84572494,440.4,0.0,450.0,BID
1379,1712378100.1582446,6276819.84572494,440.4,0.0,450.0,BID
1380,1712378130.1635158,6276819.84572494,440.4,0.0,450.0,BID
1381,1712378135.0329828,6277046.9120283,440.4,4.411419096007279e-08,450.0,BID
1382,1712378160.1041448,6277046.9120283,440.4,0.0,450.0,BID
1383,1712378190.1043327,6277046.9120283,440.4,0.0,450.0,BID
1384,1712378220.1354177,6277046.9120283,440.4,0.0,450.0,BID
1385,1712378244.3023932,6278039.93840392,440.0,-1.929203209020616e-07,450.0,ASK
1386,1712378250.1107929,6278039.93840392,440.0,-0.0,450.0,ASK
1387,1712378251.4825993,6279031.07146477,440.4,1.925361535226028e-07,450.0,BID
1388,1712378280.1685598,6279031.07146477,440.4,0.0,450.0,BID
1389,1712378282.2823243,6279054.1679916,440.0,-4.486319321029502e-09,450.0,ASK
1390,1712378310.176514,6279054.1679916,440.0,-0.0,450.0,ASK
1391,1712378311.3521435,6279058.01491467,440.4,7.472331816097512e-10,450.0,BID
1392,1712378330.6220057,6285002.69114967,440.4,1.154704488719048e-06,450.0,BID
1393,1712378335.461882,6297103.36887167,440.4,2.3504571703789948e-06,450.0,BID
1394,1712378335.562004,6307816.48988967,440.4,2.0809356874379218e-06,450.0,BID
1395,1712378335.565821,6308932.86133846,440.4,2.168459764731581e-07,450.0,BID
1396,1712378335.6421506,6312727.62399705,440.4,7.371014504876672e-07,450.0,BID
1397,1712378340.1063318,6312727.62399705,440.4,0.0,450.0,BID
1398,1712378351.5894392,6312731.47092012,441.0,7.450869104826672e-10,450.0,BID
1399,1712378370.1019256,6312731.47092012,441.0,0.0,450.0,BID
1400,1712378400.116359,6312731.47092012,441.0,0.0,450.0,BID
1401,1712378401.3615742,6313535.69432751,440.2,-1.562821471035745e-07,450.0,ASK
1402,1712378430.1013086,6313535.69432751,440.2,-0.0,450.0,ASK
1403,1712378457.0216513,6314526.82738836,440.2,-1.925904493262906e-07,450.0,ASK
1404,1712378460.1674478,6314526.82738836,440.2,-0.0,450.0,ASK
1405,1712378488.2612386,6314594.85459924,441.0,1.3217479072742537e-08,450.0,BID
1406,1712378490.1583333,6314594.85459924,441.0,0.0,450.0,BID
1407,1712378520.1322966,6314594.85459924,441.0,0.0,450.0,BID
1408,1712378550.0968685,6314594.85459924,441.0,0.0,450.0,BID
1409,1712378580.198331,6314594.85459924,441.0,0.0,450.0,BID
1410,1712378588.8307705,6314664.00860241,440.9,1.3436333050103017e-08,450.0,BID
1411,1712378591.700768,6314688.95757042,440.9,4.847479944406621e-09,450.0,BID
1412,1712378610.1668448,6314688.95757042,440.9,0.0,450.0,BID
1413,1712378625.020707,6314710.91724016,440.9,4.266637421354478e-09,450.0,BID
1414,1712378625.0245807,6316517.99995555,440.9,3.511057692704729e-07,450.0,BID
1415,1712378640.113672,6316517.99995555,440.9,0.0,450.0,BID
1416,1712378657.0105407,6320198.21119023,440.2,-7.149318398894931e-07,450.0,ASK
1417,1712378657.0203428,6320220.21119023,440.2,-4.273803723371018e-09,450.0,ASK
1418,1712378657.5521705,6323331.53618086,440.2,6.044178331623834e-07,450.0,BID
1419,1712378657.5541055,6324391.53618086,440.8,2.0591963394424e-07,450.0,BID
1420,1712378657.600675,6327430.08855644,440.8,-5.902807480185666e-07,450.0,ASK
1421,1712378670.1028392,6327430.08855644,440.8,-0.0,450.0,ASK
1422,1712378696.4505448,6327776.89692604,440.8,6.7309471944423e-08,450.0,BID
1423,1712378696.4547188,6327867.64102768,440.8,1.761185167038918e-08,450.0,BID
1424,1712378696.5104797,6330989.93311506,440.8,-6.059825831196445e-07,450.0,ASK
1425,1712378696.5145264,6331794.15652245,440.8,-1.560857742249392e-07,450.0,ASK
1426,1712378700.1340818,6331794.15652245,440.8,-0.0,450.0,ASK
1427,1712378730.103256,6331794.15652245,440.8,-0.0,450.0,ASK
1428,1712378760.1503131,6331794.15652245,440.8,-0.0,450.0,ASK
1429,1712378790.1534944,6331794.15652245,440.8,-0.0,450.0,ASK
1430,1712378820.099985,6331794.15652245,440.8,-0.0,450.0,ASK
1431,1712378850.1096852,6331794.15652245,440.8,-0.0,450.0,ASK
1432,1712378880.1609175,6331794.15652245,440.8,-0.0,450.0,ASK
1433,1712378910.1738722,6331794.15652245,440.8,-0.0,450.0,ASK
1434,1712378940.109547,6331794.15652245,440.8,-0.0,450.0,ASK
1435,1712378948.1894493,6332834.37217772,440.0,-2.019877436802537e-07,450.0,ASK
1436,1712378970.1177285,6332834.37217772,440.0,-0.0,450.0,ASK
1437,1712379000.1191125,6332834.37217772,440.0,-0.0,450.0,ASK
1438,1712379018.9890091,6332937.41210512,440.8,2.012671890372611e-08,450.0,BID
1439,1712379030.0994065,6332937.41210512,440.8,0.0,450.0,BID
1440,1712379042.889785,6338611.31261782,440.8,1.1082692938366942e-06,450.0,BID
1441,1712379042.8940294,6348556.94228812,440.8,1.942655840861778e-06,450.0,BID
1442,1712379060.1571443,6348556.94228812,440.8,0.0,450.0,BID
1443,1712379063.8403716,6348659.16551861,440.8,1.9940200372871285e-08,450.0,BID
1444,1712379083.9874196,6348761.3887491,440.8,1.9940200373052963e-08,450.0,BID
1445,1712379090.1554394,6348761.3887491,440.8,0.0,450.0,BID
1446,1712379108.5216146,6348863.58929356,440.8,1.993542466629457e-08,450.0,BID
1447,1712379120.1320171,6348863.58929356,440.8,0.0,450.0,BID
1448,1712379122.032161,6361818.27402586,440.8,2.526942233994765e-06,450.0,BID
1449,1712379122.0406451,6405426.89604756,440.8,8.506302625658705e-06,450.0,BID
1450,1712379123.0654824,6407728.1272062,440.8,4.488784038452007e-07,450.0,BID
1451,1712379138.6522102,6407830.35043669,440.8,1.9939674624243943e-08,450.0,BID
1452,1712379149.0026658,6407890.32776095,441.0,1.1699183491155188e-08,450.0,BID
1453,1712379150.11366,6407890.32776095,441.0,0.0,450.0,BID
1454,1712379163.6031363,6407992.50463169,441.0,1.982998916321968e-08,450.0,BID
1455,1712379180.172645,6407992.50463169,441.0,0.0,450.0,BID
1456,1712379184.3235655,6408018.78581082,441.0,5.100478573022506e-09,450.0,BID
1457,1712379210.1709323,6408018.78581082,441.0,0.0,450.0,BID
1458,1712379238.7854176,6408120.82662714,441.0,1.9803366659137177e-08,450.0,BID
1459,1712379240.1167305,6408120.82662714,441.0,0.0,450.0,BID
1460,1712379244.9248405,6408229.20241556,441.0,2.1032629972996323e-08,450.0,BID
1461,1712379244.9274256,6408327.01150705,441.0,1.8981937379946585e-08,450.0,BID
1462,1712379244.9350293,6408427.01150705,441.0,1.940712983918624e-08,450.0,BID
1463,1712379244.9374726,6409107.2836159,441.1,1.320212914243033e-07,450.0,BID
1464,1712379244.9399002,6413414.01945822,441.1,8.3581381674984e-07,450.0,BID
1465,1712379244.942327,6414436.69519519,441.0,1.9847200810749402e-07,450.0,BID
1466,1712379244.9448276,6441103.65068897,441.2,5.175290676836043e-06,450.0,BID
1467,1712379245.0656192,6441127.65068897,441.3,4.6577111614046964e-09,450.0,BID
1468,1712379270.114321,6441127.65068897,441.3,0.0,450.0,BID
1469,1712379300.1634898,6441127.65068897,441.3,0.0,450.0,BID
1470,1712379301.476323,6441561.81829938,441.5,8.432260958664045e-08,450.0,BID
1471,1712379301.5759673,6442021.66122527,441.5,8.930918516552754e-08,450.0,BID
1472,1712379303.524906,6443408.67258678,441.5,2.6938079839379724e-07,450.0,BID
1473,1712379303.5272148,6444227.44216675,441.5,1.5901874294147873e-07,450.0,BID
1474,1712379330.1633403,6444227.44216675,441.5,0.0,450.0,BID
1475,1712379345.852708,6444286.66688778,441.5,-1.1499374613337084e-08,450.0,ASK
1476,1712379360.1085317,6444286.66688778,441.5,-0.0,450.0,ASK
1477,1712379373.2574286,6444542.24834701,441.4,-4.962475080585591e-08,450.0,ASK
1478,1712379382.26752,6444627.44216675,441.4,-1.6541583601228654e-08,450.0,ASK
1479,1712379390.11109,6444627.44216675,441.4,-0.0,450.0,ASK
1480,1712379420.161394,6444627.44216675,441.4,-0.0,450.0,ASK
1481,1712379450.1657488,6444627.44216675,441.4,-0.0,450.0,ASK
1482,1712379480.1323335,6444627.44216675,441.4,-0.0,450.0,ASK
1483,1712379510.1175764,6444627.44216675,441.4,-0.0,450.0,ASK
1484,1712379522.3096194,6445252.96865477,441.8,1.2145125712598654e-07,450.0,BID
1485,1712379522.319727,6445532.82921971,441.8,5.4337295195117775e-08,450.0,BID
1486,1712379528.1196887,6445566.24590532,441.4,-6.488132084020649e-09,450.0,ASK
1487,1712379540.1919334,6445566.24590532,441.4,-0.0,450.0,ASK
1488,1712379570.178444,6445566.24590532,441.4,-0.0,450.0,ASK
1489,1712379600.155161,6445566.24590532,441.4,-0.0,450.0,ASK
1490,1712379610.0109315,6445582.37645532,441.7,3.132829556157685e-09,450.0,BID
1491,1712379610.0154812,6446036.67403741,441.7,8.823238466588789e-08,450.0,BID
1492,1712379626.278272,6447566.95615579,441.4,-2.972070419021533e-07,450.0,ASK
1493,1712379626.3342223,6447623.40413898,441.4,-1.0963166793797446e-08,450.0,ASK
1494,1712379626.4707828,6447911.17776236,441.3,-5.5890574891338935e-08,450.0,ASK
1495,1712379626.4734583,6448083.24706487,441.2,-3.341881067993066e-08,450.0,ASK
1496,1712379627.4209654,6451135.56774474,441.2,-5.92813043624516e-07,450.0,ASK
1497,1712379627.4343083,6451964.04944955,441.2,-1.609053610436226e-07,450.0,ASK
1498,1712379627.5608606,6453023.97291515,441.2,-2.058553217541328e-07,450.0,ASK
1499,1712379627.6231885,6453351.00762315,441.2,-6.351575111316247e-08,450.0,ASK
1500,1712379627.6408217,6453678.04233115,441.2,-6.351575111316247e-08,450.0,ASK
1501,1712379627.643833,6454005.07703915,441.2,-6.351575111316247e-08,450.0,ASK
1502,1712379627.6611164,6454083.89638017,441.2,-1.5308068301957937e-08,450.0,ASK
1503,1712379627.6655967,6454410.93108817,441.2,-6.351575111316247e-08,450.0,ASK
1504,1712379630.1129403,6454410.93108817,441.2,-0.0,450.0,ASK
1505,1712379630.9308958,6454434.83819199,440.1,-4.639652862914397e-09,450.0,ASK
1506,1712379633.2609534,6454450.42050108,441.7,3.024059523383672e-09,450.0,BID
1507,1712379633.265692,6454467.43950509,441.7,3.3028789799324393e-09,450.0,BID
1508,1712379660.162431,6454467.43950509,441.7,0.0,450.0,BID
1509,1712379690.172269,6454467.43950509,441.7,0.0,450.0,BID
1510,1712379720.1439648,6454467.43950509,441.7,0.0,450.0,BID
1511,1712379750.1254911,6454467.43950509,441.7,0.0,450.0,BID
1512,1712379780.1817975,6454467.43950509,441.7,0.0,450.0,BID
1513,1712379810.1727362,6454467.43950509,441.7,0.0,450.0,BID
1514,1712379840.1027114,6454467.43950509,441.7,0.0,450.0,BID
1515,1712379870.1129217,6454467.43950509,441.7,0.0,450.0,BID
1516,1712379900.172083,6454467.43950509,441.7,0.0,450.0,BID
1517,1712379930.1733208,6454467.43950509,441.7,0.0,450.0,BID
1518,1712379937.283309,6454479.43950509,441.4,2.352838157416867e-09,450.0,BID
1519,1712379960.1234865,6454479.43950509,441.4,0.0,450.0,BID
1520,1712379990.113676,6454479.43950509,441.4,0.0,450.0,BID
1521,1712380020.1436815,6454479.43950509,441.4,0.0,450.0,BID
1522,1712380050.114481,6454479.43950509,441.4,0.0,450.0,BID
1523,1712380080.1840303,6454479.43950509,441.4,0.0,450.0,BID
1524,1712380110.1643517,6454479.43950509,441.4,0.0,450.0,BID
1525,1712380121.2845528,6454675.80263,440.6,-3.850084776500796e-08,450.0,ASK
1526,1712380122.574385,6454758.53199481,441.4,1.6220717009511044e-08,450.0,BID
1527,1712380140.1144774,6454758.53199481,441.4,0.0,450.0,BID
1528,1712380170.1269765,6454758.53199481,441.4,0.0,450.0,BID
1529,1712380200.1593778,6454758.53199481,441.4,0.0,450.0,BID
1530,1712380214.7247972,6454954.89511973,440.8,-3.911634613620757e-08,450.0,ASK
1531,1712380230.114729,6454954.89511973,440.8,-0.0,450.0,ASK
1532,1712380242.794805,6455280.78596373,441.4,6.491768382766824e-08,450.0,BID
1533,1712380242.798718,6455647.03296273,441.4,7.295665810101274e-08,450.0,BID
1534,1712380242.8952303,6455986.34511373,441.4,6.75912175597259e-08,450.0,BID
1535,1712380243.1348925,6456288.66194273,441.4,6.022172356830463e-08,450.0,BID
1536,1712380260.1748834,6456288.66194273,441.4,0.0,450.0,BID
1537,1712380282.8552687,6457196.47414908,441.4,1.8081562076435445e-07,450.0,BID
1538,1712380282.8591137,6457824.24616572,441.4,1.2503796059713178e-07,450.0,BID
1539,1712380290.1784203,6457824.24616572,441.4,0.0,450.0,BID
1540,1712380320.118475,6457824.24616572,441.4,0.0,450.0,BID
1541,1712380344.9551516,6460314.24616572,441.6,4.958846310838245e-07,450.0,BID
1542,1712380346.1558352,6460315.18819471,441.6,1.8760550127873424e-10,450.0,BID
1543,1712380350.1322258,6460315.18819471,441.6,0.0,450.0,BID
1544,1712380380.5121832,6460315.18819471,441.6,0.0,450.0,BID
1545,1712380383.4263735,6461687.68819471,441.7,2.732741335242461e-07,450.0,BID
1546,1712380410.169496,6461687.68819471,441.7,0.0,450.0,BID
1547,1712380414.2054698,6461699.72055722,441.4,-2.3954364972240475e-09,450.0,ASK
1548,1712380440.1178374,6461699.72055722,441.4,-0.0,450.0,ASK
1549,1712380470.117092,6461699.72055722,441.4,-0.0,450.0,ASK
1550,1712380500.1455777,6461699.72055722,441.4,-0.0,450.0,ASK
1551,1712380524.2558904,6463504.22055722,441.7,3.646402853296688e-07,450.0,BID
1552,1712380528.356558,6463601.22055722,441.7,1.9601057177599257e-08,450.0,BID
1553,1712380528.3706565,6464174.22055722,441.7,1.157876882759214e-07,450.0,BID
1554,1712380530.3673573,6464174.22055722,441.7,0.0,450.0,BID
1555,1712380542.5055945,6464174.7587668,441.7,1.0873347707357484e-10,450.0,BID
1556,1712380542.5105965,6473961.21760612,441.8,1.9771400168388044e-06,450.0,BID
1557,1712380559.195494,6476224.68523853,441.8,4.5728414192855697e-07,450.0,BID
1558,1712380560.1685965,6476224.68523853,441.8,0.0,450.0,BID
1559,1712380590.165532,6476224.68523853,441.8,0.0,450.0,BID
1560,1712380620.108375,6476224.68523853,441.8,0.0,450.0,BID
1561,1712380634.7558286,6483301.2250936,441.8,1.4281240845420404e-06,450.0,BID
1562,1712380634.7754955,6484986.84003379,441.8,3.401757557578159e-07,450.0,BID
1563,1712380650.1226015,6484986.84003379,441.8,0.0,450.0,BID
1564,1712380680.1888704,6484986.84003379,441.8,0.0,450.0,BID
1565,1712380710.200608,6484986.84003379,441.8,0.0,450.0,BID
1566,1712380729.2158496,6485009.47471011,441.8,4.564362422440174e-09,450.0,BID
1567,1712380740.116179,6485009.47471011,441.8,0.0,450.0,BID
1568,1712380744.7960224,6485122.75065011,441.4,-2.2842447313654253e-08,450.0,ASK
1569,1712380745.046023,6485122.7506503,441.4,-3.831203798354544e-17,450.0,ASK
1570,1712380745.0500274,6485236.07793911,441.2,-2.2852801961684232e-08,450.0,ASK
1571,1712380770.125823,6485236.07793911,441.2,-0.0,450.0,ASK
1572,1712380800.1358645,6485236.07793911,441.2,-0.0,450.0,ASK
