,time,acc_trade_volume,trade_price,dev,high,ask_bid
0,1712365207.2059925,8273794.35101575,58.86,0.0,59.2,BID
1,1712365229.7154732,8273896.30513639,58.85,1.1771691517732288e-08,59.2,BID
2,1712365230.5163062,8273896.30513639,58.85,0.0,59.2,BID
3,1712365259.755534,8307832.01357783,58.85,3.9182370654185e-06,59.2,BID
4,1712365260.3779466,8307832.01357783,58.85,0.0,59.2,BID
5,1712365287.0758803,8322637.97207929,58.85,1.7091106672592428e-06,59.2,BID
6,1712365287.0770793,8375786.2607533,58.85,6.135118311345163e-06,59.2,BID
7,1712365288.4756284,8375830.98864446,58.8,-5.163118341735695e-09,59.2,ASK
8,1712365288.4765792,8376001.05667167,58.8,-1.9631628674010712e-08,59.2,ASK
9,1712365288.477569,8376086.2607533,58.8,-9.835445965492306e-09,59.2,ASK
10,1712365288.4855154,8376186.2607533,58.8,-1.1543397660412905e-08,59.2,ASK
11,1712365290.31704,8376186.2607533,58.8,-0.0,59.2,ASK
12,1712365299.63207,8376325.06330523,58.8,-1.6015093957095093e-08,59.2,ASK
13,1712365301.7157302,8380921.94814073,58.8,-5.303904108888084e-07,59.2,ASK
14,1712365317.8469646,8384352.13027962,58.8,-3.957757871198309e-07,59.2,ASK
15,1712365317.925452,8386911.72224831,58.8,-2.953267450811532e-07,59.2,ASK
16,1712365317.9854224,8389937.21011426,58.8,-3.490820000464913e-07,59.2,ASK
17,1712365320.5165548,8389937.21011426,58.8,-0.0,59.2,ASK
18,1712365335.6374428,8393139.83643144,58.8,-3.694858355121706e-07,59.2,ASK
19,1712365335.6385634,8401415.086066,58.8,-9.547125460421769e-07,59.2,ASK
20,1712365335.8560617,8403999.98929667,58.8,-2.982193472832659e-07,59.2,ASK
21,1712365336.295457,8406134.56950434,58.85,2.462657436078996e-07,59.2,BID
22,1712365336.4560542,8406526.17111434,58.85,-4.5178935576401936e-08,59.2,ASK
23,1712365343.765501,8406526.17111485,58.85,-5.888059833156134e-17,59.2,ASK
24,1712365350.49657,8406526.17111485,58.85,-0.0,59.2,ASK
25,1712365362.965486,8407021.82728256,58.8,-5.7177236842662144e-08,59.2,ASK
26,1712365365.5157826,8409077.30650862,58.86,2.371132050610811e-07,59.2,BID
27,1712365376.8856344,8410843.63416637,58.8,-2.03757647757826e-07,59.2,ASK
28,1712365376.8889236,8411243.15676607,58.8,-4.608759013876117e-08,59.2,ASK
29,1712365378.4085069,8417319.07825797,58.8,-7.008979708373957e-07,59.2,ASK
30,1712365378.4154382,8422443.70339837,58.8,-5.911596071469822e-07,59.2,ASK
31,1712365380.3662305,8422443.70339837,58.8,-0.0,59.2,ASK
32,1712365381.3856487,8422813.51598584,58.8,-4.2655736481010334e-08,59.2,ASK
33,1712365391.6878304,8427028.10049735,58.8,-4.861278723094714e-07,59.2,ASK
34,1712365391.9056065,8431325.11716753,58.8,-4.95635943578279e-07,59.2,ASK
35,1712365410.3513932,8431325.11716753,58.8,-0.0,59.2,ASK
36,1712365412.4256232,8460006.1530879,58.8,-3.3079918393856194e-06,59.2,ASK
37,1712365412.4271016,8466253.35782311,58.8,-7.205354207018093e-07,59.2,ASK
38,1712365412.5657265,8473520.12935687,58.8,8.381294524752587e-07,59.2,BID
39,1712365420.4857297,8479392.02334185,58.8,6.772481104928838e-07,59.2,BID
40,1712365429.3756115,8479478.75803572,58.8,1.0003741158792592e-08,59.2,BID
41,1712365438.5218265,8481855.11320313,58.8,2.740822724501271e-07,59.2,BID
42,1712365440.5066457,8481855.11320313,58.8,0.0,59.2,BID
43,1712365470.4866383,8481855.11320313,58.8,0.0,59.2,BID
44,1712365474.884771,8483137.02663558,58.76,-1.4780172178060016e-07,59.2,ASK
45,1712365474.887741,8486992.12767593,58.76,-4.444844378558116e-07,59.2,ASK
46,1712365500.3264723,8486992.12767593,58.76,-0.0,59.2,ASK
47,1712365506.0193095,8493258.10747167,58.76,-7.249498664944551e-07,59.2,ASK
48,1712365511.4565368,8493428.17549888,58.8,1.9676219464621504e-08,59.2,BID
49,1712365527.6457407,8498005.42553367,58.76,-5.295703002247507e-07,59.2,ASK
50,1712365527.6862533,8501740.25323752,58.76,-4.321052626322346e-07,59.2,ASK
51,1712365530.5157058,8501740.25323752,58.76,-0.0,59.2,ASK
52,1712365535.683044,8528426.23189552,58.76,-3.0871560077403365e-06,59.2,ASK
53,1712365560.4219844,8528426.23189552,58.76,-0.0,59.2,ASK
54,1712365566.985823,8531829.90786556,58.8,3.936813820176682e-07,59.2,BID
55,1712365568.8756747,8532000.12063151,58.75,-1.968741957999386e-08,59.2,ASK
56,1712365568.8770697,8535805.53640252,58.75,-4.401480496585255e-07,59.2,ASK
57,1712365568.8782046,8535805.53640328,58.76,-8.789961176945483e-17,59.2,ASK
58,1712365568.8792443,8552826.81299756,58.75,-1.968741957907824e-06,59.2,ASK
59,1712365590.3485785,8552826.81299756,58.75,-0.0,59.2,ASK
60,1712365598.8058534,8552826.81299902,58.75,-1.6887713188744363e-16,59.2,ASK
61,1712365620.4956915,8552826.81299902,58.75,-0.0,59.2,ASK
62,1712365623.135785,8555474.8531969,58.72,-3.062310543530969e-07,59.2,ASK
63,1712365623.1372323,8558121.67810849,58.72,-3.060905132831844e-07,59.2,ASK
64,1712365623.8180854,8561489.49993652,58.72,-3.8946977847856186e-07,59.2,ASK
65,1712365626.4258437,8564004.91857914,58.72,-2.908941124405273e-07,59.2,ASK
66,1712365626.4463212,8566517.98275334,58.72,-2.906218313218757e-07,59.2,ASK
67,1712365626.47165,8569036.96591786,58.72,-2.9130632948309164e-07,59.2,ASK
68,1712365632.3062396,8569207.26564538,58.72,-1.9694212027528897e-08,59.2,ASK
69,1712365632.3081608,8571197.89015938,58.71,-2.3020460347668018e-07,59.2,ASK
70,1712365632.3100958,8571373.89015938,58.7,-2.0353416692569545e-08,59.2,ASK
71,1712365632.311598,8573650.35168195,58.72,-2.632600565537845e-07,59.2,ASK
72,1712365632.3159132,8574501.99535423,58.71,-9.848783258809805e-08,59.2,ASK
73,1712365632.3173983,8577904.8935644,58.7,-3.935261661021816e-07,59.2,ASK
74,1712365632.318884,8611999.67706252,58.66,-3.942871224887552e-06,59.2,ASK
75,1712365632.3203776,8612270.18004632,58.65,-3.128215878323064e-08,59.2,ASK
76,1712365632.3218913,8678920.72807438,58.64,-7.707763504563694e-06,59.2,ASK
77,1712365632.3234153,8878444.83825287,58.65,-2.307384860611924e-05,59.2,ASK
78,1712365633.2558894,8881503.4596402,58.66,-3.537124750063143e-07,59.2,ASK
79,1712365650.5073955,8881503.4596402,58.66,-0.0,59.2,ASK
80,1712365680.3180592,8881503.4596402,58.66,-0.0,59.2,ASK
81,1712365694.7606037,8882867.25098012,58.66,-1.573640182816409e-07,59.2,ASK
82,1712365710.358703,8882867.25098012,58.66,-0.0,59.2,ASK
83,1712365740.4959674,8882867.25098012,58.66,-0.0,59.2,ASK
84,1712365752.5862904,8911269.80157939,58.68,-3.277259580038996e-06,59.2,ASK
85,1712365752.5879765,8913315.48858928,58.66,-2.360438485089624e-07,59.2,ASK
86,1712365752.5896358,8930365.7869695,58.65,-1.967367455743126e-06,59.2,ASK
87,1712365752.5913072,8934464.30896063,58.66,-4.7291247356413844e-07,59.2,ASK
88,1712365752.5929103,9024084.30896063,58.64,-1.034090239665476e-05,59.2,ASK
89,1712365752.7460573,9158502.45772226,58.64,1.55099861267913e-05,59.2,BID
90,1712365752.7475262,9159697.94880376,58.64,1.3794305500856e-07,59.2,BID
91,1712365752.8260648,9202345.50936329,58.64,4.92093574203884e-06,59.2,BID
92,1712365752.925882,9244985.79590601,58.64,4.920096421598426e-06,59.2,BID
93,1712365770.495885,9244985.79590601,58.64,0.0,59.2,BID
94,1712365800.399572,9244985.79590601,58.64,0.0,59.2,BID
95,1712365823.2660725,9284985.79590601,58.64,4.613310707215547e-06,59.2,BID
96,1712365830.3669462,9284985.79590601,58.64,0.0,59.2,BID
97,1712365840.4160087,9300297.77494001,58.64,1.7654953108488083e-06,59.2,BID
98,1712365860.5144627,9300297.77494001,58.64,0.0,59.2,BID
99,1712365869.2541664,9301031.06279812,58.64,8.454049317378784e-08,59.2,BID
100,1712365884.066187,9313311.46532243,58.63,1.415803186014441e-06,59.2,BID
101,1712365884.166021,9347417.87732843,58.64,3.932115961673841e-06,59.2,BID
102,1712365884.246415,9354985.50854951,58.64,8.724694790890311e-07,59.2,BID
103,1712365884.2483056,9361785.08458243,58.64,7.839206729501569e-07,59.2,BID
104,1712365890.5062418,9361785.08458243,58.64,0.0,59.2,BID
105,1712365920.3477497,9361785.08458243,58.64,0.0,59.2,BID
106,1712365944.3002117,9384647.33739524,58.66,-2.634685720645456e-06,59.2,ASK
107,1712365944.3010924,9389715.32332218,58.66,-5.840435001515658e-07,59.2,ASK
108,1712365946.9259748,9412079.4392466,58.75,2.577279560477654e-06,59.2,BID
109,1712365947.245852,9467191.9376946,58.75,6.351260038935339e-06,59.2,BID
110,1712365949.396099,9468009.33263117,58.66,-9.41980121182346e-08,59.2,ASK
111,1712365950.3379178,9468009.33263117,58.66,-0.0,59.2,ASK
112,1712365956.5858777,9482196.36204633,58.75,1.6337634164877338e-06,59.2,BID
113,1712365956.730168,9500436.82843724,58.75,2.100552964054892e-06,59.2,BID
114,1712365980.516209,9500436.82843724,58.75,0.0,59.2,BID
115,1712366010.5270147,9500436.82843724,58.75,0.0,59.2,BID
116,1712366019.3461757,9500536.82843724,58.75,-1.151336910762892e-08,59.2,ASK
117,1712366019.3477645,9503287.89226702,58.75,-3.167401331090004e-07,59.2,ASK
118,1712366019.355956,9517114.11957824,58.75,-1.5918645840005584e-06,59.2,ASK
119,1712366040.307442,9517114.11957824,58.75,-0.0,59.2,ASK
120,1712366060.3659513,9517537.22717337,58.75,4.8708444499149353e-08,59.2,BID
121,1712366070.3581305,9517537.22717337,58.75,0.0,59.2,BID
122,1712366100.3758657,9517537.22717337,58.75,0.0,59.2,BID
123,1712366107.9260647,9517667.22717337,58.74,1.5001905466433053e-08,59.2,BID
124,1712366115.4362423,9517837.46891664,58.74,1.964577337678402e-08,59.2,BID
125,1712366130.3287792,9517837.46891664,58.74,0.0,59.2,BID
126,1712366157.2473466,9534020.15371163,58.75,1.867466256920356e-06,59.2,BID
127,1712366157.2482812,9534437.61531764,58.74,4.817466771807095e-08,59.2,BID
128,1712366160.496143,9534437.61531764,58.74,0.0,59.2,BID
129,1712366160.9374304,9544157.53021176,58.75,1.121542605572111e-06,59.2,BID
130,1712366160.9461951,9545060.10084133,58.75,1.0414406161251368e-07,59.2,BID
131,1712366172.6069467,9545179.53128211,58.72,-1.3780607052209896e-08,59.2,ASK
132,1712366190.5080645,9545179.53128211,58.72,-0.0,59.2,ASK
133,1712366205.645997,9550179.53128211,58.8,5.768882520687982e-07,59.2,BID
134,1712366205.6561506,9556051.42526709,58.8,6.774853314655672e-07,59.2,BID
135,1712366218.4059598,9556272.42526709,58.85,2.549846074144089e-08,59.2,BID
136,1712366220.3362465,9556272.42526709,58.85,0.0,59.2,BID
137,1712366223.026418,9556442.34880149,58.85,1.960390280352318e-08,59.2,BID
138,1712366228.5865457,9556612.27233589,58.85,1.960390280352318e-08,59.2,BID
139,1712366231.7762475,9574070.17697835,58.86,2.014100442124569e-06,59.2,BID
140,1712366231.7812147,9582855.12430208,58.85,1.0135103067142112e-06,59.2,BID
141,1712366231.902182,9582974.55474286,58.85,1.3778566701106473e-08,59.2,BID
142,1712366249.046306,9585342.67342696,58.85,-2.732074086972112e-07,59.2,ASK
143,1712366249.0478618,9586192.29109901,58.85,-9.80195140229882e-08,59.2,ASK
144,1712366249.0559416,9587907.66111153,58.85,-1.9790046809059e-07,59.2,ASK
145,1712366250.343286,9587907.66111153,58.85,-0.0,59.2,ASK
146,1712366251.0769403,9594435.61303551,58.85,7.529613357183106e-07,59.2,BID
147,1712366251.1084974,9618881.41303551,58.85,2.8196810324366587e-06,59.2,BID
148,1712366253.5466812,9632901.787784,58.85,1.6171687875206395e-06,59.2,BID
149,1712366254.6760142,9646984.75349119,58.85,1.6243882910362533e-06,59.2,BID
150,1712366254.7761798,9660676.52570649,58.85,1.579266394060607e-06,59.2,BID
151,1712366270.3760128,9682974.55474286,58.85,2.5719481274726174e-06,59.2,BID
152,1712366270.38617,9750548.68373537,58.85,7.794283263530155e-06,59.2,BID
153,1712366275.136098,9752973.19523705,58.85,2.79653318533619e-07,59.2,BID
154,1712366275.216167,9765720.14324986,58.85,1.4702864104744369e-06,59.2,BID
155,1712366280.516159,9765720.14324986,58.85,0.0,59.2,BID
156,1712366302.8079033,9769748.89047503,58.86,4.641323866233607e-07,59.2,BID
157,1712366302.808936,9771573.36164428,58.85,2.101884558106061e-07,59.2,BID
158,1712366302.9761975,9773935.56429849,58.89,2.721378866207976e-07,59.2,BID
159,1712366310.5160477,9773935.56429849,58.89,0.0,59.2,BID
160,1712366317.806155,9775633.64546676,58.89,1.9561677938427253e-07,59.2,BID
161,1712366317.808332,9777126.5438529,58.89,1.7197998523365185e-07,59.2,BID
162,1712366340.3475227,9777126.5438529,58.89,0.0,59.2,BID
163,1712366370.4259398,9777126.5438529,58.89,0.0,59.2,BID
164,1712366400.3924687,9777126.5438529,58.89,0.0,59.2,BID
165,1712366415.1860688,9790808.52680136,58.9,-1.586918927313614e-06,59.2,ASK
166,1712366415.188249,9794107.35553569,58.89,-3.826180588144424e-07,59.2,ASK
167,1712366429.926601,9794227.35553569,58.89,-1.3918323973576238e-08,59.2,ASK
168,1712366430.3377726,9794227.35553569,58.89,-0.0,59.2,ASK
169,1712366460.5160353,9794227.35553569,58.89,-0.0,59.2,ASK
170,1712366478.0742302,9796887.7830418,58.89,-3.0853638911878654e-07,59.2,ASK
171,1712366478.0753412,9828329.53488216,58.89,-3.646378094541386e-06,59.2,ASK
172,1712366478.076397,9828432.93104449,58.89,-1.1991109887618453e-08,59.2,ASK
173,1712366486.6895828,9838432.93104449,58.89,-1.159724850273986e-06,59.2,ASK
174,1712366490.487062,9838432.93104449,58.89,-0.0,59.2,ASK
175,1712366520.3854034,9838432.93104449,58.89,-0.0,59.2,ASK
176,1712366550.3357277,9838432.93104449,58.89,-0.0,59.2,ASK
177,1712366580.0556383,9838554.93104449,58.99,1.4144372884383989e-08,59.2,BID
178,1712366580.487652,9838554.93104449,58.99,0.0,59.2,BID
179,1712366610.324181,9841045.57504992,58.89,-2.8875875525556094e-07,59.2,ASK
180,1712366610.5073135,9841045.57504992,58.89,-0.0,59.2,ASK
181,1712366640.3369963,9841045.57504992,58.89,-0.0,59.2,ASK
182,1712366670.3396783,9841045.57504992,58.89,-0.0,59.2,ASK
183,1712366700.5070138,9841045.57504992,58.89,-0.0,59.2,ASK
184,1712366703.862244,9844348.57504992,58.9,-3.837660508516314e-07,59.2,ASK
185,1712366703.8636432,9847651.57504992,58.9,-3.837660508516314e-07,59.2,ASK
186,1712366703.864969,9863753.46081487,58.89,-1.870831701870815e-06,59.2,ASK
187,1712366727.3633966,9864262.88516536,58.89,-5.9188547137388585e-08,59.2,ASK
188,1712366730.5182784,9864262.88516536,58.89,-0.0,59.2,ASK
189,1712366760.3374777,9864262.88516536,58.89,-0.0,59.2,ASK
190,1712366790.3259912,9864262.88516536,58.89,-0.0,59.2,ASK
191,1712366820.5178382,9864262.88516536,58.89,-0.0,59.2,ASK
192,1712366850.516011,9864262.88516536,58.89,-0.0,59.2,ASK
193,1712366871.1694622,9864708.9757163,58.89,-5.18217427533743e-08,59.2,ASK
194,1712366874.3528333,9866403.89097053,59.0,1.9689603850223442e-07,59.2,BID
195,1712366876.2158358,9868098.80622476,59.0,1.9689603850223442e-07,59.2,BID
196,1712366880.3458664,9868098.80622476,59.0,0.0,59.2,BID
197,1712366902.3762083,9878192.89433322,59.0,1.1725858948815951e-06,59.2,BID
198,1712366902.3783228,9878362.89433322,59.0,1.9748153571476373e-08,59.2,BID
199,1712366902.3808525,9903918.80622476,59.0,2.9687180746662395e-06,59.2,BID
200,1712366910.3804846,9903918.80622476,59.0,0.0,59.2,BID
201,1712366940.3659174,9903918.80622476,59.0,0.0,59.2,BID
202,1712366968.796074,9905970.99775018,59.0,2.383355669594664e-07,59.2,BID
203,1712366970.5080726,9905970.99775018,59.0,0.0,59.2,BID
204,1712366975.9759822,9906314.77501409,59.0,3.992473215032201e-08,59.2,BID
205,1712366987.2645705,9909702.91145434,59.0,3.934827985056829e-07,59.2,BID
206,1712366993.166,9909802.91145434,59.0,1.1613546427207352e-08,59.2,BID
207,1712367000.4195845,9909802.91145434,59.0,0.0,59.2,BID
208,1712367022.5761976,9916807.24144726,59.0,8.16682578333705e-07,59.2,BID
209,1712367022.5788906,9920227.54776938,59.0,3.98796828342405e-07,59.2,BID
210,1712367022.581444,9926752.06399671,58.99,7.607378207910206e-07,59.2,BID
211,1712367030.380747,9926752.06399671,58.99,0.0,59.2,BID
212,1712367060.5082295,9926752.06399671,58.99,0.0,59.2,BID
213,1712367068.295905,9936752.06399671,58.9,-1.1658322407470189e-06,59.2,ASK
214,1712367068.2984445,9945252.06399671,58.9,-9.909574046349662e-07,59.2,ASK
215,1712367068.55603,9945337.8170957,58.89,-9.997372754740821e-09,59.2,ASK
216,1712367068.5580945,9948337.8170957,58.89,-3.497496722241057e-07,59.2,ASK
217,1712367068.565927,9959967.88251771,58.89,-1.3558705230975963e-06,59.2,ASK
218,1712367068.6161284,9959967.88251806,58.89,-4.0824797239236446e-17,59.2,ASK
219,1712367083.989935,9965062.12602289,58.86,-5.939033320146562e-07,59.2,ASK
220,1712367083.9920423,9968460.01932904,58.86,-3.961373566927183e-07,59.2,ASK
221,1712367083.994128,9973834.2702898,58.83,-6.265475039919439e-07,59.2,ASK
222,1712367083.9954293,9973936.1897734,58.83,-1.1882101994138194e-08,59.2,ASK
223,1712367084.005721,10007230.24606798,58.83,-3.881528425346867e-06,59.2,ASK
224,1712367090.507925,10007230.24606798,58.83,-0.0,59.2,ASK
225,1712367120.341457,10007230.24606798,58.83,-0.0,59.2,ASK
226,1712367149.0557342,10008475.56807069,58.77,-1.4510352051832064e-07,59.2,ASK
227,1712367150.3570082,10008475.56807069,58.77,-0.0,59.2,ASK
228,1712367178.3857543,10022714.49730321,58.8,-1.6590898871094815e-06,59.2,ASK
229,1712367180.5048938,10022714.49730321,58.8,-0.0,59.2,ASK
230,1712367182.3157296,10022884.30542004,58.89,1.978375225659812e-08,59.2,BID
231,1712367197.8670588,10024582.38658831,58.89,-1.978375225638111e-07,59.2,ASK
232,1712367197.8744724,10025294.13803131,58.89,-8.292368162082339e-08,59.2,ASK
233,1712367197.9460447,10030747.17694031,58.89,6.353145705625819e-07,59.2,BID
234,1712367210.5291138,10030747.17694031,58.89,0.0,59.2,BID
235,1712367215.9958265,10030747.17694071,58.89,4.64376446393723e-17,59.2,BID
236,1712367232.2259018,10047487.78127649,58.9,-1.950282018840149e-06,59.2,ASK
237,1712367232.365955,10075311.07598849,58.9,3.241416515992872e-06,59.2,BID
238,1712367240.3825853,10075311.07598849,58.9,0.0,59.2,BID
239,1712367256.826235,10075395.98260988,58.9,9.888605729392326e-09,59.2,BID
240,1712367270.3557422,10075395.98260988,58.9,0.0,59.2,BID
241,1712367300.5078526,10075395.98260988,58.9,0.0,59.2,BID
242,1712367330.5256062,10075395.98260988,58.9,0.0,59.2,BID
243,1712367360.3396242,10075395.98260988,58.9,0.0,59.2,BID
244,1712367368.9468458,10075543.98260988,58.9,1.73363360796755e-08,59.2,BID
245,1712367390.3656883,10075543.98260988,58.9,0.0,59.2,BID
246,1712367404.0476265,10077517.6668204,58.9,2.311920124999645e-07,59.2,BID
247,1712367420.4957955,10077517.6668204,58.9,0.0,59.2,BID
248,1712367445.4111753,10078902.83557575,58.89,-1.6225269968695953e-07,59.2,ASK
249,1712367446.606293,10079131.32513254,58.89,-2.6764282183055905e-08,59.2,ASK
250,1712367446.6092598,10085882.85191083,58.89,-7.908447563192855e-07,59.2,ASK
251,1712367450.5075302,10085882.85191083,58.89,-0.0,59.2,ASK
252,1712367453.7961037,10085882.85191084,58.89,-1.3090178272620558e-18,59.2,ASK
253,1712367480.3597114,10085882.85191084,58.89,-0.0,59.2,ASK
254,1712367497.005761,10086018.52859618,58.89,1.5891665313142982e-08,59.2,BID
255,1712367503.6461112,10086273.63063699,58.8,-2.9879829707925847e-08,59.2,ASK
256,1712367503.649372,10090274.1231244,58.8,-4.685734143555508e-07,59.2,ASK
257,1712367510.34474,10090274.1231244,58.8,-0.0,59.2,ASK
258,1712367540.515737,10090274.1231244,58.8,-0.0,59.2,ASK
259,1712367570.4981923,10090274.1231244,58.8,-0.0,59.2,ASK
260,1712367571.135793,10093274.1231244,58.8,-3.513761700322567e-07,59.2,ASK
261,1712367571.5356252,10094123.74079644,58.85,9.95118011976182e-08,59.2,BID
262,1712367600.407226,10094123.74079644,58.85,0.0,59.2,BID
263,1712367614.2357714,10099101.58152847,58.85,5.850787156136653e-07,59.2,BID
264,1712367630.405264,10099101.58152847,58.85,0.0,59.2,BID
265,1712367632.0456488,10114123.74079644,58.85,-1.7655934584818297e-06,59.2,ASK
266,1712367644.786069,10131116.09423739,58.85,1.9971555050361704e-06,59.2,BID
267,1712367650.4701052,10143172.09014277,58.85,1.4169725620874643e-06,59.2,BID
268,1712367653.365702,10179340.0778589,58.85,4.250917686261736e-06,59.2,BID
269,1712367660.505625,10179340.0778589,58.85,0.0,59.2,BID
270,1712367690.5076709,10179340.0778589,58.85,0.0,59.2,BID
271,1712367720.3378265,10179340.0778589,58.85,0.0,59.2,BID
272,1712367733.8962617,10181542.39221866,58.9,2.587001591524999e-07,59.2,BID
273,1712367733.9756775,10183323.59573832,58.9,2.0923336034054694e-07,59.2,BID
274,1712367744.2755425,10201835.80270183,58.9,-2.1745809659282484e-06,59.2,ASK
275,1712367750.3397834,10201835.80270183,58.9,-0.0,59.2,ASK
276,1712367772.016032,10204900.25236937,58.96,-3.5991694003988935e-07,59.2,ASK
277,1712367780.3957806,10204900.25236937,58.96,-0.0,59.2,ASK
278,1712367783.584008,10206598.04523864,58.96,-1.994000599391899e-07,59.2,ASK
279,1712367788.7773268,10212646.04855315,58.96,-7.103176395977858e-07,59.2,ASK
280,1712367792.338925,10247925.56736644,58.96,-4.14346077977174e-06,59.2,ASK
281,1712367792.3403776,10255590.19194964,58.96,-9.001843681665738e-07,59.2,ASK
282,1712367809.8862047,10255820.36319544,58.97,2.7032838363022538e-08,59.2,BID
283,1712367809.8893645,10255935.44881834,58.97,1.3516419181620649e-08,59.2,BID
284,1712367809.8920138,10256068.45069823,58.97,1.5620623282155883e-08,59.2,BID
285,1712367809.894433,10256802.92959856,58.98,8.626207554569649e-08,59.2,BID
286,1712367809.8969188,10257263.27209017,58.97,5.4065676727138886e-08,59.2,BID
287,1712367810.3678176,10257263.27209017,58.97,0.0,59.2,BID
288,1712367813.135641,10258936.3522307,58.98,1.9642640915815105e-07,59.2,BID
289,1712367825.6359096,10263161.80817007,58.98,4.960857027231977e-07,59.2,BID
290,1712367829.6357903,10264841.63346823,58.98,1.9721831808123493e-07,59.2,BID
291,1712367840.3857982,10264841.63346823,58.98,0.0,59.2,BID
292,1712367840.700179,10324624.24216327,58.88,-7.01835296522428e-06,59.2,ASK
293,1712367848.2461262,10325133.67144455,58.86,-5.980592993320177e-08,59.2,ASK
294,1712367848.255381,10325303.50840107,58.88,-1.9938502742070945e-08,59.2,ASK
295,1712367848.2611456,10430803.50840027,58.86,-1.238547888739034e-05,59.2,ASK
296,1712367850.815627,10430803.50840107,58.86,-9.380970313952116e-17,59.2,ASK
297,1712367850.825766,10432972.41059327,58.85,-2.5462457166356656e-07,59.2,ASK
298,1712367850.8289044,10433072.41059327,58.88,-1.1739790414676921e-08,59.2,ASK
299,1712367850.835859,10448550.97172754,58.85,-1.817150636371092e-06,59.2,ASK
300,1712367850.9156992,10450611.89718459,58.85,-2.419483292602939e-07,59.2,ASK
301,1712367850.9356537,10454638.39718459,58.85,-4.727026610469662e-07,59.2,ASK
302,1712367850.9757617,10476387.37641554,58.85,-2.553284579045102e-06,59.2,ASK
303,1712367851.035749,10480326.57230128,58.85,-4.62453341009478e-07,59.2,ASK
304,1712367851.4398675,10492230.07425426,58.85,-1.3974461812867923e-06,59.2,ASK
305,1712367851.515621,10494263.84583896,58.85,-2.387605215571266e-07,59.2,ASK
306,1712367851.9157505,10506401.10962492,58.85,-1.424889330548203e-06,59.2,ASK
307,1712367851.9955685,10508057.3074279,58.85,-1.9443415092227697e-07,59.2,ASK
308,1712367852.165849,10684618.6913061,58.9,2.0727936420553773e-05,59.2,BID
309,1712367852.1690905,10701223.61895654,58.86,1.949383704670449e-06,59.2,BID
310,1712367852.2056592,10727605.47901273,58.9,-3.097175078090052e-06,59.2,ASK
311,1712367867.9476728,10737010.47901273,58.86,-1.1041272885003644e-06,59.2,ASK
312,1712367870.3487282,10737010.47901273,58.86,-0.0,59.2,ASK
313,1712367900.367741,10737010.47901273,58.86,-0.0,59.2,ASK
314,1712367910.9557955,10739690.98834764,58.9,3.140551746225765e-07,59.2,BID
315,1712367911.1158383,10739690.98834765,58.9,1.0911608103411436e-18,59.2,BID
316,1712367912.866155,10740185.98834765,58.86,-5.7995437439264366e-08,59.2,ASK
317,1712367912.8695526,10742206.88834765,58.86,-2.367736960020828e-07,59.2,ASK
318,1712367930.3497703,10742206.88834765,58.86,-0.0,59.2,ASK
319,1712367939.1329472,10752106.88834765,58.87,-1.1598671699122383e-06,59.2,ASK
320,1712367944.9857244,10842592.31640165,58.86,-1.0601118924776731e-05,59.2,ASK
321,1712367945.0524356,10852106.88834765,58.86,-1.114711074336787e-06,59.2,ASK
322,1712367945.0553515,10852276.69810807,58.86,-1.9894622852668372e-08,59.2,ASK
323,1712367945.0579257,10908878.44577534,58.85,-6.63136453322453e-06,59.2,ASK
324,1712367945.059718,10993840.21297937,58.85,-9.953976209866896e-06,59.2,ASK
325,1712367945.1057732,10998937.91901165,58.84,-5.972385725964656e-07,59.2,ASK
326,1712367945.1091232,11007837.91901165,58.84,-1.0427088699211033e-06,59.2,ASK
327,1712367960.487076,11007837.91901165,58.84,-0.0,59.2,ASK
328,1712367966.7908633,11014161.61901165,58.81,-7.395194467524632e-07,59.2,ASK
329,1712367972.146162,11031148.36696965,58.83,-1.9865000635744466e-06,59.2,ASK
330,1712367972.1657612,11031148.36697009,58.83,-5.1406787991258493e-17,59.2,ASK
331,1712367990.508124,11031148.36697009,58.83,-0.0,59.2,ASK
332,1712367991.5761664,11033486.56697008,58.81,-2.733948692301177e-07,59.2,ASK
333,1712368020.3584569,11033486.56697008,58.81,-0.0,59.2,ASK
334,1712368036.8856826,11035486.56697008,58.81,-2.338469536934013e-07,59.2,ASK
335,1712368041.5667846,11039235.40925692,58.81,-4.383276743272786e-07,59.2,ASK
336,1712368050.329916,11039235.40925692,58.81,-0.0,59.2,ASK
337,1712368061.385941,11116424.66697009,58.81,-9.024879628224464e-06,59.2,ASK
338,1712368061.389611,11127224.66697009,58.81,-1.2627236337342777e-06,59.2,ASK
339,1712368061.3925743,11135553.20122292,58.81,-9.737626884644498e-07,59.2,ASK
340,1712368061.4057631,11135553.20122362,58.81,-8.16668767775847e-17,59.2,ASK
341,1712368061.4663022,11138534.01060228,58.8,-3.485128194529912e-07,59.2,ASK
342,1712368061.469901,11138704.07862949,58.8,-1.9884159009258145e-08,59.2,ASK
343,1712368061.485937,11147304.07862949,58.79,-1.0055021527884063e-06,59.2,ASK
344,1712368061.488757,11164313.77415594,58.79,-1.9887541244327533e-06,59.2,ASK
345,1712368080.5159972,11164313.77415594,58.79,-0.0,59.2,ASK
346,1712368103.695953,11177919.35863611,58.77,-1.589382529450864e-06,59.2,ASK
347,1712368103.6994076,11199192.84000394,58.77,-2.4851339298147905e-06,59.2,ASK
348,1712368104.09604,11199192.84000415,58.77,-2.45878073027167e-17,59.2,ASK
349,1712368104.097782,11200393.83439394,58.76,-1.4029823591075678e-07,59.2,ASK
350,1712368104.2364335,11200393.83439476,58.76,-9.574013463004731e-17,59.2,ASK
351,1712368104.2386093,11204649.15354369,58.75,-4.970995492626618e-07,59.2,ASK
352,1712368104.3556385,11204819.39528696,58.74,-1.9887367053689365e-08,59.2,ASK
353,1712368104.3572433,11204989.49224169,58.74,-1.9870453088860722e-08,59.2,ASK
354,1712368104.5790846,11220955.52596103,58.72,-1.865126418870984e-06,59.2,ASK
355,1712368104.5806935,11220955.52596156,58.74,-6.179590507939419e-17,59.2,ASK
356,1712368110.4956007,11220955.52596156,58.74,-0.0,59.2,ASK
357,1712368140.357478,11220955.52596156,58.74,-0.0,59.2,ASK
358,1712368146.1658256,11221040.72187297,58.7,-9.948581907920283e-09,59.2,ASK
359,1712368146.168744,11225810.73890856,58.7,-5.570091850028878e-07,59.2,ASK
360,1712368146.2458968,11225810.73890873,58.7,-2.001061239151557e-17,59.2,ASK
361,1712368170.3538418,11225810.73890873,58.7,-0.0,59.2,ASK
362,1712368185.00586,11230036.1948481,58.7,4.93402733095266e-07,59.2,BID
363,1712368185.0087895,11232078.81847936,58.7,2.385153452810148e-07,59.2,BID
364,1712368185.0855913,11246985.34739047,58.7,1.740622127230874e-06,59.2,BID
365,1712368195.321739,11249104.73877303,58.7,-2.474794473445192e-07,59.2,ASK
366,1712368200.4173434,11249104.73877303,58.7,-0.0,59.2,ASK
367,1712368230.3556173,11249104.73877303,58.7,-0.0,59.2,ASK
368,1712368260.5044074,11249104.73877303,58.7,-0.0,59.2,ASK
369,1712368284.081931,11259104.7387722,58.7,-1.1689115298015828e-06,59.2,ASK
370,1712368284.086028,11259615.81202603,58.7,-5.973994190234837e-08,59.2,ASK
371,1712368284.0958524,11259615.81202686,58.7,-9.710612564063038e-17,59.2,ASK
372,1712368290.515844,11259615.81202686,58.7,-0.0,59.2,ASK
373,1712368320.355569,11259615.81202686,58.7,-0.0,59.2,ASK
374,1712368330.3470705,11268140.96121697,58.65,-9.964426529633524e-07,59.2,ASK
375,1712368330.3507707,11268240.96121697,58.65,-1.1688272319262324e-08,59.2,ASK
376,1712368330.3543456,11274797.69993161,58.64,-7.663694762297356e-07,59.2,ASK
377,1712368330.3579502,11280084.19379244,58.64,-6.178997985948508e-07,59.2,ASK
378,1712368342.4762416,11281767.55831021,58.79,1.967562289628773e-07,59.2,BID
379,1712368350.370211,11281767.55831021,58.79,0.0,59.2,BID
380,1712368355.3157487,11282708.96547701,58.79,1.1001752517702053e-07,59.2,BID
381,1712368370.710033,11284269.02483346,58.67,-1.823162979620083e-07,59.2,ASK
382,1712368380.5179377,11284269.02483346,58.67,-0.0,59.2,ASK
383,1712368410.5055969,11284269.02483346,58.67,-0.0,59.2,ASK
384,1712368426.2858434,11284414.28607728,58.67,-1.6975660275357484e-08,59.2,ASK
385,1712368426.2905502,11286118.73468815,58.67,-1.9918692566582085e-07,59.2,ASK
386,1712368426.4504592,11290903.71586118,58.67,5.591871078696224e-07,59.2,BID
387,1712368426.5457344,11292189.98373328,58.67,1.503170828337751e-07,59.2,BID
388,1712368440.311533,11292189.98373328,58.67,0.0,59.2,BID
389,1712368470.3660772,11292189.98373328,58.67,0.0,59.2,BID
390,1712368500.3670814,11292189.98373328,58.67,0.0,59.2,BID
391,1712368530.3676715,11292189.98373328,58.67,0.0,59.2,BID
392,1712368546.2262642,11292360.42859436,58.67,-1.9940922826378143e-08,59.2,ASK
393,1712368546.228839,11297351.13954258,58.67,-5.83880213438674e-07,59.2,ASK
394,1712368548.9758787,11301222.00639955,58.67,-4.528658521981898e-07,59.2,ASK
395,1712368554.055725,11335157.71484099,58.67,-3.970253716066155e-06,59.2,ASK
396,1712368558.175787,11339127.20718587,58.67,-4.644043827861552e-07,59.2,ASK
397,1712368560.505733,11339127.20718587,58.67,-0.0,59.2,ASK
398,1712368565.6659172,11339127.20718675,58.67,-1.0282378065421348e-16,59.2,ASK
399,1712368565.669886,11342501.84842475,58.67,-3.946835746770766e-07,59.2,ASK
400,1712368590.4974947,11342501.84842475,58.67,-0.0,59.2,ASK
401,1712368617.142865,11342672.29328583,58.67,-1.9934038790233225e-08,59.2,ASK
402,1712368617.146289,11342774.56020248,58.67,-1.1960423274270642e-08,59.2,ASK
403,1712368619.585328,11404173.06204596,58.77,7.1807393291377246e-06,59.2,BID
404,1712368619.595525,11404752.57457367,58.67,6.777573189101909e-08,59.2,BID
405,1712368620.335506,11404752.57457367,58.67,0.0,59.2,BID
406,1712368643.0851097,11405604.79887911,58.67,9.962756733438653e-08,59.2,BID
407,1712368650.3685975,11405604.79887911,58.67,0.0,59.2,BID
408,1712368678.351827,11406552.57457367,58.67,-1.1079716255732293e-07,59.2,ASK
409,1712368678.3576758,11407976.27237491,58.67,-1.6643355344711138e-07,59.2,ASK
410,1712368680.4952488,11407976.27237491,58.67,-0.0,59.2,ASK
411,1712368710.4925897,11407976.27237491,58.67,-0.0,59.2,ASK
412,1712368715.3554978,11409679.86918737,58.67,1.991511535830441e-07,59.2,BID
413,1712368716.9907372,11414431.55433255,58.67,5.55473907443723e-07,59.2,BID
414,1712368740.3551445,11414431.55433255,58.67,0.0,59.2,BID
415,1712368764.3552938,11422953.79738693,58.67,-9.962095397703577e-07,59.2,ASK
416,1712368770.3363256,11422953.79738693,58.67,-0.0,59.2,ASK
417,1712368800.4701924,11422953.79738693,58.67,-0.0,59.2,ASK
418,1712368822.3760602,11426362.69460868,58.67,-3.998202566482303e-07,59.2,ASK
419,1712368830.3360968,11426362.69460868,58.67,-0.0,59.2,ASK
420,1712368852.8667464,11440879.76922039,58.67,-1.7026281434816557e-06,59.2,ASK
421,1712368852.8720455,11446362.69460868,58.67,-6.4306227834538e-07,59.2,ASK
422,1712368860.5101686,11446362.69460868,58.67,-0.0,59.2,ASK
423,1712368890.5270612,11446362.69460868,58.67,-0.0,59.2,ASK
424,1712368905.0775828,11463103.29894446,58.68,-1.963143591227636e-06,59.2,ASK
425,1712368905.082034,11474517.50766907,58.67,-1.3385257937649322e-06,59.2,ASK
426,1712368920.3493164,11474517.50766907,58.67,-0.0,59.2,ASK
427,1712368950.34477,11474517.50766907,58.67,-0.0,59.2,ASK
428,1712368980.501414,11474517.50766907,58.67,-0.0,59.2,ASK
429,1712369010.5120175,11474517.50766907,58.67,-0.0,59.2,ASK
430,1712369015.3457022,11474602.74714409,58.67,-9.993959238557306e-09,59.2,ASK
431,1712369015.3489096,11511630.19728447,58.67,-4.341308147744701e-06,59.2,ASK
432,1712369015.3520305,11513793.99138707,58.67,-2.536954862418294e-07,59.2,ASK
433,1712369015.3590522,11513793.9913873,58.67,-2.707999740665374e-17,59.2,ASK
434,1712369040.3326669,11513793.9913873,58.67,-0.0,59.2,ASK
435,1712369070.38156,11513793.9913873,58.67,-0.0,59.2,ASK
436,1712369100.5025284,11513793.9913873,58.67,-0.0,59.2,ASK
437,1712369130.5108,11513793.9913873,58.67,-0.0,59.2,ASK
438,1712369160.3734531,11513793.9913873,58.67,-0.0,59.2,ASK
439,1712369182.1414864,11513879.29904027,58.67,-1.0066744120814918e-08,59.2,ASK
440,1712369185.6437492,11517290.19003229,58.67,4.025027725611245e-07,59.2,BID
441,1712369190.4212265,11517290.19003229,58.67,0.0,59.2,BID
442,1712369190.478266,11528290.19003229,58.7,1.2980254545628484e-06,59.2,BID
443,1712369190.554537,11542220.69052555,58.7,-1.6438312940956297e-06,59.2,ASK
444,1712369190.6218948,11549839.68070593,58.7,-8.990584720178222e-07,59.2,ASK
445,1712369220.513903,11549839.68070593,58.7,-0.0,59.2,ASK
446,1712369230.8519063,11552986.25948642,58.7,-3.712198815679505e-07,59.2,ASK
447,1712369250.5220835,11552986.25948642,58.7,-0.0,59.2,ASK
448,1712369254.992304,11554117.85095298,58.7,-1.3349740341455248e-07,59.2,ASK
449,1712369258.992278,11554950.41324426,58.7,-9.82199913586208e-08,59.2,ASK
450,1712369280.3737063,11554950.41324426,58.7,-0.0,59.2,ASK
451,1712369283.072414,11555972.55975192,58.7,1.205841973179463e-07,59.2,BID
452,1712369299.8027942,11556653.99075692,58.7,-8.038946486595927e-08,59.2,ASK
453,1712369304.862639,11556653.99075703,58.7,-1.2964607855111517e-17,59.2,ASK
454,1712369310.3443902,11556653.99075703,58.7,-0.0,59.2,ASK
455,1712369340.5230432,11556653.99075703,58.7,-0.0,59.2,ASK
456,1712369346.1932747,11557505.77951341,58.7,-1.0048564565325208e-07,59.2,ASK
457,1712369364.963327,11557593.38394648,58.65,-1.0334707934660256e-08,59.2,ASK
458,1712369364.9733803,11561995.50522883,58.64,-5.193188991844614e-07,59.2,ASK
459,1712369364.9776146,11562049.20093297,58.63,-6.334490164230922e-09,59.2,ASK
460,1712369364.98095,11562149.22893297,58.64,-1.1800317963836493e-08,59.2,ASK
461,1712369370.5363846,11562149.22893297,58.64,-0.0,59.2,ASK
462,1712369400.406338,11562149.22893297,58.64,-0.0,59.2,ASK
463,1712369415.0047472,11564825.41008881,58.63,-3.173994627458945e-07,59.2,ASK
464,1712369430.3515134,11564825.41008881,58.63,-0.0,59.2,ASK
465,1712369435.4528625,11581748.18545465,58.63,-2.007031491339611e-06,59.2,ASK
466,1712369435.4549592,11581833.48308385,58.63,-1.011625009727526e-08,59.2,ASK
467,1712369435.5641556,11598877.96919259,58.62,-2.021466315920928e-06,59.2,ASK
468,1712369435.568463,11599147.55943482,58.62,-3.1973248726356644e-08,59.2,ASK
469,1712369435.5727773,11599232.87161496,58.62,-1.0117975830352505e-08,59.2,ASK
470,1712369436.1440463,11616294.80643836,58.61,-2.0235357235121715e-06,59.2,ASK
471,1712369436.1489348,11617233.22991496,58.61,-1.1129648825503677e-07,59.2,ASK
472,1712369437.0339725,11617403.87837912,58.6,-2.023881036731623e-08,59.2,ASK
473,1712369437.0383246,11617745.16837912,58.6,-4.0476799039943603e-08,59.2,ASK
474,1712369437.0417414,11617745.16837974,58.61,-7.356258067386027e-17,59.2,ASK
475,1712369437.0451517,11617830.50967596,58.6,-1.0121428980714545e-08,59.2,ASK
476,1712369460.5076852,11617830.50967596,58.6,-0.0,59.2,ASK
477,1712369468.1743734,11617830.50967666,58.6,-8.303105532017272e-17,59.2,ASK
478,1712369488.4544926,11617929.50967666,58.59,-1.1737018300564612e-08,59.2,ASK
479,1712369488.4566529,11626624.06135096,58.58,-1.0307890112775077e-06,59.2,ASK
480,1712369488.4809437,11626794.85554395,58.55,-2.0248632007648244e-08,59.2,ASK
481,1712369488.4906125,11643984.01846682,58.55,-2.037873937344388e-06,59.2,ASK
482,1712369488.4927871,11644902.49324626,58.57,-1.0889045752419578e-07,59.2,ASK
483,1712369488.5342965,11648196.97318657,58.55,-3.905795085885141e-07,59.2,ASK
484,1712369488.5380058,11648653.89324626,58.55,-5.417049598464204e-08,59.2,ASK
485,1712369488.5415037,11658126.63810835,58.55,-1.1230482808377684e-06,59.2,ASK
486,1712369488.6340835,11664255.760277,58.55,-7.26642616765954e-07,59.2,ASK
487,1712369488.7546632,11680103.55962144,58.55,-1.878847585145242e-06,59.2,ASK
488,1712369488.774451,11680188.97379735,58.55,-1.0126340866381064e-08,59.2,ASK
489,1712369488.777979,11681188.97379735,58.53,-1.1855574040974361e-07,59.2,ASK
490,1712369488.781663,11681274.55630503,58.54,-1.014629756425556e-08,59.2,ASK
491,1712369488.7851665,11683453.11346403,58.55,-2.5828045701009105e-07,59.2,ASK
492,1712369488.7886467,11684684.65283354,58.53,-1.4600606179606454e-07,59.2,ASK
493,1712369490.504049,11684684.65283354,58.53,-0.0,59.2,ASK
494,1712369490.8125577,11687206.95937815,58.53,-2.9889520503066855e-07,59.2,ASK
495,1712369498.0545146,11687377.81193239,58.53,-2.024615498820913e-08,59.2,ASK
496,1712369498.0581586,11692171.07006747,58.53,-5.680046606990184e-07,59.2,ASK
497,1712369498.0617876,11692341.92262171,58.53,-2.024615498798841e-08,59.2,ASK
498,1712369498.0653253,11693427.65937815,58.53,-1.286606146739397e-07,59.2,ASK
499,1712369500.7443316,11694743.73365815,58.53,-1.5595578285149305e-07,59.2,ASK
500,1712369512.8856256,11694876.1349887,58.52,-1.5689656328821138e-08,59.2,ASK
501,1712369512.903025,11695047.01673852,58.52,-2.02496146860483e-08,59.2,ASK
502,1712369512.905157,11695047.01673915,58.53,-7.482572012682598e-17,59.2,ASK
503,1712369516.2044058,11712027.82842194,58.5,-2.012238837647044e-06,59.2,ASK
504,1712369516.2124338,11714961.54416911,58.5,-3.476475020953194e-07,59.2,ASK
505,1712369516.2145648,11714961.54417036,58.52,-1.481063663867263e-16,59.2,ASK
506,1712369516.2166758,11715047.01673915,58.51,-1.0128563091584062e-08,59.2,ASK
507,1712369520.3928535,11715047.01673915,58.51,-0.0,59.2,ASK
508,1712369534.514793,11715900.69609718,58.57,1.0114034824167893e-07,59.2,BID
509,1712369550.693077,11715900.69609718,58.57,0.0,59.2,BID
510,1712369559.4178371,11718432.59057076,58.5,-2.999664562869935e-07,59.2,ASK
511,1712369569.404765,11720475.30880545,58.5,-2.420112514350562e-07,59.2,ASK
512,1712369569.4294567,11722518.03672276,58.5,-2.420123985844428e-07,59.2,ASK
513,1712369569.4368992,11724544.29863625,58.5,-2.400615871005035e-07,59.2,ASK
514,1712369569.604679,11724886.17863625,58.5,-4.0504267908943736e-08,59.2,ASK
515,1712369569.607008,11730973.81761496,58.5,-7.212336496061978e-07,59.2,ASK
516,1712369569.6176262,11731059.30479444,58.5,-1.0128102317972429e-08,59.2,ASK
517,1712369569.619798,11733993.0484338,58.5,-3.475755772350803e-07,59.2,ASK
518,1712369570.2148917,11734163.98860474,58.5,2.025215420666901e-08,59.2,BID
519,1712369576.1947808,11734251.16809191,58.5,1.0328598644364013e-08,59.2,BID
520,1712369578.46526,11735960.56980131,58.5,2.0252154206669005e-07,59.2,BID
521,1712369580.495257,11735960.56980131,58.5,0.0,59.2,BID
522,1712369610.525423,11735960.56980131,58.5,0.0,59.2,BID
523,1712369614.865455,11736063.15143919,58.49,-1.2151680563957038e-08,59.2,ASK
524,1712369614.8704302,11740768.66980131,58.49,-5.574092713483083e-07,59.2,ASK
525,1712369614.875295,11741991.17964597,58.49,-1.4481684466777966e-07,59.2,ASK
526,1712369623.07519,11742241.17964597,58.47,-2.9614658176426733e-08,59.2,ASK
527,1712369628.8355155,11743116.59301997,58.47,-1.0370027133624644e-07,59.2,ASK
528,1712369640.4845538,11743116.59301997,58.47,-0.0,59.2,ASK
529,1712369649.395213,11744116.59301959,58.47,-1.1845275990537793e-07,59.2,ASK
530,1712369649.4052062,11744116.59301997,58.47,-4.50096335818601e-17,59.2,ASK
531,1712369650.5453432,11744116.59302035,58.47,-4.50096335818601e-17,59.2,ASK
532,1712369650.550176,11745116.59301997,58.47,-1.1845275990537793e-07,59.2,ASK
533,1712369652.7353442,11745287.56241644,58.49,2.025179687893712e-08,59.2,BID
534,1712369653.641921,11748450.27568701,58.47,-3.746321158306409e-07,59.2,ASK
535,1712369653.6494417,11748450.27568739,58.47,-4.50096335818601e-17,59.2,ASK
536,1712369654.4663832,11751514.33732081,58.47,-3.6294655713682283e-07,59.2,ASK
537,1712369654.9653547,11765986.46626379,58.47,-1.7142636156538064e-06,59.2,ASK
538,1712369654.9852953,11768303.98720955,58.47,-2.74516752268044e-07,59.2,ASK
539,1712369655.1056457,11769201.25929393,58.47,-1.0628435482141757e-07,59.2,ASK
540,1712369655.3087351,11777082.11367172,58.47,-9.335089518162512e-07,59.2,ASK
541,1712369655.5298858,11780532.4305965,58.47,-4.086995624437966e-07,59.2,ASK
542,1712369655.5378983,11782381.14606879,58.47,-2.1898545005576933e-07,59.2,ASK
543,1712369660.0478234,11786448.5886314,58.47,-4.817997974808209e-07,59.2,ASK
544,1712369660.485432,11786619.55802787,58.49,2.025179687871648e-08,59.2,BID
545,1712369660.6254086,11805250.15802786,58.47,-2.2068459895305425e-06,59.2,ASK
546,1712369660.645396,11807379.75742209,58.46,-2.522569258352373e-07,59.2,ASK
547,1712369660.6491609,11810859.5227052,58.47,-4.121878017638762e-07,59.2,ASK
548,1712369660.665232,11813852.87413064,58.46,-3.54570737844911e-07,59.2,ASK
549,1712369660.6675408,11813952.87413064,58.46,-1.1845275995038754e-08,59.2,ASK
550,1712369660.6698155,11815090.41376676,58.45,-1.3474470945139726e-07,59.2,ASK
551,1712369660.672281,11815193.06560593,58.45,-1.2159393663520822e-08,59.2,ASK
552,1712369660.6745353,11815286.62129131,58.45,-1.1081929142367237e-08,59.2,ASK
553,1712369660.6768596,11817535.06202513,58.45,-2.6633401050587737e-07,59.2,ASK
554,1712369661.3054256,11817622.36089537,58.42,1.0340792120408488e-08,59.2,BID
555,1712369669.5753431,11817793.53515076,58.42,2.0276062983585493e-08,59.2,BID
556,1712369670.3693883,11817793.53515076,58.42,0.0,59.2,BID
557,1712369700.387631,11817793.53515076,58.42,0.0,59.2,BID
558,1712369712.1924548,11820822.53278496,58.4,-3.615707299245994e-07,59.2,ASK
559,1712369712.1971216,11821178.5533329,58.4,-4.2498088454718464e-08,59.2,ASK
560,1712369717.2259543,11821711.56494477,58.4,-6.362546982079713e-08,59.2,ASK
561,1712369717.2310195,11835805.8549818,58.4,-1.6824320623170498e-06,59.2,ASK
562,1712369723.4959798,11836865.55067308,58.4,-1.2649562359115904e-07,59.2,ASK
563,1712369723.615761,11851578.29662762,58.4,-1.7562569986574787e-06,59.2,ASK
564,1712369723.6557322,11863941.07799534,58.4,-1.475742282713021e-06,59.2,ASK
565,1712369723.7360847,11878170.61702755,58.4,-1.6985767028266458e-06,59.2,ASK
566,1712369730.356931,11878170.61702755,58.4,-0.0,59.2,ASK
567,1712369736.0058615,11878341.80840036,58.42,2.0426476100488263e-08,59.2,BID
568,1712369742.445782,11880007.96376976,58.42,1.9880489462601285e-07,59.2,BID
569,1712369742.6256466,11880007.96376977,58.42,1.1112498252550744e-18,59.2,BID
570,1712369760.5211008,11880007.96376977,58.42,0.0,59.2,BID
571,1712369760.700587,11947562.46397521,58.4,-8.060468751545366e-06,59.2,ASK
572,1712369760.7044415,11947648.09753685,58.4,-1.021762644370874e-08,59.2,ASK
573,1712369760.7096894,11949029.48407794,58.4,-1.6482429763216354e-07,59.2,ASK
574,1712369772.406707,11952457.66371455,58.34,-4.090435833519658e-07,59.2,ASK
575,1712369772.4132624,11952628.98459856,58.37,-2.0441667510658252e-08,59.2,ASK
576,1712369772.417755,11953628.98459856,58.35,-1.19318013263848e-07,59.2,ASK
577,1712369772.420477,11957056.57671509,58.35,-4.089734816230826e-07,59.2,ASK
578,1712369772.4267137,11959991.34990423,58.36,-3.5017130630824973e-07,59.2,ASK
579,1712369772.429488,12037728.00571487,58.34,-9.275383329101044e-06,59.2,ASK
580,1712369772.4322584,12041154.42339518,58.37,-4.088333502267221e-07,59.2,ASK
581,1712369772.4350064,12042008.10275322,58.38,-1.0185932496579901e-07,59.2,ASK
582,1712369772.4377866,12045530.51535102,58.36,-4.2028727306500673e-07,59.2,ASK
583,1712369772.440617,12051280.51535102,58.35,-6.86078576267126e-07,59.2,ASK
584,1712369776.278819,12052350.64642702,58.47,1.276859139202992e-07,59.2,BID
585,1712369776.287694,12052990.79412646,58.47,7.638115169259154e-08,59.2,BID
586,1712369790.5083668,12052990.79412646,58.47,0.0,59.2,BID
587,1712369803.1661422,12053845.93351418,58.47,1.0191076082335629e-07,59.2,BID
588,1712369820.3787966,12053845.93351418,58.47,0.0,59.2,BID
589,1712369850.371044,12053845.93351418,58.47,0.0,59.2,BID
590,1712369855.2864563,12056005.38086944,58.47,2.573494038040884e-07,59.2,BID
591,1712369855.2917795,12090281.66763673,58.47,4.0848330674462585e-06,59.2,BID
592,1712369879.4025636,12092889.54558948,58.47,-3.107905523601425e-07,59.2,ASK
593,1712369879.9817111,12096416.8203139,58.47,-4.203584982848605e-07,59.2,ASK
594,1712369880.0765011,12099954.42398926,58.47,-4.215894379323483e-07,59.2,ASK
595,1712369880.4964027,12099954.42398926,58.47,-0.0,59.2,ASK
596,1712369885.3965652,12116497.02117701,58.47,-1.9708098724182658e-06,59.2,ASK
597,1712369885.456632,12119902.58885564,58.47,-4.057238610149852e-07,59.2,ASK
598,1712369885.466309,12121977.18521243,58.47,-2.471579846164292e-07,59.2,ASK
599,1712369885.4764605,12123702.45386012,58.47,-2.055406684242703e-07,59.2,ASK
600,1712369905.5365264,12125842.52601444,58.47,-2.549584736635172e-07,59.2,ASK
601,1712369905.596696,12128014.49881311,58.47,-2.587589715000728e-07,59.2,ASK
602,1712369905.6021223,12132261.16662971,58.47,-5.059287101564362e-07,59.2,ASK
603,1712369910.5295925,12132261.16662971,58.47,-0.0,59.2,ASK
604,1712369940.35418,12132261.16662971,58.47,-0.0,59.2,ASK
605,1712369970.364151,12132261.16662971,58.47,-0.0,59.2,ASK
606,1712369997.497016,12168418.70087578,58.4,-4.306675167626315e-06,59.2,ASK
607,1712369997.50018,12169589.93375249,58.4,-1.3950396925048214e-07,59.2,ASK
608,1712369997.5770717,12202372.93375249,58.4,-3.9047389420819785e-06,59.2,ASK
609,1712369997.6168728,12207906.47187706,58.4,-6.590922674101269e-07,59.2,ASK
610,1712369998.2368958,12212048.18448012,58.4,-4.933138055722446e-07,59.2,ASK
611,1712369998.2769127,12214191.43940385,58.4,-2.552802050911058e-07,59.2,ASK
612,1712369998.4419684,12222243.36580996,58.4,-9.590541011107816e-07,59.2,ASK
613,1712370000.387313,12222243.36580996,58.4,-0.0,59.2,ASK
614,1712370002.7569344,12224386.62073369,58.4,-2.586074452902329e-07,59.2,ASK
615,1712370003.8671389,12226865.42050443,58.4,-2.990946475848517e-07,59.2,ASK
616,1712370007.4170651,12241746.7976559,58.4,-1.7956029798105264e-06,59.2,ASK
617,1712370007.5570102,12252861.69109401,58.4,-1.341135002130982e-06,59.2,ASK
618,1712370008.4671986,12255004.94601774,58.4,-2.586074452904576e-07,59.2,ASK
619,1712370008.5372608,12264734.17842166,58.4,-1.173939650741398e-06,59.2,ASK
620,1712370012.463688,12449809.97102152,58.4,-2.233144428103584e-05,59.2,ASK
621,1712370014.367102,12454694.67102152,58.4,-5.893931580528122e-07,59.2,ASK
622,1712370015.3853402,12460497.07102152,58.4,-7.001238275198843e-07,59.2,ASK
623,1712370024.567631,12479423.06324098,58.4,-2.283630586016101e-06,59.2,ASK
624,1712370030.3462253,12479423.06324098,58.4,-0.0,59.2,ASK
625,1712370030.9570882,12486024.06324098,58.4,-7.95042950844035e-07,59.2,ASK
626,1712370032.6572862,12494093.16324098,58.4,-9.718650317611432e-07,59.2,ASK
627,1712370045.7227082,12527945.56676163,58.4,-4.077278410577188e-06,59.2,ASK
628,1712370060.533464,12527945.56676163,58.4,-0.0,59.2,ASK
629,1712370077.5270922,12528116.77032266,58.41,-2.0613201692071458e-08,59.2,ASK
630,1712370077.6273694,12531391.28924466,58.41,3.942576811922622e-07,59.2,BID
631,1712370077.647581,12531391.28924513,58.41,5.673921276771123e-17,59.2,BID
632,1712370090.542151,12531391.28924513,58.41,0.0,59.2,BID
633,1712370112.7676904,12531564.38210496,58.41,-2.0840171488453578e-08,59.2,ASK
634,1712370112.7744808,12537491.23005893,58.41,-7.135853429707598e-07,59.2,ASK
635,1712370120.3917527,12537491.23005893,58.41,-0.0,59.2,ASK
636,1712370150.3622196,12537491.23005893,58.41,-0.0,59.2,ASK
637,1712370180.3897843,12537491.23005893,58.41,-0.0,59.2,ASK
638,1712370210.3541038,12537491.23005893,58.41,-0.0,59.2,ASK
639,1712370231.427864,12540911.78760981,58.47,4.11813336370917e-07,59.2,BID
640,1712370235.968129,12542316.72797863,58.47,1.691458693736146e-07,59.2,BID
641,1712370236.0480196,12546837.07192463,58.47,5.442206114813333e-07,59.2,BID
642,1712370236.108184,12548242.01229291,58.47,1.691458693085819e-07,59.2,BID
643,1712370236.1479805,12548242.01229292,58.47,1.1212530442336001e-18,59.2,BID
644,1712370236.227857,12559359.62987392,58.49,1.338490325166728e-06,59.2,BID
645,1712370236.2480285,12559359.62987398,58.49,7.176019483095039e-18,59.2,BID
646,1712370240.5279918,12559359.62987398,58.49,0.0,59.2,BID
647,1712370270.5205388,12559359.62987398,58.49,0.0,59.2,BID
648,1712370300.3637755,12559359.62987398,58.49,0.0,59.2,BID
649,1712370328.5783987,12576100.23420976,58.6,2.0337516478778564e-06,59.2,BID
650,1712370328.5903769,12576725.18520671,58.6,7.592289348682883e-08,59.2,BID
651,1712370328.5951047,12666345.18520671,58.62,1.0887589182982058e-05,59.2,BID
652,1712370328.5994627,12677327.92030576,58.66,1.3342502551214757e-06,59.2,BID
653,1712370328.6034482,12677413.35686784,58.64,1.0379359396704857e-08,59.2,BID
654,1712370328.6059206,12787865.6307309,58.63,1.3418422027976214e-05,59.2,BID
655,1712370328.6084616,12799265.6307309,58.65,1.3849421634232922e-06,59.2,BID
656,1712370330.3418884,12799265.6307309,58.65,0.0,59.2,BID
657,1712370347.718292,12802016.45085025,58.65,-3.3361651396331045e-07,59.2,ASK
658,1712370347.738288,12804629.65085024,58.5,-3.169260934778227e-07,59.2,ASK
659,1712370360.5115278,12804629.65085024,58.5,-0.0,59.2,ASK
660,1712370390.5285282,12804629.65085024,58.5,-0.0,59.2,ASK
661,1712370392.288386,12814836.96367076,58.5,-1.2378847802518952e-06,59.2,ASK
662,1712370414.358603,12814836.96367144,58.5,8.24502143171123e-17,59.2,BID
663,1712370414.3641212,12833030.15546944,58.5,2.2063667124683585e-06,59.2,BID
664,1712370420.3589172,12833030.15546944,58.5,0.0,59.2,BID
665,1712370425.8185182,12869794.54113496,58.6,4.457677192014241e-06,59.2,BID
666,1712370450.365522,12869794.54113496,58.6,0.0,59.2,BID
667,1712370450.418541,12873206.3861597,58.59,4.135777504148248e-07,59.2,BID
668,1712370472.1386442,12873706.3861597,58.59,6.060910554492469e-08,59.2,BID
669,1712370477.0852003,12882448.54994814,58.49,-1.0597094554891214e-06,59.2,ASK
670,1712370477.0879805,12891079.49178933,58.49,-1.046227330009665e-06,59.2,ASK
671,1712370480.51857,12891079.49178933,58.49,-0.0,59.2,ASK
672,1712370481.3400896,12900324.89178933,58.49,-1.1205416931242356e-06,59.2,ASK
673,1712370481.3646123,12903002.72462752,58.49,-3.245531120784158e-07,59.2,ASK
674,1712370503.2899723,12907048.099323,58.49,-4.902990687904005e-07,59.2,ASK
675,1712370510.5214412,12907048.099323,58.49,-0.0,59.2,ASK
676,1712370514.8098192,12907219.06871947,58.49,-2.0719130870753493e-08,59.2,ASK
677,1712370514.81447,12928071.23485177,58.49,-2.526994701705704e-06,59.2,ASK
678,1712370514.8190432,12930263.76615494,58.49,-2.657045292695244e-07,59.2,ASK
679,1712370514.8289456,12930357.799323,58.49,-1.1395521979174009e-08,59.2,ASK
680,1712370518.5188596,12931584.65594939,58.49,-1.4867808816450656e-07,59.2,ASK
681,1712370526.0287015,12932097.56413882,58.49,6.215739261474349e-08,59.2,BID
682,1712370540.3861542,12932097.56413882,58.49,0.0,59.2,BID
683,1712370543.4989717,12933597.44446024,58.49,1.8173252376880005e-07,59.2,BID
684,1712370548.3388102,12934097.44446024,58.48,6.058234152871729e-08,59.2,BID
685,1712370551.9888809,12937000.59460297,58.45,-3.517592669121651e-07,59.2,ASK
686,1712370554.978866,12950838.04879602,58.45,-1.6766107516226771e-06,59.2,ASK
687,1712370554.9835217,13040458.04879602,58.42,-1.0858778895607285e-05,59.2,ASK
688,1712370554.9863117,13040800.2801444,58.44,-4.146635285883526e-08,59.2,ASK
689,1712370555.0487533,13059536.17668696,58.42,2.270128966375978e-06,59.2,BID
690,1712370562.2689571,13068927.63620861,58.42,-1.137913216387602e-06,59.2,ASK
691,1712370562.3089783,13073288.88499061,58.42,5.284293264056007e-07,59.2,BID
692,1712370562.329406,13073288.88499067,58.42,7.221977892961179e-18,59.2,BID
693,1712370570.3649647,13073288.88499067,58.42,0.0,59.2,BID
694,1712370593.079224,13074414.95482976,58.42,-1.363036606754264e-07,59.2,ASK
695,1712370593.0863054,13095269.57677954,58.42,-2.5243206194511603e-06,59.2,ASK
696,1712370593.1391032,13107825.74465754,58.42,1.5198450277378028e-06,59.2,BID
697,1712370593.1454043,13216006.62727549,58.42,1.3094614387185496e-05,59.2,BID
698,1712370593.1613746,13219694.24076387,58.42,4.463623837295881e-07,59.2,BID
699,1712370593.1667757,13235451.18816148,58.42,1.907279226215504e-06,59.2,BID
700,1712370600.4763296,13235451.18816148,58.42,0.0,59.2,BID
701,1712370630.4273236,13235451.18816148,58.42,0.0,59.2,BID
702,1712370660.5557003,13235451.18816148,58.42,0.0,59.2,BID
703,1712370674.1593964,13244221.21148847,58.42,-1.0664702159120007e-06,59.2,ASK
704,1712370674.1631346,13268356.67071418,58.43,-2.934969207249497e-06,59.2,ASK
705,1712370681.7765777,13288015.57233118,58.43,2.390601743047776e-06,59.2,BID
706,1712370681.7910829,13293035.7826287,58.43,6.104778243224983e-07,59.2,BID
707,1712370690.5413544,13293035.7826287,58.43,0.0,59.2,BID
708,1712370720.355934,13293035.7826287,58.43,0.0,59.2,BID
709,1712370748.024897,13294173.19099109,58.43,-1.3825687799105186e-07,59.2,ASK
710,1712370750.3809943,13294173.19099109,58.43,-0.0,59.2,ASK
711,1712370756.6697054,13294364.6256485,58.43,2.3269517913439448e-08,59.2,BID
712,1712370780.499427,13294364.6256485,58.43,0.0,59.2,BID
713,1712370810.5394893,13294364.6256485,58.43,0.0,59.2,BID
714,1712370815.9297228,13297596.0901867,58.43,-3.927947046704385e-07,59.2,ASK
715,1712370815.9361358,13300194.34964245,58.43,-3.1582663015913705e-07,59.2,ASK
716,1712370817.1096792,13302531.97074694,58.42,-2.841452166704107e-07,59.2,ASK
717,1712370819.6238854,13302703.11570672,58.43,2.0803209547165564e-08,59.2,BID
718,1712370840.4016294,13302703.11570672,58.43,0.0,59.2,BID
719,1712370846.1795232,13305705.37733674,58.42,-3.649127582682357e-07,59.2,ASK
720,1712370846.2643623,13307954.43320007,58.42,-2.733636437212833e-07,59.2,ASK
721,1712370846.4054546,13310264.76370986,58.42,-2.808113291687244e-07,59.2,ASK
722,1712370846.771607,13313602.36370986,58.42,-4.056717808392314e-07,59.2,ASK
723,1712370846.7783098,13315711.6605062,58.42,-2.563764943941844e-07,59.2,ASK
724,1712370846.8294947,13318411.47971909,58.42,-3.281521057157527e-07,59.2,ASK
725,1712370848.1494164,13323000.65192753,58.42,-5.577953207024652e-07,59.2,ASK
726,1712370849.4793658,13328054.90229219,58.42,-6.143236895490543e-07,59.2,ASK
727,1712370849.6596446,13331268.14701577,58.42,-3.905568999542856e-07,59.2,ASK
728,1712370849.759493,13336899.11767254,58.42,-6.844217084687601e-07,59.2,ASK
729,1712370849.7995272,13342584.60335772,58.42,-6.910477896820423e-07,59.2,ASK
730,1712370849.8396287,13345860.69093894,58.42,-3.9819519512804633e-07,59.2,ASK
731,1712370852.149471,13350847.29984794,58.42,-6.061021441943059e-07,59.2,ASK
732,1712370853.6175754,13355521.56723145,58.42,-5.681382950585895e-07,59.2,ASK
733,1712370863.4274907,13385741.31174083,58.42,-3.673087719207893e-06,59.2,ASK
734,1712370863.4304326,13385841.31174083,58.42,-1.215459554288341e-08,59.2,ASK
735,1712370863.4332511,13387210.70578395,58.42,-1.664443073295288e-07,59.2,ASK
736,1712370863.4360611,13387724.22855012,58.42,-6.241661524848839e-08,59.2,ASK
737,1712370866.019428,13392223.51947295,58.42,5.468706139676386e-07,59.2,BID
738,1712370866.5592134,13392309.10660064,58.42,1.0402769207628604e-08,59.2,BID
739,1712370870.404499,13392309.10660064,58.42,0.0,59.2,BID
740,1712370887.0793505,13392704.71250479,58.42,4.805372261540671e-08,59.2,BID
741,1712370887.084443,13395261.09153964,58.43,3.1051995875755457e-07,59.2,BID
742,1712370887.180339,13395261.09154011,58.43,5.701576281630593e-17,59.2,BID
743,1712370900.520883,13395261.09154011,58.43,0.0,59.2,BID
744,1712370924.0090609,13398520.09154011,58.43,-4.0249823973520493e-07,59.2,ASK
745,1712370930.323024,13398683.99073572,58.43,-2.0242141064018253e-08,59.2,ASK
746,1712370930.5292022,13398683.99073572,58.43,-0.0,59.2,ASK
747,1712370933.8691292,13400911.19073571,58.42,-2.750604287408783e-07,59.2,ASK
748,1712370935.0092106,13401022.69323486,58.42,-1.3770620160761408e-08,59.2,ASK
749,1712370935.014104,13427074.9418016,58.41,-3.217467070969645e-06,59.2,ASK
750,1712370935.0189743,13427381.98362451,58.41,-3.791983452382892e-08,59.2,ASK
751,1712370935.0235653,13442409.20499071,58.41,-1.855870129215776e-06,59.2,ASK
752,1712370935.092527,13442409.20499104,58.41,-4.094671123152741e-17,59.2,ASK
753,1712370940.6797123,13447986.63579107,58.4,-6.88815780861962e-07,59.2,ASK
754,1712370946.4590223,13450138.10899053,58.4,-2.657081270969456e-07,59.2,ASK
755,1712370960.3838062,13450138.10899053,58.4,-0.0,59.2,ASK
756,1712370968.1591318,13484238.40268899,58.4,-4.209842533448818e-06,59.2,ASK
757,1712370990.3648388,13484238.40268899,58.4,-0.0,59.2,ASK
758,1712370994.7786138,13489310.70268899,58.4,-6.260455080037507e-07,59.2,ASK
759,1712371000.8492796,13510730.20268899,58.4,-2.6436886143730394e-06,59.2,ASK
760,1712371006.2963943,13681963.07940132,58.4,-2.1134312498925203e-05,59.2,ASK
761,1712371006.452921,13686783.11705832,58.4,-5.949101834618236e-07,59.2,ASK
762,1712371006.672235,13688750.41705832,58.4,-2.428127925982423e-07,59.2,ASK
763,1712371008.704311,13697711.91705832,58.4,-1.1060676261212445e-06,59.2,ASK
764,1712371009.680147,13698302.5112364,58.4,-7.289372321023611e-08,59.2,ASK
765,1712371009.68814,13700705.34813348,58.4,-2.9656866626241784e-07,59.2,ASK
766,1712371009.692806,13880634.19722032,58.4,-2.2207607541171505e-05,59.2,ASK
767,1712371009.6984532,13884272.26385376,58.4,-4.4902613679858293e-07,59.2,ASK
768,1712371009.7021537,13889627.20687632,58.4,-6.609305492359341e-07,59.2,ASK
769,1712371009.7649813,13889798.49841451,58.38,-2.1141552755741408e-08,59.2,ASK
770,1712371009.7686286,13889914.80536894,58.38,-1.4355114320837138e-08,59.2,ASK
771,1712371009.7721248,13894838.38257111,58.4,-6.076894881470794e-07,59.2,ASK
772,1712371009.7785,13906347.30930635,58.35,-1.4204822042346972e-06,59.2,ASK
773,1712371009.782242,13907346.88257111,58.35,-1.2337171545928106e-07,59.2,ASK
774,1712371018.2284777,13910809.84478459,58.35,-4.274139814551434e-07,59.2,ASK
775,1712371018.3084693,13915458.22713265,58.35,-5.737237325250564e-07,59.2,ASK
776,1712371020.5591824,13915458.22713265,58.35,-0.0,59.2,ASK
777,1712371024.5643308,13924510.81036214,58.35,-1.1138475706633227e-06,59.2,ASK
778,1712371034.4284356,13935412.51036214,58.35,-1.34136651972944e-06,59.2,ASK
779,1712371035.2784448,13941535.41036214,58.35,-7.533736081206185e-07,59.2,ASK
780,1712371043.5688033,13945902.91036214,58.35,-5.3738575404916e-07,59.2,ASK
781,1712371050.5330882,13945902.91036214,58.35,-0.0,59.2,ASK
782,1712371063.7282405,13952718.21036214,58.35,-8.38384608179503e-07,59.2,ASK
783,1712371068.548671,13999094.94504067,58.35,-5.705037273795611e-06,59.2,ASK
784,1712371075.7582078,14016928.06615917,58.35,-2.193742646919476e-06,59.2,ASK
785,1712371075.7616246,14024542.44504067,58.35,-9.366833529111364e-07,59.2,ASK
786,1712371075.827834,14028728.08993104,58.35,-5.148974001718016e-07,59.2,ASK
787,1712371075.8481684,14032273.69793904,58.35,-4.361632181335673e-07,59.2,ASK
788,1712371080.346675,14032273.69793904,58.35,-0.0,59.2,ASK
789,1712371086.2305331,14036709.32392217,58.35,-5.453107691309115e-07,59.2,ASK
790,1712371086.2380946,14046256.09793904,58.35,-1.1736694441005771e-06,59.2,ASK
791,1712371086.290707,14046992.10027178,58.35,-9.048328233146241e-08,59.2,ASK
792,1712371086.2981446,14048983.19708387,58.33,-2.447831575845886e-07,59.2,ASK
793,1712371095.7481024,14049983.19708387,58.33,-1.2293885264557178e-07,59.2,ASK
794,1712371105.768022,14056447.49708387,58.33,-7.947136251568613e-07,59.2,ASK
795,1712371106.8690252,14065086.91042919,58.33,-1.0621195642045002e-06,59.2,ASK
796,1712371106.8722198,14068515.67778732,58.33,-4.215287249970714e-07,59.2,ASK
797,1712371106.875255,14082298.49708387,58.33,-1.6944439905391044e-06,59.2,ASK
798,1712371110.3530023,14082298.49708387,58.33,-0.0,59.2,ASK
799,1712371140.5657954,14082298.49708387,58.33,-0.0,59.2,ASK
800,1712371153.1985798,14082812.72402936,58.34,-6.319579822548663e-08,59.2,ASK
801,1712371153.2069275,14083326.95097485,58.34,-6.319579822548663e-08,59.2,ASK
802,1712371153.212229,14084687.53762953,58.33,-1.672089734923645e-07,59.2,ASK
803,1712371153.338298,14084773.44297932,58.32,-1.0557317541412973e-08,59.2,ASK
804,1712371153.3428605,14089146.09304792,58.32,-5.373757907275074e-07,59.2,ASK
805,1712371153.3529289,14090953.63762953,58.32,-2.221377616728265e-07,59.2,ASK
806,1712371163.5580995,14091267.94366517,58.32,-3.8626565534069655e-08,59.2,ASK
807,1712371163.5645142,14095489.43762953,58.32,-5.187994972294606e-07,59.2,ASK
808,1712371163.8481896,14096519.78501343,58.32,-1.266242968133011e-07,59.2,ASK
809,1712371164.3631842,14102274.88501343,58.32,-7.072716464151105e-07,59.2,ASK
810,1712371170.510263,14102274.88501343,58.32,-0.0,59.2,ASK
811,1712371176.737825,14119273.0152191,58.32,-2.0886821145932218e-06,59.2,ASK
812,1712371200.4515798,14119273.0152191,58.32,-0.0,59.2,ASK
813,1712371230.3468173,14119273.0152191,58.32,-0.0,59.2,ASK
814,1712371243.097659,14119443.37297037,58.35,-2.102954105481733e-08,59.2,ASK
815,1712371260.5273886,14119443.37297037,58.35,-0.0,59.2,ASK
816,1712371268.5683544,14173013.27097328,58.35,6.612842553934854e-06,59.2,BID
817,1712371269.6975992,14190890.59756337,58.35,2.2068353764480137e-06,59.2,BID
818,1712371269.7038636,14191228.59756337,58.34,4.172382002871436e-08,59.2,BID
819,1712371272.7877488,14243459.24811621,58.35,6.447521490086995e-06,59.2,BID
820,1712371273.8576248,14255954.21084022,58.35,1.542418863793101e-06,59.2,BID
821,1712371273.9775758,14315765.69327489,58.35,7.383324049570298e-06,59.2,BID
822,1712371279.1174502,14319363.54033044,58.35,4.44129949812532e-07,59.2,BID
823,1712371279.137271,14331564.54605101,58.35,1.5061318545988332e-06,59.2,BID
824,1712371279.2374768,14369615.90979795,58.35,4.69718417995396e-06,59.2,BID
825,1712371279.2999568,14385603.82490735,58.35,1.9736002741389244e-06,59.2,BID
826,1712371279.317623,14436519.5276216,58.35,6.285200049363748e-06,59.2,BID
827,1712371279.3373053,14458612.78457428,58.35,2.7272635412476685e-06,59.2,BID
828,1712371279.402529,14471938.5664981,58.35,1.6449778897379013e-06,59.2,BID
829,1712371290.5397177,14471938.5664981,58.35,0.0,59.2,BID
830,1712371320.3652902,14471938.5664981,58.35,0.0,59.2,BID
831,1712371325.6275046,14472438.5664981,58.36,-6.156531341625038e-08,59.2,ASK
832,1712371325.6335406,14487206.32749759,58.35,-1.8183636687797088e-06,59.2,ASK
833,1712371325.847154,14487291.79758306,58.5,1.0523985199349238e-08,59.2,BID
834,1712371350.3914225,14487291.79758306,58.5,0.0,59.2,BID
835,1712371380.5073557,14487291.79758306,58.5,0.0,59.2,BID
836,1712371410.5311613,14487291.79758306,58.5,0.0,59.2,BID
837,1712371440.4015925,14487291.79758306,58.5,0.0,59.2,BID
838,1712371470.3543026,14487291.79758306,58.5,0.0,59.2,BID
839,1712371500.3783212,14487291.79758306,58.5,0.0,59.2,BID
840,1712371509.5471082,14495838.80613006,58.5,1.0554863635609366e-06,59.2,BID
841,1712371515.876968,14499838.80613006,58.5,4.939676181469784e-07,59.2,BID
842,1712371530.3613224,14499838.80613006,58.5,0.0,59.2,BID
843,1712371551.9071145,14499838.80613024,58.5,2.208007190241079e-17,59.2,BID
844,1712371551.915564,14555510.19149324,58.5,6.874342295268957e-06,59.2,BID
845,1712371552.0268223,14559510.19149324,58.52,4.939228474697023e-07,59.2,BID
846,1712371560.4049246,14559510.19149324,58.52,0.0,59.2,BID
847,1712371590.3568606,14559510.19149324,58.52,0.0,59.2,BID
848,1712371620.506729,14559510.19149324,58.52,0.0,59.2,BID
849,1712371650.5170672,14559510.19149324,58.52,0.0,59.2,BID
850,1712371680.3916464,14559510.19149324,58.52,0.0,59.2,BID
851,1712371710.385437,14559510.19149324,58.52,0.0,59.2,BID
852,1712371734.7767928,14561215.51209351,58.64,2.1048347206964735e-07,59.2,BID
853,1712371740.489006,14561215.51209351,58.64,0.0,59.2,BID
854,1712371743.7267964,14562068.17239364,58.64,1.052404370776448e-07,59.2,BID
855,1712371757.4266684,14570610.80010592,58.53,-1.0543822365070896e-06,59.2,ASK
856,1712371757.546843,14574377.65856892,58.53,4.649282146657309e-07,59.2,BID
857,1712371757.5542192,14574377.65856939,58.53,5.793450050169281e-17,59.2,BID
858,1712371770.3982272,14574377.65856939,58.53,0.0,59.2,BID
859,1712371800.431687,14574377.65856939,58.53,0.0,59.2,BID
860,1712371830.3616982,14574377.65856939,58.53,0.0,59.2,BID
861,1712371833.6866658,14609533.96125674,58.54,-4.39585770407754e-06,59.2,ASK
862,1712371860.5089214,14609533.96125674,58.54,-0.0,59.2,ASK
863,1712371890.5652058,14609533.96125674,58.54,-0.0,59.2,ASK
864,1712371920.3819442,14609533.96125674,58.54,-0.0,59.2,ASK
865,1712371950.3934903,14609533.96125674,58.54,-0.0,59.2,ASK
866,1712371969.8767407,14612533.96125674,58.54,-3.750161243651626e-07,59.2,ASK
867,1712371980.5266898,14612533.96125674,58.54,-0.0,59.2,ASK
868,1712372010.5107589,14612533.96125674,58.54,-0.0,59.2,ASK
869,1712372040.3795612,14612533.96125674,58.54,-0.0,59.2,ASK
870,1712372070.347444,14612533.96125674,58.54,-0.0,59.2,ASK
871,1712372084.7567716,14633152.45663422,58.54,-2.577366160170954e-06,59.2,ASK
872,1712372100.5096786,14633152.45663422,58.54,-0.0,59.2,ASK
873,1712372130.5066168,14633152.45663422,58.54,-0.0,59.2,ASK
874,1712372145.5969234,14645963.21607089,58.55,-1.611220533095559e-06,59.2,ASK
875,1712372160.3698442,14645963.21607089,58.55,-0.0,59.2,ASK
876,1712372187.97692,14649013.52372488,58.54,-3.836037006859263e-07,59.2,ASK
877,1712372190.4014802,14649013.52372488,58.54,-0.0,59.2,ASK
878,1712372220.4582028,14665013.52372488,58.55,2.012099132945198e-06,59.2,BID
879,1712372220.5366614,14665013.52372488,58.55,0.0,59.2,BID
880,1712372227.7867055,14665105.11067397,58.54,-1.1516269589917104e-08,59.2,ASK
881,1712372227.7911437,14750861.68109632,58.54,-1.078314971628701e-05,59.2,ASK
882,1712372227.7953503,14758353.67630773,58.54,-9.42053834947889e-07,59.2,ASK
883,1712372237.5270638,14758653.67630773,58.55,-3.772241472523983e-08,59.2,ASK
884,1712372237.535051,14758955.62141279,58.54,-3.79669949243148e-08,59.2,ASK
885,1712372250.5277069,14758955.62141279,58.54,-0.0,59.2,ASK
886,1712372280.3863382,14758955.62141279,58.54,-0.0,59.2,ASK
887,1712372310.3588612,14758955.62141279,58.54,-0.0,59.2,ASK
888,1712372314.4883904,14760568.07383897,58.54,-2.026118912678729e-07,59.2,ASK
889,1712372338.5646358,14762708.37383897,58.54,-2.689383102657225e-07,59.2,ASK
890,1712372339.3867848,14764317.0202152,58.62,2.0213364399298025e-07,59.2,BID
891,1712372340.405842,14764317.0202152,58.62,0.0,59.2,BID
892,1712372352.5661523,14772846.1661859,58.54,-1.071683226492761e-06,59.2,ASK
893,1712372352.5696511,14797000.0202152,58.54,-3.0349205309977465e-06,59.2,ASK
894,1712372368.0668728,14798708.25390156,58.54,-2.1463876862822242e-07,59.2,ASK
895,1712372368.0742435,14798720.2763627,58.54,-1.51061665373366e-09,59.2,ASK
896,1712372370.3723223,14798720.2763627,58.54,-0.0,59.2,ASK
897,1712372373.207033,14799070.6778662,58.53,-4.4016647445210986e-08,59.2,ASK
898,1712372373.214183,14800942.47636269,58.53,-2.351311101283165e-07,59.2,ASK
899,1712372400.4823222,14800942.47636269,58.53,-0.0,59.2,ASK
900,1712372427.2223363,14803992.78401702,58.54,3.866796345215072e-07,59.2,BID
901,1712372428.336753,14813989.98121402,58.54,1.267318905647794e-06,59.2,BID
902,1712372430.456013,14813989.98121402,58.54,0.0,59.2,BID
903,1712372446.3470163,14813989.98121468,58.54,8.357935092638902e-17,59.2,BID
904,1712372446.3531048,14831481.08086603,58.54,2.217086923221621e-06,59.2,BID
905,1712372452.7775626,14840775.21437021,58.53,-1.1780792669146956e-06,59.2,ASK
906,1712372452.786347,14842483.73991266,58.53,-2.1656440782247177e-07,59.2,ASK
907,1712372452.794264,14842926.86872024,58.5,-5.61688575430885e-08,59.2,ASK
908,1712372452.7981849,14843012.86872024,58.52,-1.0900942719307325e-08,59.2,ASK
909,1712372452.80209,14849850.47555784,58.5,-8.667018659744942e-07,59.2,ASK
910,1712372452.8060586,14851558.7092442,58.52,-2.1652741356043242e-07,59.2,ASK
911,1712372459.3368323,14852071.01348985,58.5,-6.4937200426709e-08,59.2,ASK
912,1712372459.3467586,14869628.57478455,58.5,-2.2255112786542137e-06,59.2,ASK
913,1712372460.5327427,14869628.57478455,58.5,-0.0,59.2,ASK
914,1712372483.6368282,14885891.45377087,58.5,-2.060553230462525e-06,59.2,ASK
915,1712372490.5191565,14885891.45377087,58.5,-0.0,59.2,ASK
916,1712372520.4139266,14885891.45377087,58.5,-0.0,59.2,ASK
917,1712372550.3680103,14885891.45377087,58.5,-0.0,59.2,ASK
918,1712372580.509296,14885891.45377087,58.5,-0.0,59.2,ASK
919,1712372610.5367222,14885891.45377087,58.5,-0.0,59.2,ASK
920,1712372640.3872845,14885891.45377087,58.5,-0.0,59.2,ASK
1121,1712372648.2669668,14886041.94757867,58.51,-1.906569718349116e-08,59.2,ASK
921,1712372648.2669668,14886041.94757867,58.51,-1.9065697183491162e-08,59.2,ASK
922,1712372670.4064093,14886041.94757867,58.51,-0.0,59.2,ASK
923,1712372700.5296347,14886041.94757867,58.51,-0.0,59.2,ASK
924,1712372711.8468664,14893732.94057133,58.53,-9.758652875203449e-07,59.2,ASK
925,1712372713.8572886,14894241.38137133,58.53,-6.451309056614418e-08,59.2,ASK
926,1712372730.4998071,14894241.38137133,58.53,-0.0,59.2,ASK
927,1712372757.686924,14901600.8062836,58.53,-9.337376873439292e-07,59.2,ASK
928,1712372757.692978,14906059.31924428,58.53,-5.656802848762179e-07,59.2,ASK
929,1712372760.4026816,14906059.31924428,58.53,-0.0,59.2,ASK
930,1712372790.3674738,14906059.31924428,58.53,-0.0,59.2,ASK
931,1712372820.521063,14906059.31924428,58.53,-0.0,59.2,ASK
932,1712372850.529269,14906059.31924428,58.53,-0.0,59.2,ASK
933,1712372880.3647594,14906059.31924428,58.53,-0.0,59.2,ASK
934,1712372894.856727,14923532.6582562,58.7,2.21676063203914e-06,59.2,BID
935,1712372910.4238489,14923532.6582562,58.7,0.0,59.2,BID
936,1712372930.435769,14928732.6582562,58.58,-6.596137988326997e-07,59.2,ASK
937,1712372930.4456854,14931233.34713938,58.58,-3.172094026796456e-07,59.2,ASK
938,1712372931.5111735,14936956.40320505,58.58,7.259628370016617e-07,59.2,BID
939,1712372940.5102758,14936956.40320505,58.58,0.0,59.2,BID
940,1712372970.4996943,14936956.40320505,58.58,0.0,59.2,BID
941,1712372970.627751,14940370.53772195,58.58,-4.3303569703655363e-07,59.2,ASK
942,1712372972.8551722,14940553.9278412,58.7,2.326049771193726e-08,59.2,BID
943,1712372989.9647064,14942457.74500941,58.7,2.414728506990152e-07,59.2,BID
944,1712372989.9719708,14957589.70296896,58.68,1.919279375228349e-06,59.2,BID
945,1712373000.4124455,14957589.70296896,58.68,0.0,59.2,BID
946,1712373030.3910377,14957589.70296896,58.68,0.0,59.2,BID
947,1712373046.8932965,14961161.99165334,58.68,4.536898022590774e-07,59.2,BID
948,1712373049.7234106,14961661.99165334,58.68,6.350127919993491e-08,59.2,BID
949,1712373060.497492,14961661.99165334,58.68,0.0,59.2,BID
950,1712373090.5174909,14961661.99165334,58.68,0.0,59.2,BID
951,1712373120.3823211,14961661.99165334,58.68,0.0,59.2,BID
952,1712373137.851737,14962161.99165334,58.68,6.34993520725348e-08,59.2,BID
953,1712373147.9515374,15003500.25231169,58.68,5.249905535221542e-06,59.2,BID
954,1712373150.3840256,15003500.25231169,58.68,0.0,59.2,BID
955,1712373177.670918,15003670.31043191,58.68,2.1590429204550964e-08,59.2,BID
956,1712373180.4950068,15003670.31043191,58.68,0.0,59.2,BID
957,1712373200.0308168,15025079.11355484,58.68,2.7180393501631075e-06,59.2,BID
958,1712373202.3206031,15082839.10883783,58.68,7.333148852036889e-06,59.2,BID
959,1712373210.5004344,15082839.10883783,58.68,0.0,59.2,BID
960,1712373220.5110874,15097654.75484121,58.68,-1.879870233667552e-06,59.2,ASK
961,1712373220.5189457,15251812.24839197,58.68,-1.956013820502647e-05,59.2,ASK
962,1712373240.3492007,15251812.24839197,58.68,-0.0,59.2,ASK
963,1712373243.5700428,15255515.99238534,58.68,-4.693558079792641e-07,59.2,ASK
964,1712373249.037302,15256547.28242395,58.68,-1.3068991004749624e-07,59.2,ASK
965,1712373270.3773382,15256547.28242395,58.68,-0.0,59.2,ASK
966,1712373300.401176,15256547.28242395,58.68,-0.0,59.2,ASK
967,1712373309.2102537,15256709.12090914,58.68,-2.0581908647574187e-08,59.2,ASK
968,1712373330.3494856,15256709.12090914,58.68,-0.0,59.2,ASK
969,1712373357.5689187,15267557.05260813,58.68,-1.3795907032170108e-06,59.2,ASK
1170,1712373359.7786782,15267985.40410417,58.68,-5.447579852474664e-08,59.2,ASK
970,1712373359.7786782,15267985.40410417,58.68,-5.4475798524746644e-08,59.2,ASK
971,1712373359.7886424,15268660.13085648,58.68,-8.580868505898064e-08,59.2,ASK
972,1712373360.4932292,15268660.13085648,58.68,-0.0,59.2,ASK
973,1712373360.7348907,15269569.02710587,58.68,-1.1557899049409121e-07,59.2,ASK
974,1712373390.5265524,15269569.02710587,58.68,-0.0,59.2,ASK
975,1712373420.378984,15269569.02710587,58.68,-0.0,59.2,ASK
976,1712373438.2378116,15272261.01192787,58.68,-3.423215556127692e-07,59.2,ASK
977,1712373450.471665,15272261.01192787,58.68,-0.0,59.2,ASK
978,1712373458.6978717,15289288.27342488,58.7,2.1651985228976258e-06,59.2,BID
979,1712373477.1878316,15292875.76916593,58.7,4.5618847639027603e-07,59.2,BID
980,1712373480.3938324,15292875.76916593,58.7,0.0,59.2,BID
981,1712373487.6572735,15298979.34429489,58.7,7.760154876132418e-07,59.2,BID
982,1712373507.303734,15299640.11090477,58.7,8.401061871605431e-08,59.2,BID
983,1712373510.371318,15299640.11090477,58.7,0.0,59.2,BID
984,1712373526.526965,15299726.99335792,58.7,1.104577633365598e-08,59.2,BID
985,1712373529.2769277,15301429.71950762,58.7,2.164756118794785e-07,59.2,BID
986,1712373534.997196,15303666.79517762,58.7,2.84409988399566e-07,59.2,BID
987,1712373540.5214896,15303666.79517762,58.7,0.0,59.2,BID
988,1712373541.7669384,15312013.54723562,58.69,1.0611300964914657e-06,59.2,BID
989,1712373570.4914265,15312013.54723562,58.69,0.0,59.2,BID
990,1712373578.4864542,15312013.54723617,58.69,7.008836198843876e-17,59.2,BID
991,1712373596.437666,15314307.02360208,58.69,-2.915535559378329e-07,59.2,ASK
992,1712373600.4010172,15314307.02360208,58.69,-0.0,59.2,ASK
993,1712373625.3566358,15315255.26306217,58.69,-1.208325105780897e-07,59.2,ASK
994,1712373625.3654945,15323643.33380765,58.69,-1.068877313950326e-06,59.2,ASK
995,1712373625.4367137,15359867.03980465,58.69,4.615924059566175e-06,59.2,BID
996,1712373625.4761028,15359867.03980537,58.69,9.16185059573893e-17,59.2,BID
997,1712373630.3580182,15359867.03980537,58.69,0.0,59.2,BID
998,1712373644.476105,15380097.87246637,58.7,2.5771018320733536e-06,59.2,BID
999,1712373644.5161054,15404111.23485337,58.7,3.058938860241461e-06,59.2,BID
1000,1712373644.5449998,15407110.67024482,58.7,3.820826642194053e-07,59.2,BID
1201,1712373644.5557222,15425803.43463643,58.7,2.381175217419406e-06,59.2,BID
1202,1712373644.5609562,15436086.21098604,58.71,1.3098700490199477e-06,59.2,BID
1203,1712373644.6359828,15441286.21098604,58.72,6.624012837896889e-07,59.2,BID
1204,1712373660.499907,15441286.21098604,58.72,0.0,59.2,BID
1205,1712373664.3562312,15441371.44405852,58.78,1.0850796826487361e-08,59.2,BID
1206,1712373664.35928,15446371.44405852,58.78,6.365367638840969e-07,59.2,BID
1207,1712373664.3620188,15457482.44405852,58.78,1.41451199670324e-06,59.2,BID
1208,1712373664.3643346,15459183.41361117,58.79,2.165459309017385e-07,59.2,BID
1209,1712373664.4158063,15462883.96402341,58.79,-4.711072767993793e-07,59.2,ASK
1210,1712373664.4359162,15478554.34681484,58.79,-1.994954950176348e-06,59.2,ASK
1211,1712373664.4374402,15483767.94681484,58.79,-6.637296144374152e-07,59.2,ASK
1212,1712373664.6360073,15488593.08224147,58.74,6.142752179538296e-07,59.2,BID
1213,1712373664.638445,15491037.82707884,58.74,3.112339934603412e-07,59.2,BID
1214,1712373664.7358065,15491037.8270794,58.74,7.137565535646421e-17,59.2,BID
1215,1712373667.5258,15493037.8270794,58.74,-2.546147055536388e-07,59.2,ASK
1216,1712373690.492011,15493037.8270794,58.74,-0.0,59.2,ASK
1217,1712373720.4011798,15493037.8270794,58.74,-0.0,59.2,ASK
1218,1712373727.5659106,15493208.06882267,58.81,2.1664636034678666e-08,59.2,BID
1219,1712373750.371816,15493208.06882267,58.81,0.0,59.2,BID
1220,1712373757.465561,15495931.64304474,58.81,3.4659636304682333e-07,59.2,BID
1221,1712373767.845213,15498518.94304474,58.8,-3.292543903686972e-07,59.2,ASK
1222,1712373767.9123886,15498655.21726681,58.8,-1.7341972678126135e-08,59.2,ASK
1223,1712373767.9172926,15500051.56980185,58.77,-1.7769690513840418e-07,59.2,ASK
1224,1712373767.9185596,15501751.9608918,58.79,-2.163882161750128e-07,59.2,ASK
1225,1712373780.4900825,15501751.9608918,58.79,-0.0,59.2,ASK
1226,1712373792.4552271,15509969.14492646,58.81,1.045634820535138e-06,59.2,BID
1227,1712373792.4650571,15514969.1449258,58.81,6.362488755188636e-07,59.2,BID
1228,1712373797.758458,15514969.14492646,58.81,8.414251761103688e-17,59.2,BID
1229,1712373810.506338,15514969.14492646,58.81,0.0,59.2,BID
1230,1712373825.3751829,15515976.92743922,58.81,-1.2822741494292456e-07,59.2,ASK
1231,1712373825.3810165,15518952.62034792,58.81,-3.786188036759598e-07,59.2,ASK
1232,1712373825.3977702,15522143.10879703,58.81,-4.0594878463833074e-07,59.2,ASK
1233,1712373830.3149436,15522230.2882842,58.81,-1.1092472963328932e-08,59.2,ASK
1234,1712373835.274963,15524775.00527233,58.81,-3.23782638632876e-07,59.2,ASK
1235,1712373835.2769792,15525589.55482329,58.81,-1.0364099588955257e-07,59.2,ASK
1236,1712373840.3509588,15525589.55482329,58.81,-0.0,59.2,ASK
1237,1712373870.3600185,15525589.55482329,58.81,-0.0,59.2,ASK
1238,1712373900.4873738,15525589.55482329,58.81,-0.0,59.2,ASK
1239,1712373908.874416,15532133.49770024,58.89,8.336785042968179e-07,59.2,BID
1240,1712373908.877175,15621753.49770024,58.87,1.1417316587259806e-05,59.2,BID
1241,1712373930.5045817,15621753.49770024,58.87,0.0,59.2,BID
1242,1712373931.4045358,15645749.15770024,58.89,3.0547712124702644e-06,59.2,BID
1243,1712373931.5245984,15651428.39518906,58.89,-7.229962080487456e-07,59.2,ASK
1244,1712373931.543749,15706657.55611423,58.89,-7.030956884832387e-06,59.2,ASK
1245,1712373941.654454,15708355.6372825,58.84,2.1617448610574746e-07,59.2,BID
1246,1712373945.964774,15709714.10221712,58.84,1.729395888850248e-07,59.2,BID
1247,1712373960.3998332,15709714.10221712,58.84,0.0,59.2,BID
1248,1712373979.5945303,15709813.39730299,58.82,-1.263244618115002e-08,59.2,ASK
1249,1712373984.4009955,15711414.49330699,58.82,-2.0369345495646537e-07,59.2,ASK
1250,1712373984.4026258,15713114.88439694,58.81,-2.1632590114756805e-07,59.2,ASK
1251,1712373984.4040036,15713114.88439702,58.82,-1.0189626898603593e-17,59.2,ASK
1252,1712373990.358058,15713114.88439702,58.82,-0.0,59.2,ASK
1253,1712374010.7443917,15713245.55589702,58.82,1.662377018272518e-08,59.2,BID
1254,1712374010.7474997,15713330.73100753,58.82,1.0835809357115846e-08,59.2,BID
1255,1712374020.487225,15713330.73100753,58.82,0.0,59.2,BID
1256,1712374025.2841425,15714328.59630157,58.82,-1.2694624710559044e-07,59.2,ASK
1257,1712374025.8641324,15716631.66033018,58.82,-2.92990784449327e-07,59.2,ASK
1258,1712374028.274232,15723114.88439702,58.82,-8.247816306918624e-07,59.2,ASK
1259,1712374049.3334348,15725293.51728258,58.8,-2.771609257221888e-07,59.2,ASK
1260,1712374049.3381474,15727398.18439702,58.8,-2.677511615848893e-07,59.2,ASK
1261,1712374050.498584,15727398.18439702,58.8,-0.0,59.2,ASK
1262,1712374054.144153,15729626.78439702,58.8,-2.834877945207241e-07,59.2,ASK
1263,1712374060.2339947,15729817.23326897,58.8,-2.4225940356508023e-08,59.2,ASK
1264,1712374080.2592824,15746824.03599005,58.8,2.163340660167219e-06,59.2,BID
1265,1712374080.3602278,15746824.03599005,58.8,0.0,59.2,BID
1266,1712374085.8141222,15750225.39653426,58.8,4.326052753521146e-07,59.2,BID
1267,1712374100.5940695,15750395.49348952,58.79,-2.163394300912203e-08,59.2,ASK
1268,1712374110.3895795,15750395.49348952,58.79,-0.0,59.2,ASK
1269,1712374117.343782,15751580.12264631,58.8,1.5066416173719684e-07,59.2,BID
1270,1712374117.3537874,15824713.05238902,58.8,9.301232788275131e-06,59.2,BID
1271,1712374123.5338314,15826264.23000902,58.8,1.972827314635771e-07,59.2,BID
1272,1712374123.5541956,15827441.78120121,58.8,1.497639681222591e-07,59.2,BID
1273,1712374140.513558,15827441.78120121,58.8,0.0,59.2,BID
1274,1712374170.5119507,15827441.78120121,58.8,0.0,59.2,BID
1275,1712374174.913972,15834401.97457391,58.8,-8.847055042140959e-07,59.2,ASK
1276,1712374174.9178302,15834488.70926778,58.8,-1.1024788675274547e-08,59.2,ASK
1277,1712374174.9210055,15842027.84582194,58.8,-9.582945831142352e-07,59.2,ASK
1278,1712374200.418754,15842027.84582194,58.8,-0.0,59.2,ASK
1279,1712374230.3714695,15842027.84582194,58.8,-0.0,59.2,ASK
1280,1712374233.0293715,15852027.84582194,58.8,1.273208722786455e-06,59.2,BID
1281,1712374240.132882,15862027.84582194,58.8,1.273208722786455e-06,59.2,BID
1282,1712374254.474424,15865028.55368374,58.79,-3.82052742417733e-07,59.2,ASK
1283,1712374260.505877,15865028.55368374,58.79,-0.0,59.2,ASK
1284,1712374264.792976,15870532.69358516,58.79,-7.006712446521679e-07,59.2,ASK
1285,1712374266.652956,15875028.55368374,58.79,5.72318281779365e-07,59.2,BID
1286,1712374269.2236824,15887542.38911161,58.79,-1.5929981435167612e-06,59.2,ASK
1287,1712374282.6030347,15889152.45512317,58.78,-2.0495971695782762e-07,59.2,ASK
1288,1712374290.5166934,15889152.45512317,58.78,-0.0,59.2,ASK
1289,1712374317.9030216,15894409.37088849,58.78,6.690790762265606e-07,59.2,BID
1290,1712374317.9069517,15895585.2043576,58.78,1.4965535048098837e-07,59.2,BID
1291,1712374320.3787577,15895585.2043576,58.78,0.0,59.2,BID
1292,1712374332.10256,15905585.2043576,58.78,-1.272698494845437e-06,59.2,ASK
1293,1712374332.2025738,15910819.56666845,58.78,-6.661765034495742e-07,59.2,ASK
1294,1712374332.3025496,15912597.79367369,58.78,-2.2631468330619178e-07,59.2,ASK
1295,1712374350.368307,15912597.79367369,58.78,-0.0,59.2,ASK
1296,1712374351.7460158,15918952.59367369,58.78,-8.08671520001603e-07,59.2,ASK
1297,1712374372.832353,15920630.08136144,58.79,2.134664376906959e-07,59.2,BID
1298,1712374373.8523982,15923763.03806744,58.79,3.986801884466985e-07,59.2,BID
1299,1712374373.8727517,15923763.03806769,58.79,3.176180576305025e-17,59.2,BID
1300,1712374373.8759403,15925528.51124344,58.8,2.2466291253177226e-07,59.2,BID
1301,1712374380.4963455,15925528.51124344,58.8,0.0,59.2,BID
1302,1712374410.5522263,15925528.51124344,58.8,0.0,59.2,BID
1303,1712374423.8343482,15928245.86005202,58.8,3.457591189290817e-07,59.2,BID
1304,1712374425.1322489,15929184.71032078,58.78,-1.194605715350786e-07,59.2,ASK
1305,1712374440.4162369,15929184.71032078,58.78,-0.0,59.2,ASK
1306,1712374448.6123126,15929195.70939812,58.78,-1.3994991215817151e-09,59.2,ASK
1307,1712374448.615687,15931902.05912936,58.78,-3.443501626799913e-07,59.2,ASK
1308,1712374448.6924827,15934891.06005202,58.78,-3.8031409691385763e-07,59.2,ASK
1309,1712374450.0809145,15936593.47748477,58.74,-2.1661196006929465e-07,59.2,ASK
1310,1712374450.0868678,15936892.26195802,58.74,-3.8016698574540806e-08,59.2,ASK
1311,1712374450.1321836,15936892.26195872,58.74,-8.911162124899282e-17,59.2,ASK
1312,1712374470.376725,15936892.26195872,58.74,-0.0,59.2,ASK
1313,1712374472.302128,15939608.74505186,58.74,-3.456195902614226e-07,59.2,ASK
1314,1712374477.6620412,15940082.88301107,58.72,-6.032482499256582e-08,59.2,ASK
1315,1712374481.0821853,15945190.13530933,58.73,-6.497984291319774e-07,59.2,ASK
1316,1712374481.0856116,15957038.09425104,58.72,-1.5074221242930958e-06,59.2,ASK
1317,1712374482.1622276,15959754.57734418,58.72,-3.456195902611857e-07,59.2,ASK
1318,1712374500.4952292,15959754.57734418,58.72,-0.0,59.2,ASK
1319,1712374518.2122874,15960674.33587,58.74,1.1714316163155145e-07,59.2,BID
1320,1712374520.3420646,15964723.93367557,58.74,5.157687338180373e-07,59.2,BID
1321,1712374521.0020175,15970408.75053215,58.74,7.240350604872821e-07,59.2,BID
1322,1712374530.516108,15970408.75053215,58.74,0.0,59.2,BID
1323,1712374530.7021182,15973121.59227266,58.74,3.454879964807544e-07,59.2,BID
1324,1712374560.3908725,15973121.59227266,58.74,0.0,59.2,BID
1325,1712374588.5317438,16005029.76429121,58.72,-4.063512641941469e-06,59.2,ASK
1326,1712374588.533739,16030703.96958597,58.73,-3.269615624687154e-06,59.2,ASK
1327,1712374590.3725276,16030703.96958597,58.73,-0.0,59.2,ASK
1328,1712374602.5917785,16034862.63150848,58.72,-5.293785313467794e-07,59.2,ASK
1329,1712374617.95285,16037665.73379711,58.72,-3.568220260313427e-07,59.2,ASK
1330,1712374617.9568937,16041922.50205864,58.73,-5.418670169782881e-07,59.2,ASK
1331,1712374620.5016017,16041922.50205864,58.73,-0.0,59.2,ASK
1332,1712374633.1817667,16046130.21715066,58.73,-5.355778597748689e-07,59.2,ASK
1333,1712374650.5415351,16046130.21715066,58.73,-0.0,59.2,ASK
1334,1712374680.3740258,16046130.21715066,58.73,-0.0,59.2,ASK
1335,1712374688.3117535,16046803.35964567,58.84,8.567806262896788e-08,59.2,BID
1336,1712374688.314597,16050379.02748376,58.84,4.55113583295045e-07,59.2,BID
1337,1712374710.3781383,16050379.02748376,58.84,0.0,59.2,BID
1338,1712374722.60147,16051227.09002624,58.84,1.0793857790073813e-07,59.2,BID
1339,1712374731.0913863,16055513.70800494,58.75,-5.45586469685091e-07,59.2,ASK
1340,1712374733.1814103,16058622.03546645,58.75,-3.9561757422209874e-07,59.2,ASK
1341,1712374740.4279883,16058622.03546645,58.75,-0.0,59.2,ASK
1342,1712374757.3713374,16058859.10444606,58.74,-3.017149073890758e-08,59.2,ASK
1343,1712374770.4252818,16058859.10444606,58.74,-0.0,59.2,ASK
1344,1712374775.0547757,16061321.89961975,58.74,-3.134364951775185e-07,59.2,ASK
1345,1712374780.7215562,16070667.55851531,58.74,-1.189408928781518e-06,59.2,ASK
1346,1712374780.7253363,16071372.52922751,58.74,-8.972063596482333e-08,59.2,ASK
1347,1712374780.728926,16076854.11808941,58.73,-6.976341432009995e-07,59.2,ASK
1348,1712374780.8013787,16134143.05035228,58.73,7.29108223564546e-06,59.2,BID
1349,1712374800.4090576,16134143.05035228,58.73,0.0,59.2,BID
1350,1712374830.3830433,16134143.05035228,58.73,0.0,59.2,BID
1351,1712374860.4946897,16134143.05035228,58.73,0.0,59.2,BID
1352,1712374881.9417925,16134313.0027656,58.84,2.1636681689322312e-08,59.2,BID
1353,1712374890.5044122,16134313.0027656,58.84,0.0,59.2,BID
1354,1712374909.7613378,16142140.02593445,58.73,-9.964588908739329e-07,59.2,ASK
1355,1712374909.952098,16142826.53928845,58.73,8.740006520220107e-08,59.2,BID
1356,1712374916.0113575,16142826.53928868,58.73,2.916741925670477e-17,59.2,BID
1357,1712374920.3444345,16142826.53928868,58.73,0.0,59.2,BID
1358,1712374950.374436,16142826.53928868,58.73,0.0,59.2,BID
1359,1712374980.4827282,16142826.53928868,58.73,0.0,59.2,BID
1360,1712375010.5056217,16142826.53928868,58.73,0.0,59.2,BID
1361,1712375019.8139558,16144277.16833442,58.84,1.8466793464197609e-07,59.2,BID
1362,1712375019.8166628,16144529.24659329,58.84,3.209005884034025e-08,59.2,BID
1363,1712375040.3663025,16144529.24659329,58.84,0.0,59.2,BID
1364,1712375070.3444157,16144529.24659329,58.84,0.0,59.2,BID
1365,1712375070.7249255,16144699.05635371,58.73,-2.1616841252226715e-08,59.2,ASK
1366,1712375080.7451334,16144799.05635371,58.84,1.2730034597874573e-08,59.2,BID
1367,1712375100.3806524,16144799.05635371,58.84,0.0,59.2,BID
1368,1712375130.37375,16144799.05635371,58.84,0.0,59.2,BID
1369,1712375160.4812064,16144799.05635371,58.84,0.0,59.2,BID
1370,1712375161.1168244,16153311.14351671,58.74,-1.0872050454782368e-06,59.2,ASK
1371,1712375161.126591,16153491.14351671,58.75,-2.2990472775789133e-08,59.2,ASK
1372,1712375161.6069558,16170518.21656285,58.73,-2.174780329548128e-06,59.2,ASK
1373,1712375161.6106277,16170518.21656362,58.74,-9.825520689703635e-17,59.2,ASK
1374,1712375161.6143043,16171369.57021592,58.73,-1.0873901647654994e-07,59.2,ASK
1375,1712375161.617961,16173614.05274467,58.7,-2.866761915164324e-07,59.2,ASK
1376,1712375161.6197622,16178140.95454079,58.7,-5.781978472352854e-07,59.2,ASK
1377,1712375161.6240275,16178141.41551083,58.73,-5.887732869176624e-11,59.2,ASK
1378,1712375163.8569388,16181635.49530368,58.68,-4.462808130774799e-07,59.2,ASK
1379,1712375163.86001,16183278.95133639,58.68,-2.099101732123839e-07,59.2,ASK
1380,1712375163.9066925,16184045.26690822,58.68,-9.787754051007477e-08,59.2,ASK
1381,1712375163.9200466,16186185.87492611,58.68,-2.734088353276322e-07,59.2,ASK
1382,1712375177.187094,16187854.38855453,58.68,-2.131106508345077e-07,59.2,ASK
1383,1712375180.6570098,16191141.20192857,58.68,-4.198077410832285e-07,59.2,ASK
1384,1712375190.559939,16191141.20192857,58.68,-0.0,59.2,ASK
1385,1712375193.362851,16191268.70531975,58.68,-1.6279693707903563e-08,59.2,ASK
1386,1712375193.3676784,16204513.60192857,58.68,-1.6911147067678809e-06,59.2,ASK
1387,1712375193.3812122,16206233.19306996,58.7,2.195582158714977e-07,59.2,BID
1388,1712375220.432107,16206233.19306996,58.7,0.0,59.2,BID
1389,1712375247.3782434,16206373.43645993,58.69,-1.7904318236913453e-08,59.2,ASK
1390,1712375248.6182733,16208092.270399,58.69,2.194367224591865e-07,59.2,BID
1391,1712375250.343006,16208092.270399,58.69,0.0,59.2,BID
1392,1712375269.428579,16209796.13817886,58.69,2.175230221816597e-07,59.2,BID
1393,1712375280.493857,16209796.13817886,58.69,0.0,59.2,BID
1394,1712375286.028809,16211500.00595872,58.69,2.1752024522527029e-07,59.2,BID
1395,1712375287.1399834,16211961.57380135,58.68,-5.8924965601183784e-08,59.2,ASK
1396,1712375287.1430492,16212165.86838172,58.68,-2.608078381763269e-08,59.2,ASK
1397,1712375287.205819,16212779.46988163,58.67,-7.833398243026054e-08,59.2,ASK
1398,1712375287.207602,16212779.46988198,58.68,-4.4704554232761394e-17,59.2,ASK
1399,1712375287.3390927,16224658.86988198,58.65,-1.5165554696643688e-06,59.2,ASK
1400,1712375287.3429365,16225245.42896126,58.65,-7.4881675839145e-08,59.2,ASK
1401,1712375287.3467517,16226501.4016575,58.6,-1.6034078002512717e-07,59.2,ASK
1402,1712375287.4187868,16227805.4314635,58.6,1.664758771399473e-07,59.2,BID
1403,1712375287.42159,16227805.43146447,58.6,1.2388868486845046e-16,59.2,BID
1404,1712375287.5390744,16227920.7359855,58.69,1.4720078627269965e-08,59.2,BID
1405,1712375287.5432792,16229509.29924433,58.69,2.0280016659800045e-07,59.2,BID
1406,1712375287.999714,16229604.88622678,58.69,1.2202885757306494e-08,59.2,BID
1407,1712375310.5090334,16229604.88622678,58.69,0.0,59.2,BID
1408,1712375326.2615535,16230633.57772578,58.69,1.3130598863846104e-07,59.2,BID
1409,1712375333.609825,16230633.57772601,58.69,2.94816098091823e-17,59.2,BID
1410,1712375333.8694513,16232337.44550564,58.69,-2.1748798695356978e-07,59.2,ASK
1411,1712375335.149685,16232659.87770964,58.69,4.1156439376041844e-08,59.2,BID
1412,1712375335.1893988,16258051.39980392,58.69,3.2410678175822964e-06,59.2,BID
1413,1712375340.3911643,16258051.39980392,58.69,0.0,59.2,BID
1414,1712375370.3685205,16258051.39980392,58.69,0.0,59.2,BID
1415,1712375373.4449174,16261074.39980392,58.69,-3.857846913325992e-07,59.2,ASK
1416,1712375380.9701595,16266570.73870322,58.69,-7.014235546561749e-07,59.2,ASK
1417,1712375397.3604777,16271682.3420428,58.68,6.523249475934071e-07,59.2,BID
1418,1712375397.4604218,16279282.29938824,58.68,9.698799863219158e-07,59.2,BID
1419,1712375400.383469,16279282.29938824,58.68,0.0,59.2,BID
1420,1712375419.650294,16299221.65793799,58.68,2.546161909330572e-06,59.2,BID
1421,1712375419.654384,16325558.21179699,58.68,3.363053535122522e-06,59.2,BID
1422,1712375426.7406473,16329477.77553256,58.68,-5.005097761697136e-07,59.2,ASK
1423,1712375426.7448184,16331338.75710721,58.68,-2.376385573043613e-07,59.2,ASK
1424,1712375426.8203497,16332948.8231178,58.68,2.055978248971731e-07,59.2,BID
1425,1712375426.824523,16371834.12420574,58.68,4.965469286081846e-06,59.2,BID
1426,1712375430.3775575,16371834.12420574,58.68,0.0,59.2,BID
1427,1712375430.434726,16376877.11423899,58.68,-6.435197237386767e-07,59.2,ASK
1428,1712375430.5144231,16406051.42896999,58.68,3.722840384805989e-06,59.2,BID
1429,1712375451.406808,16406051.42897098,58.68,1.262113463201643e-16,59.2,BID
1430,1712375460.500899,16406051.42897098,58.68,0.0,59.2,BID
1431,1712375490.524165,16406051.42897098,58.68,0.0,59.2,BID
1432,1712375520.378656,16406051.42897098,58.68,0.0,59.2,BID
1433,1712375550.360084,16406051.42897098,58.68,0.0,59.2,BID
1434,1712375580.5317929,16406051.42897098,58.68,0.0,59.2,BID
1435,1712375585.702092,16508615.42897098,58.68,-1.3084509378779684e-05,59.2,ASK
1436,1712375585.7063258,16513031.03004909,58.68,-5.633163070812133e-07,59.2,ASK
1437,1712375585.8424528,16524774.42167005,58.68,1.498152546733113e-06,59.2,BID
1438,1712375585.8446434,16537749.40440486,58.68,1.6552716672822166e-06,59.2,BID
1439,1712375585.862089,16575662.45202753,58.68,4.836722701892864e-06,59.2,BID
1440,1712375610.5020888,16575662.45202753,58.68,0.0,59.2,BID
1441,1712375640.3894231,16575662.45202753,58.68,0.0,59.2,BID
1442,1712375670.375343,16575662.45202753,58.68,0.0,59.2,BID
1443,1712375700.3869455,16575662.45202753,58.68,0.0,59.2,BID
1444,1712375730.417039,16575662.45202753,58.68,0.0,59.2,BID
1445,1712375743.433244,16601375.00358165,58.71,-3.2786439761902014e-06,59.2,ASK
1446,1712375757.5536697,16601498.00358165,58.77,1.5683904735108263e-08,59.2,BID
1447,1712375760.530341,16601498.00358165,58.77,0.0,59.2,BID
1448,1712375776.1136105,16642819.52816902,58.77,5.267947423317504e-06,59.2,BID
1449,1712375776.6132643,16697538.94645802,58.77,6.976001526068762e-06,59.2,BID
1450,1712375790.5035722,16697538.94645802,58.77,0.0,59.2,BID
1451,1712375808.743507,16697538.9464586,58.77,7.403505766148288e-17,59.2,BID
1452,1712375820.3591092,16697538.9464586,58.77,0.0,59.2,BID
1453,1712375850.414107,16697538.9464586,58.77,0.0,59.2,BID
1454,1712375880.5411882,16697538.9464586,58.77,0.0,59.2,BID
1455,1712375885.2843137,16700407.13972228,58.77,-3.653937467474591e-07,59.2,ASK
1456,1712375885.288747,16705782.89463452,58.77,-6.848447954513136e-07,59.2,ASK
1457,1712375898.2347982,16705952.84704784,58.84,2.1651103451660122e-08,59.2,BID
1458,1712375910.534049,16705952.84704784,58.84,0.0,59.2,BID
1459,1712375940.3702953,16705952.84704784,58.84,0.0,59.2,BID
1460,1712375960.17465,16707577.0921356,58.77,-2.0690781908300642e-07,59.2,ASK
1461,1712375960.179216,16711719.1110095,58.74,-5.276396390279331e-07,59.2,ASK
1462,1712375970.3617003,16711719.1110095,58.74,-0.0,59.2,ASK
1463,1712375990.7448685,16714145.73715864,58.74,-3.091074506564734e-07,59.2,ASK
1464,1712375990.7493756,16714272.73715864,58.74,-1.6177459493424664e-08,59.2,ASK
1465,1712375999.5246744,16799097.08348295,58.72,-1.0805058478092722e-05,59.2,ASK
1466,1712376000.4646237,16799097.08348295,58.72,-0.0,59.2,ASK
1467,1712376030.457321,16799097.08348295,58.72,-0.0,59.2,ASK
1468,1712376036.424774,16811690.3620769,58.84,1.6074998326663008e-06,59.2,BID
1469,1712376036.434718,16812635.53153095,58.84,1.206484655993798e-07,59.2,BID
1470,1712376036.4448197,16839767.2461843,58.78,-3.463294045298389e-06,59.2,ASK
1471,1712376060.3565617,16852218.02007426,58.74,-1.5893094713468957e-06,59.2,ASK
1472,1712376060.3587,16853214.55008159,58.75,-1.2720450898288276e-07,59.2,ASK
1473,1712376060.360762,16865214.55008159,58.75,-1.5317693361649963e-06,59.2,ASK
1474,1712376060.5106275,16865214.55008159,58.75,-0.0,59.2,ASK
1475,1712376088.4756677,16865314.55008159,58.75,-1.2758415306272773e-08,59.2,ASK
1476,1712376090.525262,16865314.55008159,58.75,-0.0,59.2,ASK
1477,1712376111.8459191,16888217.12358915,58.75,-2.9220032537115005e-06,59.2,ASK
1478,1712376120.3613808,16888217.12358915,58.75,-0.0,59.2,ASK
1479,1712376140.695627,16896737.91431852,58.75,-1.0869304629323032e-06,59.2,ASK
1480,1712376150.3926528,16896737.91431852,58.75,-0.0,59.2,ASK
1481,1712376173.7558825,16902860.91431852,58.75,-7.810132270619877e-07,59.2,ASK
1482,1712376180.5115557,16902860.91431852,58.75,-0.0,59.2,ASK
1483,1712376210.5156653,16902860.91431852,58.75,-0.0,59.2,ASK
1484,1712376238.475259,16907969.90614413,58.72,-6.516425139904983e-07,59.2,ASK
1485,1712376238.4796438,16914649.12957737,58.72,-8.519226685235759e-07,59.2,ASK
1486,1712376238.4821353,16919213.01419295,58.7,-5.821150915826243e-07,59.2,ASK
1487,1712376238.4846494,16922860.93047533,58.75,-4.652850147776817e-07,59.2,ASK
1488,1712376240.3966262,16922860.93047533,58.75,-0.0,59.2,ASK
1489,1712376270.3645985,16922860.93047533,58.75,-0.0,59.2,ASK
1490,1712376300.510373,16922860.93047533,58.75,-0.0,59.2,ASK
1491,1712376314.1976063,16926265.18579448,58.75,4.355392637223714e-07,59.2,BID
1492,1712376314.199813,16926561.48536894,58.75,3.790846643494717e-08,59.2,BID
1493,1712376330.5163715,16926561.48536894,58.75,0.0,59.2,BID
1494,1712376340.7364185,16940103.26807094,58.75,1.732482868228644e-06,59.2,BID
1495,1712376351.3563256,16940103.2680719,58.75,1.2296257109783799e-16,59.2,BID
1496,1712376360.3807392,16940103.2680719,58.75,0.0,59.2,BID
1497,1712376390.5488837,16940103.2680719,58.75,0.0,59.2,BID
1498,1712376392.4670858,16950103.2680719,58.78,-1.279230797269514e-06,59.2,ASK
1499,1712376404.6764662,16966843.87240768,58.88,2.141509663123009e-06,59.2,BID
1500,1712376404.6802616,16976940.86035095,58.89,1.291637793669384e-06,59.2,BID
1501,1712376404.6873822,16977025.91977371,58.9,1.088106331893314e-08,59.2,BID
1502,1712376404.6910326,17021124.75117021,58.89,5.6412583246000505e-06,59.2,BID
1503,1712376404.69467,17039113.07741451,58.9,2.301122092303793e-06,59.2,BID
1504,1712376420.5075114,17039113.07741451,58.9,0.0,59.2,BID
1505,1712376449.6068404,17039947.45432452,58.9,-1.0665652588943516e-07,59.2,ASK
1506,1712376450.529246,17039947.45432452,58.9,-0.0,59.2,ASK
1507,1712376480.370716,17039947.45432452,58.9,-0.0,59.2,ASK
1508,1712376509.666603,17042147.45432452,58.79,-2.8121929082439895e-07,59.2,ASK
1509,1712376510.3723898,17042147.45432452,58.79,-0.0,59.2,ASK
1510,1712376540.5188692,17042147.45432452,58.79,-0.0,59.2,ASK
1511,1712376541.118525,17053747.45432452,58.74,-1.4827681099164768e-06,59.2,ASK
1512,1712376541.1243658,17149247.45432452,58.74,-1.220727193939858e-05,59.2,ASK
1513,1712376541.1300333,17163788.0586603,58.79,-1.8586503800003512e-06,59.2,ASK
1514,1712376541.1339238,17173788.0586603,58.76,-1.2782483706176524e-06,59.2,ASK
1515,1712376541.1365116,17263408.0586603,58.75,-1.14556618974754e-05,59.2,ASK
1516,1712376541.1391015,17277948.66299608,58.79,-1.858650380000828e-06,59.2,ASK
1517,1712376541.1417336,17367568.66299608,58.73,-1.14556618974754e-05,59.2,ASK
1518,1712376541.2576437,17558649.65241152,58.73,2.44248963376296e-05,59.2,BID
1519,1712376541.2640526,17693948.05384966,58.73,1.729449611854747e-05,59.2,BID
1520,1712376541.2997816,17711793.75384966,58.73,2.2811236947530485e-06,59.2,BID
1521,1712376541.3368812,17753738.75384966,58.73,5.361612790555743e-06,59.2,BID
1522,1712376541.341637,17769049.08462556,58.73,1.957040536791361e-06,59.2,BID
1523,1712376541.3972633,17803103.08462556,58.73,4.352947001301353e-06,59.2,BID
1524,1712376541.4602635,17805189.788385,58.73,2.6673256804650015e-07,59.2,BID
1525,1712376542.3767605,17817428.3981554,58.73,1.5643982997637276e-06,59.2,BID
1526,1712376544.6473172,17923918.3981554,58.73,1.361206689870738e-05,59.2,BID
1527,1712376549.7879765,18004888.3981554,58.73,1.0349977056891132e-05,59.2,BID
1528,1712376570.5267515,18004888.3981554,58.73,0.0,59.2,BID
1529,1712376574.967204,18038948.34365948,58.73,4.322463909841729e-06,59.2,BID
1530,1712376577.2769578,18039145.34365948,58.73,2.5000785457416682e-08,59.2,BID
1531,1712376600.422393,18039145.34365948,58.73,0.0,59.2,BID
1532,1712376630.3731728,18039145.34365948,58.73,0.0,59.2,BID
1533,1712376656.6973617,18039324.18883066,58.71,-2.271560727720464e-08,59.2,ASK
1534,1712376656.704503,18051124.18883066,58.71,-1.4987498074622637e-06,59.2,ASK
1535,1712376656.7082567,18143030.57795414,58.7,-1.1673278220624465e-05,59.2,ASK
1536,1712376656.7145092,18172448.94795414,58.71,-3.736506472318237e-06,59.2,ASK
1537,1712376656.7166114,18176402.95090244,58.7,-5.022085726668157e-07,59.2,ASK
1538,1712376656.8369772,18194505.00388819,58.7,2.2991905446665014e-06,59.2,BID
1539,1712376656.8394616,18208835.57250162,58.7,1.8201641483221109e-06,59.2,BID
1540,1712376656.8469336,18218476.48950162,58.7,1.2245188557215594e-06,59.2,BID
1541,1712376656.917182,18230344.60050162,58.7,1.5074007691684182e-06,59.2,BID
1542,1712376656.9220235,18264975.60050162,58.7,4.398576659510649e-06,59.2,BID
1543,1712376656.9571495,18299046.60050162,58.7,4.327449550003965e-06,59.2,BID
1544,1712376657.1770854,18301505.13480162,58.7,3.122650685392869e-07,59.2,BID
1545,1712376657.2169554,18307519.02480161,58.7,7.638403796257098e-07,59.2,BID
1546,1712376657.7270489,18493624.36841761,58.7,2.3637741348489864e-05,59.2,BID
