,time,acc_trade_volume,trade_price,dev,high,ask_bid
0,1712365207.2267118,1432568.59414563,152.3,0.0,153.3,ASK
1,1712365224.6613305,1433121.99086694,152.5,1.6034742812197448e-07,153.3,BID
2,1712365230.4884732,1433121.99086694,152.5,0.0,153.3,BID
3,1712365232.488932,1437443.640703,152.5,1.2521731067688447e-06,153.3,BID
4,1712365260.059426,1438096.10135791,152.5,1.8904671046837745e-07,153.3,BID
5,1712365260.3595865,1438096.10135791,152.5,0.0,153.3,BID
6,1712365262.9991632,1438227.24889889,152.5,3.7990893491925066e-08,153.3,BID
7,1712365269.4386072,1438784.96365298,152.5,1.6155912389340553e-07,153.3,BID
8,1712365290.2986777,1438784.96365298,152.5,0.0,153.3,BID
9,1712365292.358699,1445339.06365216,152.5,1.8985376018447983e-06,153.3,BID
10,1712365320.4886343,1445339.06365216,152.5,0.0,153.3,BID
11,1712365327.4787362,1445994.14594707,152.5,1.8970390890140068e-07,153.3,BID
12,1712365337.5422137,1580972.40168477,152.5,3.908807019987191e-05,153.3,BID
13,1712365349.262211,1582230.91480983,152.3,-3.644501783709944e-07,153.3,ASK
14,1712365350.4686751,1582230.91480983,152.3,-0.0,153.3,ASK
15,1712365361.5587535,1582429.27580983,152.4,-5.709776934571248e-08,153.3,ASK
16,1712365366.141041,1582597.00367868,152.5,4.8280091189480726e-08,153.3,BID
17,1712365369.578763,1582793.80367868,152.4,-5.6648438993738563e-08,153.3,ASK
18,1712365369.5797908,1582795.44267868,152.4,-4.71782477178944e-10,153.3,ASK
19,1712365380.3489125,1582795.44267868,152.4,-0.0,153.3,ASK
20,1712365404.6388593,1582795.49307238,152.4,-1.450535436616753e-11,153.3,ASK
21,1712365404.6403422,1583017.44367868,152.4,-6.388640222103773e-08,153.3,ASK
22,1712365410.328781,1583017.44367868,152.4,-0.0,153.3,ASK
23,1712365411.958802,1607720.91551235,152.3,-7.1105936353466805e-06,153.3,ASK
24,1712365411.968877,1618697.84635868,152.3,-3.159575914555156e-06,153.3,ASK
25,1712365411.9701824,1636470.64013668,152.3,-5.115682328826874e-06,153.3,ASK
26,1712365412.0494356,1637334.76531068,152.3,-2.487279117590309e-07,153.3,ASK
27,1712365412.2490532,1644282.71333,152.3,-1.9998822553176545e-06,153.3,ASK
28,1712365412.250653,1650458.48472244,152.3,-1.777620613495611e-06,153.3,ASK
29,1712365412.3489037,1655266.8905005,152.3,-1.384041067257545e-06,153.3,ASK
30,1712365412.3504317,1662038.23714457,152.3,-1.9490496993392687e-06,153.3,ASK
31,1712365440.4790766,1662038.23714457,152.3,-0.0,153.3,ASK
32,1712365456.148602,1662088.23714457,152.3,1.4342208616182016e-08,153.3,BID
33,1712365470.48174,1662088.23714457,152.3,0.0,153.3,BID
34,1712365472.3086405,1662334.26936021,152.1,-7.057275310683135e-08,153.3,ASK
35,1712365497.4186957,1662384.26936021,152.0,-1.4342177288300669e-08,153.3,ASK
36,1712365497.4195478,1662915.51690441,152.0,-1.523849292577939e-07,153.3,ASK
37,1712365500.3156178,1662915.51690441,152.0,-0.0,153.3,ASK
38,1712365508.3289752,1669520.92506767,151.9,-1.900104097620153e-06,153.3,ASK
39,1712365508.3302867,1679390.90778533,151.9,-2.83918785058246e-06,153.3,ASK
40,1712365530.4788616,1679390.90778533,151.9,-0.0,153.3,ASK
41,1712365535.2191362,1679574.01297337,151.7,-5.2633936221533374e-08,153.3,ASK
42,1712365535.220596,1686181.52003065,151.7,-1.899340530756106e-06,153.3,ASK
43,1712365535.3590682,1696797.08710812,151.7,3.0514650430806776e-06,153.3,BID
44,1712365535.3605187,1717994.44921244,151.7,6.093222245671234e-06,153.3,BID
45,1712365537.469114,1724332.94555155,151.7,-1.8220128857306944e-06,153.3,ASK
46,1712365537.5291164,1739173.67911827,151.7,4.2659972248334326e-06,153.3,BID
47,1712365537.5307536,1740671.69414088,151.7,4.306072810001117e-07,153.3,BID
48,1712365545.8988693,1744018.80334093,151.7,-9.621329359788535e-07,153.3,ASK
49,1712365560.4323962,1744018.80334093,151.7,-0.0,153.3,ASK
50,1712365570.5090787,1749039.467141,151.7,-1.4391436188996171e-06,153.3,ASK
51,1712365590.329036,1749039.467141,151.7,-0.0,153.3,ASK
52,1712365599.2091672,1751174.7681654,151.7,-6.11937827334571e-07,153.3,ASK
53,1712365620.4604108,1751174.7681654,151.7,-0.0,153.3,ASK
54,1712365630.9925957,1751990.05778326,151.7,-2.3362525565310933e-07,153.3,ASK
55,1712365631.9314775,1752852.81809725,151.7,-2.472282174429686e-07,153.3,ASK
56,1712365640.619083,1760036.2358813,151.7,-2.0584437474707843e-06,153.3,ASK
57,1712365650.4807756,1760036.2358813,151.7,-0.0,153.3,ASK
58,1712365680.3002791,1760036.2358813,151.7,-0.0,153.3,ASK
59,1712365709.8765357,1760695.43166244,151.7,-1.8882306111758898e-07,153.3,ASK
60,1712365709.8777912,1763086.3492393,151.7,-6.848653900085817e-07,153.3,ASK
61,1712365710.3420994,1763086.3492393,151.7,-0.0,153.3,ASK
62,1712365713.8589673,1766020.5825063,151.7,-8.403838434523955e-07,153.3,ASK
63,1712365715.1693158,1766945.2543163,151.7,-2.6483213122805655e-07,153.3,ASK
64,1712365715.3890138,1767627.26645029,151.7,-1.9533279268892213e-07,153.3,ASK
65,1712365715.6726315,1768309.27858428,151.7,-1.9533279268885545e-07,153.3,ASK
66,1712365720.2691514,1768547.99958428,151.7,-6.837127564088846e-08,153.3,ASK
67,1712365721.7990942,1768727.35455178,151.8,5.136845070402585e-08,153.3,BID
68,1712365726.839432,1788929.20983363,151.7,-5.785945165834826e-06,153.3,ASK
69,1712365726.8415642,1789029.20983363,151.7,-2.8640662380316857e-08,153.3,ASK
70,1712365736.279315,1789095.12941174,151.7,1.88798038090432e-08,153.3,BID
71,1712365740.4590104,1789095.12941174,151.7,0.0,153.3,BID
72,1712365742.4807274,1789754.32519288,151.7,1.8858493116584826e-07,153.3,BID
73,1712365749.8090963,1792264.65709292,151.6,-7.181641359322378e-07,153.3,ASK
74,1712365753.9896116,1796117.43927892,151.6,-1.1022167983044336e-06,153.3,ASK
75,1712365755.4034345,1817799.20117177,151.6,-6.202790872003065e-06,153.3,ASK
76,1712365755.4047964,1817997.09035092,151.6,-5.661279743622909e-08,153.3,ASK
77,1712365770.469348,1817997.09035092,151.6,-0.0,153.3,ASK
78,1712365775.8991745,1817997.09035177,151.6,-2.4281836068224593e-16,153.3,ASK
79,1712365777.751324,1818037.09035177,151.6,1.1429007320532365e-08,153.3,BID
80,1712365795.4691782,1818169.10355309,151.5,-3.7719496107352176e-08,153.3,ASK
81,1712365795.4714754,1818229.10355309,151.5,-1.7143510980798548e-08,153.3,ASK
82,1712365800.3710916,1818229.10355309,151.5,-0.0,153.3,ASK
83,1712365830.3626645,1818229.10355309,151.5,-0.0,153.3,ASK
84,1712365845.0248556,1818269.68515309,151.3,-1.1639514016122644e-08,153.3,ASK
85,1712365845.2658453,1819525.46836522,151.3,3.601806310945802e-07,153.3,BID
86,1712365854.044839,1820425.46836522,151.3,2.581357712493256e-07,153.3,BID
87,1712365860.5018206,1820425.46836522,151.3,0.0,153.3,BID
88,1712365862.679274,1821086.84402659,151.2,-1.8967605090395621e-07,153.3,ASK
89,1712365862.680601,1821227.29984435,151.1,-4.02813505172032e-08,153.3,ASK
90,1712365862.6819034,1821322.29984435,151.2,-2.7245067952072893e-08,153.3,ASK
91,1712365863.279147,1822313.70764342,151.3,2.843260300408131e-07,153.3,BID
92,1712365874.3891733,1825096.74587967,151.3,7.98148061682596e-07,153.3,BID
93,1712365874.3910384,1836042.94621315,151.3,3.1392628621333284e-06,153.3,BID
94,1712365890.4693158,1836042.94621315,151.3,0.0,153.3,BID
95,1712365910.1292238,1836702.94621315,151.5,1.8915334802024405e-07,153.3,BID
96,1712365910.2090616,1837922.31385015,151.5,3.494658651607461e-07,153.3,BID
97,1712365910.2323756,1837922.31385044,151.5,8.314349534541201e-17,153.3,BID
98,1712365920.329088,1837922.31385044,151.5,0.0,153.3,BID
99,1712365950.3210824,1837922.31385044,151.5,0.0,153.3,BID
100,1712365968.681862,1838183.69990068,151.6,-7.490607931329278e-08,153.3,ASK
101,1712365980.4892185,1838183.69990068,151.6,-0.0,153.3,ASK
102,1712366009.849315,1838842.02774794,151.9,1.886565787201955e-07,153.3,BID
103,1712366010.5013063,1838842.02774794,151.9,0.0,153.3,BID
104,1712366033.6292,1842133.66698427,151.9,9.432558627882228e-07,153.3,BID
105,1712366040.288997,1842133.66698427,151.9,0.0,153.3,BID
106,1712366070.3392096,1842133.66698427,151.9,0.0,153.3,BID
107,1712366094.2296505,1846097.91486061,151.9,1.13583661215558e-06,153.3,BID
108,1712366094.231541,1847411.65028346,151.9,3.764115762954239e-07,153.3,BID
109,1712366100.3506525,1847411.65028346,151.9,0.0,153.3,BID
110,1712366112.1863947,1848364.62155964,151.9,-2.743239408367478e-07,153.3,ASK
111,1712366130.310852,1848364.62155964,151.9,-0.0,153.3,ASK
112,1712366143.156738,1849681.27725417,151.9,3.78998966473256e-07,153.3,BID
113,1712366160.4692822,1849681.27725417,151.9,0.0,153.3,BID
114,1712366190.4791188,1849681.27725417,151.9,0.0,153.3,BID
115,1712366195.3693836,1855310.70028317,152.0,1.6203345321576217e-06,153.3,BID
116,1712366195.370961,1855310.70028396,152.0,2.2738656478198533e-16,153.3,BID
117,1712366209.5292375,1855376.66334368,152.1,1.8986354900081028e-08,153.3,BID
118,1712366220.319228,1855376.66334368,152.1,0.0,153.3,BID
119,1712366239.5492947,1856405.43066668,152.2,2.960395667913217e-07,153.3,BID
120,1712366239.5513546,1856405.43066698,152.2,8.636258933376235e-17,153.3,BID
121,1712366250.3292782,1856405.43066698,152.2,0.0,153.3,BID
122,1712366280.4891286,1856405.43066698,152.2,0.0,153.3,BID
123,1712366310.489158,1856405.43066698,152.2,0.0,153.3,BID
124,1712366314.689342,1856678.1579397,152.3,7.847685690849649e-08,153.3,BID
125,1712366314.6906388,1856744.12099942,152.3,1.8980769863158743e-08,153.3,BID
126,1712366340.3291862,1856744.12099942,152.3,0.0,153.3,BID
127,1712366370.4469512,1856744.12099942,152.3,0.0,153.3,BID
128,1712366374.1191542,1856810.08405913,152.4,1.8980488136686923e-08,153.3,BID
129,1712366387.0492122,1858647.00813852,152.4,-5.285642577862118e-07,153.3,ASK
130,1712366387.1292188,1863503.07689252,152.4,1.3973056401815103e-06,153.3,BID
131,1712366387.1313076,1863503.07689299,152.4,1.3519725867081366e-16,153.3,BID
132,1712366397.7692611,1863568.34830282,152.3,-1.8781469892294945e-08,153.3,ASK
133,1712366400.369244,1863568.34830282,152.3,-0.0,153.3,ASK
134,1712366430.331768,1863568.34830282,152.3,-0.0,153.3,ASK
135,1712366460.5110116,1863568.34830282,152.3,-0.0,153.3,ASK
136,1712366471.2587278,1864971.21412185,152.4,-4.0692700989426425e-07,153.3,ASK
137,1712366471.3389578,1866978.78219348,152.4,-5.823320102791448e-07,153.3,ASK
138,1712366484.9592168,1867634.95017248,152.4,-1.9033358006214826e-07,153.3,ASK
139,1712366488.2589211,1868957.26525804,152.3,-3.8356178944976164e-07,153.3,ASK
140,1712366490.4609632,1868957.26525804,152.3,-0.0,153.3,ASK
141,1712366492.6291738,1886280.09990364,152.4,5.023609958207119e-06,153.3,BID
142,1712366492.6387267,1894291.58525804,152.5,2.32332516183296e-06,153.3,BID
143,1712366492.6405458,1910891.58525804,152.4,4.813988415424807e-06,153.3,BID
144,1712366501.3289008,1929301.53972483,152.5,5.338873947688255e-06,153.3,BID
145,1712366501.3308446,1952825.90525804,152.5,6.822049587776562e-06,153.3,BID
146,1712366508.9388304,1953162.7599092,152.3,-9.76876137570213e-08,153.3,ASK
147,1712366520.372053,1953162.7599092,152.3,-0.0,153.3,ASK
148,1712366522.9189453,1955114.94654554,152.4,-5.640328814386147e-07,153.3,ASK
149,1712366550.310633,1955114.94654554,152.4,-0.0,153.3,ASK
150,1712366551.686174,1956848.54844901,152.3,-5.008355322421627e-07,153.3,ASK
151,1712366551.7190409,1963455.77680882,152.3,-1.908820430807894e-06,153.3,ASK
152,1712366551.721548,1965425.57326301,152.3,-5.690718575979386e-07,153.3,ASK
153,1712366551.7387586,1965425.57326318,152.3,-4.9103082515877606e-17,153.3,ASK
154,1712366580.4608958,1965425.57326318,152.3,-0.0,153.3,ASK
155,1712366608.8191438,1971418.00341482,152.4,1.7304209350032444e-06,153.3,BID
156,1712366608.8203995,1973376.41618718,152.4,5.655265685061148e-07,153.3,BID
157,1712366608.8387015,1973376.41618789,152.4,2.0506368537895384e-16,153.3,BID
158,1712366610.4802198,1973376.41618789,152.4,0.0,153.3,BID
159,1712366640.333148,1973376.41618789,152.4,0.0,153.3,BID
160,1712366670.3341966,1973376.41618789,152.4,0.0,153.3,BID
161,1712366683.339033,1979982.87379789,152.4,1.9070650131718216e-06,153.3,BID
162,1712366683.3989289,1979982.87379816,152.4,7.796415459443594e-17,153.3,BID
163,1712366700.4813783,1979982.87379816,152.4,0.0,153.3,BID
164,1712366724.1889,1980552.01079816,152.4,-1.6522400214882433e-07,153.3,ASK
165,1712366724.971204,1982280.92186921,152.4,-5.019136104634784e-07,153.3,ASK
166,1712366725.068812,1986544.55358818,152.4,-1.23775874050901e-06,153.3,ASK
167,1712366730.4888098,1986544.55358818,152.4,-0.0,153.3,ASK
168,1712366760.3193803,1986544.55358818,152.4,-0.0,153.3,ASK
169,1712366790.315065,1986544.55358818,152.4,-0.0,153.3,ASK
170,1712366795.869138,1986872.49358818,152.4,-9.517538660534717e-08,153.3,ASK
171,1712366820.4912958,1986872.49358818,152.4,-0.0,153.3,ASK
172,1712366821.6907587,1987200.49459868,152.4,-9.519171246168869e-08,153.3,ASK
173,1712366821.6929634,1987200.63858818,152.4,-4.178830751898311e-11,153.3,ASK
174,1712366825.2127726,1987200.72156718,152.4,-2.408197795083953e-11,153.3,ASK
175,1712366831.389259,1987299.08222291,152.5,2.8546007353797505e-08,153.3,BID
176,1712366850.4891217,1987299.08222291,152.5,0.0,153.3,BID
177,1712366858.0296855,1987954.81992782,152.5,1.903031245855513e-07,153.3,BID
178,1712366880.3207204,1987954.81992782,152.5,0.0,153.3,BID
179,1712366910.3672538,1987954.81992782,152.5,0.0,153.3,BID
180,1712366940.3595762,1987954.81992782,152.5,0.0,153.3,BID
181,1712366970.4831853,1987954.81992782,152.5,0.0,153.3,BID
182,1712366978.3326735,1988606.15983163,152.4,1.8902134313609128e-07,153.3,BID
183,1712366980.919206,1989606.15983163,152.4,2.902038429250178e-07,153.3,BID
184,1712366994.40904,1989654.21323275,152.4,1.3945281670643397e-08,153.3,BID
185,1712367000.4006686,1989654.21323275,152.4,0.0,153.3,BID
186,1712367020.1889946,1994411.64123275,152.2,-1.382979060389069e-06,153.3,ASK
187,1712367023.9091706,1994536.62286004,152.3,3.633202088935795e-08,153.3,BID
188,1712367030.100614,1995416.47714158,152.2,-2.5577266698803826e-07,153.3,ASK
189,1712367030.2402773,2003367.32006558,152.2,-2.3113012485601383e-06,153.3,ASK
190,1712367030.359728,2003367.32006558,152.2,-0.0,153.3,ASK
191,1712367035.4199128,2004390.96181898,152.2,-2.9739108958350773e-07,153.3,ASK
192,1712367035.999156,2005800.96181898,152.2,-4.096369016992416e-07,153.3,ASK
193,1712367045.7190292,2009857.45881898,152.2,-1.1785041580370622e-06,153.3,ASK
194,1712367054.199016,2014614.66981898,152.2,-1.3820774289145444e-06,153.3,ASK
195,1712367060.2925715,2016933.6799913,152.2,-6.737249234029897e-07,153.3,ASK
196,1712367060.4840508,2016933.6799913,152.2,-0.0,153.3,ASK
197,1712367065.3752491,2021353.6799913,152.2,-1.2833401652173696e-06,153.3,ASK
198,1712367074.548991,2025424.4689913,152.2,-1.1819472913631643e-06,153.3,ASK
199,1712367076.499031,2025831.7199913,152.2,-1.182446981051698e-07,153.3,ASK
200,1712367077.968911,2045529.68453496,152.2,-5.719273545680188e-06,153.3,ASK
201,1712367078.1089065,2065227.64907862,152.2,-5.719273545680188e-06,153.3,ASK
202,1712367078.168896,2065883.81705762,152.2,-1.9051735804986026e-07,153.3,ASK
203,1712367078.1703532,2077917.41689305,152.2,-3.493937104289705e-06,153.3,ASK
204,1712367090.4811847,2077917.41689305,152.2,-0.0,153.3,ASK
205,1712367120.3189602,2077917.41689305,152.2,-0.0,153.3,ASK
206,1712367149.519024,2077972.41689305,152.2,1.5926244766431553e-08,153.3,BID
207,1712367149.599064,2084987.43526505,152.3,2.0313254478815563e-06,153.3,BID
208,1712367149.6190069,2084987.43526576,152.3,2.055645678736346e-16,153.3,BID
209,1712367150.3509536,2084987.43526576,152.3,0.0,153.3,BID
210,1712367180.4690428,2084987.43526576,152.3,0.0,153.3,BID
211,1712367190.2187788,2085131.20418076,152.5,4.161791338746426e-08,153.3,BID
212,1712367210.5086958,2085131.20418076,152.5,0.0,153.3,BID
213,1712367240.3590102,2085131.20418076,152.5,0.0,153.3,BID
214,1712367270.3288538,2085131.20418076,152.5,0.0,153.3,BID
215,1712367300.4794347,2085131.20418076,152.5,0.0,153.3,BID
216,1712367311.7690258,2085196.86406257,152.3,-1.909133101661343e-08,153.3,ASK
217,1712367330.4989526,2085196.86406257,152.3,-0.0,153.3,ASK
218,1712367360.3188746,2085196.86406257,152.3,-0.0,153.3,ASK
219,1712367390.3490045,2085196.86406257,152.3,-0.0,153.3,ASK
220,1712367420.460348,2085196.86406257,152.3,-0.0,153.3,ASK
221,1712367438.9610276,2085631.20418076,152.3,-1.262887874813823e-07,153.3,ASK
222,1712367438.9624937,2086609.38724918,152.3,-2.8441663220143535e-07,153.3,ASK
223,1712367439.0334723,2088021.91043579,152.3,-4.1070541968275e-07,153.3,ASK
224,1712367444.9388871,2090742.54289979,152.3,-7.910514379671381e-07,153.3,ASK
225,1712367444.9992018,2097308.53108101,152.3,-1.9091275507287247e-06,153.3,ASK
226,1712367445.0019336,2123660.61363886,152.3,-7.662134844251363e-06,153.3,ASK
227,1712367445.0046911,2123710.61363886,152.3,-1.4538006298801762e-08,153.3,ASK
228,1712367445.1188445,2124210.61363886,152.2,-1.4538006298801762e-07,153.3,ASK
229,1712367445.3017418,2125419.91517217,152.3,3.516166661681534e-07,153.3,BID
230,1712367448.328884,2127386.75840846,152.3,5.718795871587695e-07,153.3,BID
231,1712367450.4830792,2127386.75840846,152.3,0.0,153.3,BID
232,1712367480.341206,2127386.75840846,152.3,0.0,153.3,BID
233,1712367510.3380678,2127386.75840846,152.3,0.0,153.3,BID
234,1712367540.494185,2127386.75840846,152.3,0.0,153.3,BID
235,1712367570.468807,2127386.75840846,152.3,0.0,153.3,BID
236,1712367600.3918169,2127386.75840846,152.3,0.0,153.3,BID
237,1712367630.3392038,2127386.75840846,152.3,0.0,153.3,BID
238,1712367660.4788852,2127386.75840846,152.3,0.0,153.3,BID
239,1712367690.4790003,2127386.75840846,152.3,0.0,153.3,BID
240,1712367693.7191298,2136746.79780438,152.3,2.7398714837521625e-06,153.3,BID
241,1712367720.318846,2136746.79780438,152.3,0.0,153.3,BID
242,1712367750.2805016,2136796.79780438,152.3,1.4629899216042396e-08,153.3,BID
243,1712367750.329017,2136796.79780438,152.3,0.0,153.3,BID
244,1712367765.3521686,2138114.28833061,152.2,-3.85494213404104e-07,153.3,ASK
245,1712367773.682276,2138944.30333061,152.2,-2.428601748311788e-07,153.3,ASK
246,1712367775.2322018,2142185.53733061,152.2,-9.4837642200283e-07,153.3,ASK
247,1712367777.6789165,2146054.07133061,152.2,-1.1319227286015412e-06,153.3,ASK
248,1712367780.3789415,2146054.07133061,152.2,-0.0,153.3,ASK
249,1712367780.80873,2146796.79780438,152.2,-2.1723023021128105e-07,153.3,ASK
250,1712367780.8101237,2148591.09474363,152.2,-5.247901494643418e-07,153.3,ASK
251,1712367781.9388723,2156796.79780363,152.2,-2.399977417961433e-06,153.3,ASK
252,1712367781.963553,2156796.79780438,152.2,-2.192741159307085e-16,153.3,ASK
253,1712367783.238871,2167925.79780438,152.1,-3.254973826032175e-06,153.3,ASK
254,1712367784.3289034,2186282.75546141,152.1,-5.368983439591572e-06,153.3,ASK
255,1712367785.849039,2240881.06802134,152.1,-1.5968737382342964e-05,153.3,ASK
256,1712367785.852153,2241381.06802134,152.1,-1.4623837838225245e-07,153.3,ASK
257,1712367786.168973,2241416.06802134,152.1,1.023668648675767e-08,153.3,BID
258,1712367790.5886836,2242216.31658126,152.0,-2.340541034109015e-07,153.3,ASK
259,1712367810.348865,2242216.31658126,152.0,-0.0,153.3,ASK
260,1712367826.7791169,2246511.89882542,152.0,-1.2510059881795478e-06,153.3,ASK
261,1712367826.7823586,2249536.02948795,152.0,-8.807200870162303e-07,153.3,ASK
262,1712367826.7854152,2250735.78092803,152.0,-3.494046093304425e-07,153.3,ASK
263,1712367840.3612351,2250735.78092803,152.0,-0.0,153.3,ASK
264,1712367870.3401997,2250735.78092803,152.0,-0.0,153.3,ASK
265,1712367900.3508415,2250735.78092803,152.0,-0.0,153.3,ASK
266,1712367930.3322148,2250735.78092803,152.0,-0.0,153.3,ASK
267,1712367956.6188624,2250837.06419548,151.8,-2.9562326206318613e-08,153.3,ASK
268,1712367960.475788,2250837.06419548,151.8,-0.0,153.3,ASK
269,1712367981.6389596,2251837.06419548,151.7,-2.9187638085181814e-07,153.3,ASK
270,1712367981.6487548,2257429.02200695,151.7,-1.6321604078878232e-06,153.3,ASK
271,1712367990.1863985,2267429.02200695,151.6,-2.9187638085181816e-06,153.3,ASK
272,1712367990.189584,2296389.02200695,151.6,-8.452739989468654e-06,153.3,ASK
273,1712367990.1914291,2332297.1206096,151.5,-1.0480725863411776e-05,153.3,ASK
274,1712367990.1927788,2333617.2526228,151.5,-3.853153542593971e-07,153.3,ASK
275,1712367990.4798107,2333617.2526228,151.5,-0.0,153.3,ASK
276,1712368003.209051,2333653.71736515,151.8,1.0604363828471984e-08,153.3,BID
277,1712368003.2122116,2334446.73022148,151.8,2.306172019119945e-07,153.3,BID
278,1712368020.3318515,2334446.73022148,151.8,0.0,153.3,BID
279,1712368050.3113155,2334446.73022148,151.8,0.0,153.3,BID
280,1712368080.488799,2334446.73022148,151.8,0.0,153.3,BID
281,1712368110.4689677,2334446.73022148,151.8,0.0,153.3,BID
282,1712368140.3543923,2334446.73022148,151.8,0.0,153.3,BID
283,1712368170.3453124,2334446.73022148,151.8,0.0,153.3,BID
284,1712368187.1489909,2334593.38022148,151.8,-4.264593446838549e-08,153.3,ASK
285,1712368187.1522903,2334633.38022148,151.8,-1.1632031222205953e-08,153.3,ASK
286,1712368200.3987668,2334633.38022148,151.8,-0.0,153.3,ASK
287,1712368230.3388047,2334633.38022148,151.8,-0.0,153.3,ASK
288,1712368230.7188008,2353733.38022148,151.9,-5.564835459022997e-06,153.3,ASK
289,1712368234.0290768,2354869.2379784,151.9,3.3093515822594893e-07,153.3,BID
290,1712368260.4714885,2354869.2379784,151.9,0.0,153.3,BID
291,1712368279.739021,2373680.7139944,151.9,-5.475869223230812e-06,153.3,ASK
292,1712368289.4088285,2375680.7139944,151.8,-5.821838986556255e-07,153.3,ASK
293,1712368289.4117548,2380460.58197895,151.7,-1.3913810891522845e-06,153.3,ASK
294,1712368290.486738,2380460.58197895,151.7,-0.0,153.3,ASK
295,1712368320.334103,2380460.58197895,151.7,-0.0,153.3,ASK
296,1712368344.9910326,2383486.60359613,151.7,-8.798552103890692e-07,153.3,ASK
297,1712368350.3593798,2383486.60359613,151.7,-0.0,153.3,ASK
298,1712368380.4903002,2383486.60359613,151.7,-0.0,153.3,ASK
299,1712368409.798742,2384076.59778982,151.7,-1.7152560447099377e-07,153.3,ASK
300,1712368410.478819,2384076.59778982,151.7,-0.0,153.3,ASK
301,1712368440.3071425,2384076.59778982,151.7,-0.0,153.3,ASK
302,1712368470.3596523,2384076.59778982,151.7,-0.0,153.3,ASK
303,1712368491.2786984,2384274.35652416,151.7,-5.749175873575716e-08,153.3,ASK
304,1712368500.3516045,2384274.35652416,151.7,-0.0,153.3,ASK
305,1712368530.348848,2384274.35652416,151.7,-0.0,153.3,ASK
306,1712368555.9288142,2385671.55006404,151.7,4.07550079006546e-07,153.3,BID
307,1712368560.4787085,2385671.55006404,151.7,0.0,153.3,BID
308,1712368562.1688845,2388236.55006404,151.7,7.48143543967815e-07,153.3,BID
309,1712368562.658735,2391442.41106404,151.7,9.350659688141242e-07,153.3,BID
310,1712368590.4709463,2391442.41106404,151.7,0.0,153.3,BID
311,1712368620.327615,2391442.41106404,151.7,0.0,153.3,BID
312,1712368627.0484717,2394185.35507731,151.7,7.998409339485804e-07,153.3,BID
313,1712368650.3564937,2394185.35507731,151.7,0.0,153.3,BID
314,1712368680.4685376,2394185.35507731,151.7,0.0,153.3,BID
315,1712368710.4610562,2394185.35507731,151.7,0.0,153.3,BID
316,1712368740.3315628,2394185.35507731,151.7,0.0,153.3,BID
317,1712368770.328825,2394185.35507731,151.7,0.0,153.3,BID
318,1712368800.4405277,2394185.35507731,151.7,0.0,153.3,BID
319,1712368830.3115566,2394185.35507731,151.7,0.0,153.3,BID
320,1712368838.1296978,2397185.35507731,151.7,8.779724676834498e-07,153.3,BID
321,1712368860.4900365,2397185.35507731,151.7,0.0,153.3,BID
322,1712368875.34595,2402779.43620731,151.7,1.6369317176878512e-06,153.3,BID
323,1712368876.1408565,2407607.4012483,151.7,1.4127519647690814e-06,153.3,BID
324,1712368876.1443095,2413083.00455698,151.7,1.602262913454583e-06,153.3,BID
325,1712368876.1476889,2413149.73789031,151.7,1.952740895538968e-08,153.3,BID
326,1712368876.2630048,2413149.73789092,151.7,1.7850206035005712e-16,153.3,BID
327,1712368890.5006452,2413149.73789092,151.7,0.0,153.3,BID
328,1712368908.7710118,2413654.58673232,151.7,-1.476235034317183e-07,153.3,ASK
329,1712368919.9244752,2414691.24943174,151.7,-3.0313188228978293e-07,153.3,ASK
330,1712368920.3382535,2414691.24943174,151.7,-0.0,153.3,ASK
331,1712368923.4619346,2416895.47876873,151.7,-6.444974841637085e-07,153.3,ASK
332,1712368923.5211508,2417862.23613485,151.7,-2.826714443025367e-07,153.3,ASK
333,1712368925.711215,2420485.23613485,151.7,-7.669423832593893e-07,153.3,ASK
334,1712368930.6354663,2421147.58692385,151.7,-1.936656090999827e-07,153.3,ASK
335,1712368930.667077,2439517.5691368,151.7,-5.37122300374856e-06,153.3,ASK
336,1712368937.1716394,2442012.32061462,151.6,7.294436309719443e-07,153.3,BID
337,1712368950.3313117,2442012.32061462,151.6,0.0,153.3,BID
338,1712368966.6000948,2443672.49654858,151.5,-4.848334930918776e-07,153.3,ASK
339,1712368980.47216,2443672.49654858,151.5,-0.0,153.3,ASK
340,1712368992.992375,2444010.71949939,151.5,-9.876650262086245e-08,153.3,ASK
341,1712368999.432644,2448641.79586139,151.5,-1.3523482500206844e-06,153.3,ASK
342,1712369002.5526707,2448641.79586214,151.5,-2.1906463689742047e-16,153.3,ASK
343,1712369002.5564363,2451641.79586139,151.5,-8.760479059117882e-07,153.3,ASK
344,1712369002.6530902,2451641.79586214,151.5,-2.1906463689742047e-16,153.3,ASK
345,1712369010.4917052,2451641.79586214,151.5,-0.0,153.3,ASK
346,1712369040.3159602,2451641.79586214,151.5,-0.0,153.3,ASK
347,1712369070.3619766,2451641.79586214,151.5,-0.0,153.3,ASK
348,1712369073.873774,2451676.79586214,151.5,-1.0216956762039781e-08,153.3,ASK
349,1712369100.4739623,2451676.79586214,151.5,-0.0,153.3,ASK
350,1712369130.4842718,2451676.79586214,151.5,-0.0,153.3,ASK
351,1712369160.3664794,2451676.79586214,151.5,-0.0,153.3,ASK
352,1712369185.8319411,2467528.84341814,151.4,4.671270172386395e-06,153.3,BID
353,1712369185.9048874,2469319.66632714,151.4,5.277184293880748e-07,153.3,BID
354,1712369185.9249198,2481575.79238242,151.4,3.6116265655138686e-06,153.3,BID
355,1712369185.928442,2488975.79238242,151.4,2.180626770992491e-06,153.3,BID
356,1712369190.4609313,2488975.79238242,151.4,0.0,153.3,BID
357,1712369191.186242,2490142.13107958,151.4,-3.431248779196155e-07,153.3,ASK
358,1712369203.8352246,2491606.35413074,151.4,4.307593985345257e-07,153.3,BID
359,1712369220.48523,2491606.35413074,151.4,0.0,153.3,BID
360,1712369232.5853603,2491706.35413074,151.4,-2.9415527485120586e-08,153.3,ASK
361,1712369247.4257307,2494015.96113206,151.4,6.793830822715518e-07,153.3,BID
362,1712369250.491502,2494015.96113206,151.4,0.0,153.3,BID
363,1712369280.3650944,2494015.96113206,151.4,0.0,153.3,BID
364,1712369310.3333168,2494015.96113206,151.4,0.0,153.3,BID
365,1712369335.8663638,2494215.96113206,151.4,5.8824742363046384e-08,153.3,BID
366,1712369340.4969678,2494215.96113206,151.4,0.0,153.3,BID
367,1712369352.7565725,2509231.79461506,151.4,4.416473346616401e-06,153.3,BID
368,1712369356.5965872,2509892.79461506,151.4,1.944140420455797e-07,153.3,BID
369,1712369356.9772372,2512336.28431106,151.4,7.186818585416646e-07,153.3,BID
370,1712369356.9850965,2524037.68261112,151.4,3.4416280500755724e-06,153.3,BID
371,1712369357.0007572,2525953.73209335,151.4,5.635505667166313e-07,153.3,BID
372,1712369357.0024843,2536638.84787232,151.4,3.14271792483294e-06,153.3,BID
373,1712369370.509844,2536638.84787232,151.4,0.0,153.3,BID
374,1712369381.584484,2536691.47945126,152.0,1.545086943311927e-08,153.3,BID
375,1712369400.3868637,2536691.47945126,152.0,0.0,153.3,BID
376,1712369417.8170877,2536823.08247956,151.9,3.8820981369863314e-08,153.3,BID
377,1712369421.327171,2536921.7691155,151.9,2.911112384563157e-08,153.3,BID
378,1712369426.7770915,2537069.9691155,151.7,-4.37168468942725e-08,153.3,ASK
379,1712369429.4509249,2537069.96951101,151.7,-1.1666980585686066e-13,153.3,ASK
380,1712369430.3696434,2537069.96951101,151.7,-0.0,153.3,ASK
381,1712369432.0571735,2542432.49431101,151.7,1.5818400938354687e-06,153.3,BID
382,1712369460.4774222,2542432.49431101,151.7,0.0,153.3,BID
383,1712369469.4473948,2545728.47321674,151.7,9.720161616090064e-07,153.3,BID
384,1712369490.477596,2545728.47321674,151.7,0.0,153.3,BID
385,1712369497.758948,2546702.79378449,151.4,-2.8729422675582624e-07,153.3,ASK
386,1712369498.5379243,2547693.05162757,151.4,-2.9199359095289053e-07,153.3,ASK
387,1712369498.5418313,2561353.76724649,151.4,-4.02808363137857e-06,153.3,ASK
388,1712369498.5576384,2561353.76724674,151.4,-7.373428078173001e-17,153.3,ASK
389,1712369499.3778489,2561399.33600234,151.3,-1.3436686895156116e-08,153.3,ASK
390,1712369499.381719,2562122.03074602,151.3,-2.130982701571103e-07,153.3,ASK
391,1712369520.3819118,2562122.03074602,151.3,-0.0,153.3,ASK
392,1712369525.4380853,2567122.03074602,151.3,-1.473252948037657e-06,153.3,ASK
393,1712369525.4421978,2604164.29196802,151.3,-1.0914524109458564e-05,153.3,ASK
394,1712369525.464188,2608689.58253241,151.3,-1.3333795329428822e-06,153.3,ASK
395,1712369550.4635372,2608689.58253241,151.3,-0.0,153.3,ASK
396,1712369579.8303869,2610355.79039741,151.3,-4.89932025560427e-07,153.3,ASK
397,1712369580.4699538,2610355.79039741,151.3,-0.0,153.3,ASK
398,1712369583.6127334,2610355.79039757,151.3,-4.7098061698510283e-17,153.3,ASK
399,1712369595.2571795,2612136.22010567,151.2,-5.234790306863145e-07,153.3,ASK
400,1712369599.952516,2621348.05346624,151.2,-2.7084481777049795e-06,153.3,ASK
401,1712369600.148364,2629436.94924203,151.2,-2.378283905716233e-06,153.3,ASK
402,1712369600.4084096,2636404.46962873,151.2,-2.04857894794922e-06,153.3,ASK
403,1712369605.888579,2640563.62897801,151.2,-1.2228692291112868e-06,153.3,ASK
404,1712369610.4984288,2640563.62897801,151.2,-0.0,153.3,ASK
405,1712369637.4285495,2642643.20865265,151.2,-6.106146159839282e-07,153.3,ASK
406,1712369640.5238495,2642643.20865265,151.2,-0.0,153.3,ASK
407,1712369656.6771426,2643682.99848997,151.2,-3.052791231182427e-07,153.3,ASK
408,1712369670.3388257,2643682.99848997,151.2,-0.0,153.3,ASK
409,1712369700.3762565,2643682.99848997,151.2,-0.0,153.3,ASK
410,1712369720.6693273,2646692.09975611,151.2,-8.858408290313064e-07,153.3,ASK
411,1712369720.6725082,2653544.99336986,151.2,-2.0174040097542773e-06,153.3,ASK
412,1712369722.9992073,2653611.08722313,151.3,1.9457182924724323e-08,153.3,BID
413,1712369730.349506,2653611.08722313,151.3,0.0,153.3,BID
414,1712369746.1593106,2670062.91162676,151.2,-4.841066815958308e-06,153.3,ASK
415,1712369760.4894445,2670062.91162676,151.2,-0.0,153.3,ASK
416,1712369769.9444342,2670724.28728813,151.2,-1.944721636966816e-07,153.3,ASK
417,1712369776.0794482,2670757.26881847,151.6,9.697952225877298e-09,153.3,BID
418,1712369790.4794052,2670757.26881847,151.6,0.0,153.3,BID
419,1712369820.3668582,2670757.26881847,151.6,0.0,153.3,BID
420,1712369850.392286,2670757.26881847,151.6,0.0,153.3,BID
421,1712369860.2198627,2676589.58346226,151.6,-1.7148920001363895e-06,153.3,ASK
422,1712369880.4701762,2676589.58346226,151.6,-0.0,153.3,ASK
423,1712369910.5050592,2676589.58346226,151.6,-0.0,153.3,ASK
424,1712369940.3462658,2676589.58346226,151.6,-0.0,153.3,ASK
425,1712369970.356285,2676589.58346226,151.6,-0.0,153.3,ASK
426,1712370000.3701248,2676589.58346226,151.6,-0.0,153.3,ASK
427,1712370030.335739,2676589.58346226,151.6,-0.0,153.3,ASK
428,1712370060.5038126,2676589.58346226,151.6,-0.0,153.3,ASK
429,1712370090.5104976,2676589.58346226,151.6,-0.0,153.3,ASK
430,1712370120.3789146,2676589.58346226,151.6,-0.0,153.3,ASK
431,1712370150.3438275,2676589.58346226,151.6,-0.0,153.3,ASK
432,1712370180.3708625,2676589.58346226,151.6,-0.0,153.3,ASK
433,1712370210.3606343,2676589.58346226,151.6,-0.0,153.3,ASK
434,1712370240.5012405,2676589.58346226,151.6,-0.0,153.3,ASK
435,1712370270.491162,2676589.58346226,151.6,-0.0,153.3,ASK
436,1712370272.931421,2677708.41596226,151.3,-3.312760405729257e-07,153.3,ASK
437,1712370273.2312572,2678858.28866225,151.3,-3.4046675906854664e-07,153.3,ASK
438,1712370273.3311543,2679989.53976225,151.3,-3.349530741212457e-07,153.3,ASK
439,1712370273.4912002,2681135.74846224,151.3,-3.393818822772332e-07,153.3,ASK
440,1712370276.1012118,2682254.58096224,151.3,-3.312760405729257e-07,153.3,ASK
441,1712370276.2016215,2683404.45366223,151.3,-3.4046675906854664e-07,153.3,ASK
442,1712370276.3812923,2684535.70476223,151.3,-3.349530741212457e-07,153.3,ASK
443,1712370276.701118,2685681.91346222,151.3,-3.393818822772332e-07,153.3,ASK
444,1712370300.377623,2685681.91346222,151.3,-0.0,153.3,ASK
445,1712370330.3557224,2685681.91346222,151.3,-0.0,153.3,ASK
446,1712370360.483901,2685681.91346222,151.3,-0.0,153.3,ASK
447,1712370390.5082862,2685681.91346222,151.3,-0.0,153.3,ASK
448,1712370414.4118674,2692291.29878939,151.3,1.96333939337738e-06,153.3,BID
449,1712370420.3505285,2692291.29878939,151.3,0.0,153.3,BID
450,1712370450.3570073,2692291.29878939,151.3,0.0,153.3,BID
451,1712370480.4918497,2692291.29878939,151.3,0.0,153.3,BID
452,1712370510.4927473,2692291.29878939,151.3,0.0,153.3,BID
453,1712370540.3979714,2692291.29878939,151.3,0.0,153.3,BID
454,1712370563.482194,2702205.37678013,151.3,-2.9441345253319523e-06,153.3,ASK
455,1712370563.486613,2712119.45477087,151.3,-2.9441345253319523e-06,153.3,ASK
456,1712370563.5820832,2714168.36422224,151.3,6.084544685539075e-07,153.3,BID
457,1712370570.3518224,2714168.36422224,151.3,0.0,153.3,BID
458,1712370600.4605005,2714168.36422224,151.3,0.0,153.3,BID
459,1712370612.2168443,2714829.36422224,151.3,1.971887883170861e-07,153.3,BID
460,1712370630.4102118,2714829.36422224,151.3,0.0,153.3,BID
461,1712370656.0723655,2716334.4546481,151.3,4.489835145355886e-07,153.3,BID
462,1712370656.1323712,2718528.56265408,151.3,6.545243440990666e-07,153.3,BID
463,1712370656.143287,2719040.09101523,151.3,1.5259402187918692e-07,153.3,BID
464,1712370660.5446422,2719040.09101523,151.3,0.0,153.3,BID
465,1712370690.5190983,2719040.09101523,151.3,0.0,153.3,BID
466,1712370720.3642924,2719040.09101523,151.3,0.0,153.3,BID
467,1712370744.4826062,2727521.19354923,151.3,2.5295169081274967e-06,153.3,BID
468,1712370750.3725655,2727521.19354923,151.3,0.0,153.3,BID
469,1712370770.602806,2727521.19354949,151.3,7.746819315595061e-17,153.3,BID
470,1712370773.4227412,2728991.10498849,151.3,-4.382382321970376e-07,153.3,ASK
471,1712370780.4867835,2728991.10498849,151.3,-0.0,153.3,ASK
472,1712370797.782944,2737472.20752249,151.3,-2.528381546664439e-06,153.3,ASK
473,1712370797.7872567,2741026.15950642,151.3,-1.059502178859103e-06,153.3,ASK
474,1712370810.5028417,2741026.15950642,151.3,-0.0,153.3,ASK
475,1712370817.3128984,2796217.26851142,151.3,-1.6444615658698908e-05,153.3,ASK
476,1712370840.382808,2796217.26851142,151.3,-0.0,153.3,ASK
477,1712370849.435892,2796217.26851239,151.3,-2.88293465024957e-16,153.3,ASK
478,1712370870.393327,2796217.26851239,151.3,-0.0,153.3,ASK
479,1712370900.497836,2796217.26851239,151.3,-0.0,153.3,ASK
480,1712370901.8824673,2797377.01321739,151.2,-3.512781895212072e-07,153.3,ASK
481,1712370927.6677332,2797777.09888883,151.2,-1.2118302391106206e-07,153.3,ASK
482,1712370930.4920292,2797777.09888883,151.2,-0.0,153.3,ASK
483,1712370933.9073532,2808777.09888883,151.2,-3.331581557797315e-06,153.3,ASK
484,1712370941.5321815,2812172.85151617,151.2,-1.0284751661898371e-06,153.3,ASK
485,1712370941.545304,2816261.09888883,151.2,-1.2382117773151726e-06,153.3,ASK
486,1712370960.370215,2816261.09888883,151.2,-0.0,153.3,ASK
487,1712370976.3919146,2816409.52022712,151.2,-4.491450842166269e-08,153.3,ASK
488,1712370990.3555412,2816409.52022712,151.2,-0.0,153.3,ASK
489,1712371006.5317082,2817908.38258225,151.3,4.535750012197594e-07,153.3,BID
490,1712371006.5718293,2819017.22828535,151.3,3.355509526372306e-07,153.3,BID
491,1712371006.6517208,2819774.87833235,151.3,2.292746360704517e-07,153.3,BID
492,1712371006.951687,2822975.50840735,151.3,9.685517720845446e-07,153.3,BID
493,1712371020.5475698,2822975.50840735,151.3,0.0,153.3,BID
494,1712371023.9116492,2822975.50840737,151.3,6.057527685148778e-18,153.3,BID
495,1712371050.501479,2822975.50840737,151.3,0.0,153.3,BID
496,1712371072.0214577,2823009.50840735,151.3,-1.0285744555328182e-08,153.3,ASK
497,1712371080.3351154,2823009.50840735,151.3,-0.0,153.3,ASK
498,1712371110.3408582,2823009.50840735,151.3,-0.0,153.3,ASK
499,1712371140.55046,2823009.50840735,151.3,-0.0,153.3,ASK
500,1712371150.3118837,2826370.08689849,151.2,-1.016647004282284e-06,153.3,ASK
501,1712371150.316615,2826475.49629002,151.2,-3.188859965778656e-08,153.3,ASK
502,1712371150.3211532,2826541.67762688,151.1,-2.0021272538407386e-08,153.3,ASK
503,1712371150.324432,2995486.52398676,151.2,-5.1109436185927006e-05,153.3,ASK
504,1712371150.326496,2997784.78584193,151.1,-6.952734585058183e-07,153.3,ASK
505,1712371150.328595,3000161.87374473,151.2,-7.191200270038662e-07,153.3,ASK
506,1712371150.3306866,3000661.87374473,151.1,-1.5126071403520514e-07,153.3,ASK
507,1712371150.332788,3001750.06642087,151.2,-3.292016024016329e-07,153.3,ASK
508,1712371150.334892,3002025.4591361,151.0,-8.331219749160328e-08,153.3,ASK
509,1712371150.336997,3005025.4591361,150.9,-9.075642842112308e-07,153.3,ASK
510,1712371150.3394334,3042410.4591361,151.0,-1.1309763588412288e-05,153.3,ASK
511,1712371150.3415573,3131279.11647717,151.1,-2.6884673129520448e-05,153.3,ASK
512,1712371150.3436933,3132413.03700697,151.0,-3.430352579934527e-07,153.3,ASK
513,1712371150.3458169,3135734.8900844,151.1,-1.004931736824154e-06,153.3,ASK
514,1712371150.3479233,3135895.57133317,151.0,-4.8609520842066114e-08,153.3,ASK
515,1712371150.3500595,4553662.91339986,150.9,-0.0004289050009936,153.3,ASK
516,1712371150.3521743,4621221.03971516,151.0,-2.0437780850665544e-05,153.3,ASK
517,1712371150.3542893,4687010.30566535,150.9,-1.9902662686955468e-05,153.3,ASK
518,1712371170.4809408,4687010.30566535,150.9,-0.0,153.3,ASK
519,1712371200.4308796,4687010.30566535,150.9,-0.0,153.3,ASK
520,1712371230.3320482,4687010.30566535,150.9,-0.0,153.3,ASK
521,1712371234.8610008,4687671.30566535,151.3,1.8529780237196705e-07,153.3,BID
522,1712371238.221124,4689075.48279687,151.3,3.936322792915836e-07,153.3,BID
523,1712371260.50067,4689075.48279687,151.3,0.0,153.3,BID
524,1712371284.0373187,4689141.57665014,151.3,1.852643435765285e-08,153.3,BID
525,1712371290.5105646,4689141.57665014,151.3,0.0,153.3,BID
526,1712371320.333169,4689141.57665014,151.3,0.0,153.3,BID
527,1712371350.372823,4689141.57665014,151.3,0.0,153.3,BID
528,1712371354.220581,4689174.62357677,151.3,9.263191212206962e-09,153.3,BID
529,1712371380.4804142,4689174.62357677,151.3,0.0,153.3,BID
530,1712371410.500352,4689174.62357677,151.3,0.0,153.3,BID
531,1712371436.0903828,4689280.38035138,151.3,2.9644022973498362e-08,153.3,BID
532,1712371438.2803257,4689346.44117424,151.3,1.851709791357168e-08,153.3,BID
533,1712371440.3825395,4689346.44117424,151.3,0.0,153.3,BID
534,1712371465.9104648,4697476.30566537,151.3,2.27881508791228e-06,153.3,BID
535,1712371465.9150834,4708546.44117424,151.3,3.102978143161997e-06,153.3,BID
536,1712371466.2804754,4709207.44117424,151.3,1.8527944404896337e-07,153.3,BID
537,1712371470.3489144,4709207.44117424,151.3,0.0,153.3,BID
538,1712371471.8529336,4739907.44117424,151.3,8.598021038355348e-06,153.3,BID
539,1712371472.1762571,4771370.77682731,151.3,8.811805273027194e-06,153.3,BID
540,1712371472.1789975,4773476.57161203,151.3,5.897611681264499e-07,153.3,BID
541,1712371500.36596,4773476.57161203,151.3,0.0,153.3,BID
542,1712371521.0003486,4774136.63761863,151.5,1.846935385506872e-07,153.3,BID
543,1712371530.3435674,4774136.63761863,151.5,0.0,153.3,BID
544,1712371536.5104904,4774466.14520869,151.6,9.219717324752618e-08,153.3,BID
545,1712371536.515598,4774861.68406637,151.6,1.1067291221115881e-07,153.3,BID
546,1712371536.8703196,4775521.31467323,151.6,1.84566544670302e-07,153.3,BID
547,1712371560.3904898,4775521.31467323,151.6,0.0,153.3,BID
548,1712371590.3317587,4775521.31467323,151.6,0.0,153.3,BID
549,1712371620.4819815,4775521.31467323,151.6,0.0,153.3,BID
550,1712371650.485109,4775521.31467323,151.6,0.0,153.3,BID
551,1712371680.3829916,4775521.31467323,151.6,0.0,153.3,BID
552,1712371710.3730133,4775521.31467323,151.6,0.0,153.3,BID
553,1712371740.5272026,4775521.31467323,151.6,0.0,153.3,BID
554,1712371751.48009,4776613.62131172,151.7,3.056125948959001e-07,153.3,BID
555,1712371753.5417738,4778331.6919329,151.7,4.806928771198373e-07,153.3,BID
556,1712371758.8401854,4779138.4301416,151.7,2.257144181630215e-07,153.3,BID
557,1712371762.0303423,4782006.8266882,151.7,8.025384822420267e-07,153.3,BID
558,1712371763.7600937,4785480.06121772,151.7,9.717639533120914e-07,153.3,BID
559,1712371765.8002188,4785546.19878467,151.7,1.850439495971344e-08,153.3,BID
560,1712371765.8100362,4792072.01902919,151.7,1.825836068805928e-06,153.3,BID
561,1712371770.316272,4795895.43040874,151.7,1.069738690477827e-06,153.3,BID
562,1712371770.3925707,4795895.43040874,151.7,0.0,153.3,BID
563,1712371800.4481137,4795895.43040874,151.7,0.0,153.3,BID
564,1712371830.3495593,4795895.43040874,151.7,0.0,153.3,BID
565,1712371844.994161,4797450.61740505,151.8,-4.3549436989012777e-07,153.3,ASK
566,1712371844.9971988,4804481.86740505,151.8,-1.9689399381266138e-06,153.3,ASK
567,1712371845.0100536,4813111.64342578,151.8,-2.416570405589688e-06,153.3,ASK
568,1712371845.070161,4824378.37835583,151.8,-3.1549901334842127e-06,153.3,ASK
569,1712371845.130214,4827579.00843083,151.8,-8.962628809723911e-07,153.3,ASK
570,1712371845.170123,4829614.82970783,151.8,-5.700849520601946e-07,153.3,ASK
571,1712371845.21155,4845895.43040874,151.8,-4.559007990999359e-06,153.3,ASK
572,1712371848.0297227,4848475.10401676,151.7,-7.223782960585464e-07,153.3,ASK
573,1712371848.0321283,4854722.45565632,151.7,-1.7494272214257015e-06,153.3,ASK
574,1712371848.1004105,4858734.73985977,151.7,-1.123547962494239e-06,153.3,ASK
575,1712371860.480065,4858734.73985977,151.7,-0.0,153.3,ASK
576,1712371882.800332,4858800.65943788,151.7,1.8410092537972373e-08,153.3,BID
577,1712371890.549618,4858800.65943788,151.7,0.0,153.3,BID
578,1712371912.6402147,4860820.05873688,151.8,5.639784901958668e-07,153.3,BID
579,1712371920.3879063,4860820.05873688,151.8,0.0,153.3,BID
580,1712371950.4084897,4860820.05873688,151.8,0.0,153.3,BID
581,1712371950.4475584,4870820.05873688,151.7,-2.792564161622461e-06,153.3,ASK
582,1712371960.7275271,4870820.05873697,151.8,2.4967469229899e-17,153.3,BID
583,1712371978.5702574,4880820.05873697,151.8,-2.792564161622461e-06,153.3,ASK
584,1712371980.500024,4880820.05873697,151.8,-0.0,153.3,ASK
585,1712371992.4112265,4890820.05873697,151.7,-2.790199347074872e-06,153.3,ASK
586,1712372006.0162654,4900820.05873697,151.7,-2.790199347074872e-06,153.3,ASK
587,1712372010.484284,4900820.05873697,151.7,-0.0,153.3,ASK
588,1712372037.02034,4910820.05873697,151.7,-2.7878393115136e-06,153.3,ASK
589,1712372040.3713274,4910820.05873697,151.7,-0.0,153.3,ASK
590,1712372070.3374624,4910820.05873697,151.7,-0.0,153.3,ASK
591,1712372076.0402749,4934152.96051284,151.7,-6.502088250139827e-06,153.3,ASK
592,1712372076.0457008,4943888.84180575,151.7,-2.7130598657406214e-06,153.3,ASK
593,1712372081.6602914,4960877.40708033,151.6,-4.734136873314877e-06,153.3,ASK
594,1712372100.4799736,4960877.40708033,151.6,-0.0,153.3,ASK
595,1712372130.480116,4960877.40708033,151.6,-0.0,153.3,ASK
596,1712372147.0399656,4960943.54464728,151.9,1.8427892995676264e-08,153.3,BID
597,1712372147.042474,4960978.50164728,151.9,9.740059774582168e-09,153.3,BID
598,1712372147.049875,4961206.57100396,151.9,6.354690525089606e-08,153.3,BID
599,1712372160.36186,4961206.57100396,151.9,0.0,153.3,BID
600,1712372183.5000267,4961506.57100396,151.5,-8.358775709961778e-08,153.3,ASK
601,1712372190.3847227,4961506.57100396,151.5,-0.0,153.3,ASK
602,1712372220.5030649,4961506.57100396,151.5,-0.0,153.3,ASK
603,1712372250.5146863,4961506.57100396,151.5,-0.0,153.3,ASK
604,1712372280.3639965,4961506.57100396,151.5,-0.0,153.3,ASK
605,1712372288.9802408,4962440.43343701,152.0,2.6019492573722055e-07,153.3,BID
606,1712372288.9856503,4962506.57100396,152.0,1.84274029150526e-08,153.3,BID
607,1712372310.367082,4962506.57100396,152.0,0.0,153.3,BID
608,1712372335.610241,4963506.57100396,151.9,-2.786105293308738e-07,153.3,ASK
609,1712372340.433523,4963506.57100396,151.9,-0.0,153.3,ASK
610,1712372370.35833,4963506.57100396,151.9,-0.0,153.3,ASK
611,1712372400.460198,4963506.57100396,151.9,-0.0,153.3,ASK
612,1712372430.5201428,4963506.57100396,151.9,-0.0,153.3,ASK
613,1712372432.2703843,4968371.35600196,151.9,1.3598272643021717e-06,153.3,BID
614,1712372432.3846457,4968371.35600276,151.9,2.2362141295157033e-16,153.3,BID
615,1712372449.8202002,4968437.14547644,152.0,1.8389778798185963e-08,153.3,BID
616,1712372460.5001245,4968437.14547644,152.0,0.0,153.3,BID
617,1712372490.4900937,4968437.14547644,152.0,0.0,153.3,BID
618,1712372520.4342246,4968437.14547644,152.0,0.0,153.3,BID
619,1712372523.2802105,4968959.60597676,151.9,-1.460100144555479e-07,153.3,ASK
620,1712372533.4628956,4969618.36750476,151.8,-1.8410153526811602e-07,153.3,ASK
621,1712372533.467775,4970618.36750476,151.8,-2.794661306759103e-07,153.3,ASK
622,1712372550.3880806,4970618.36750476,151.8,-0.0,153.3,ASK
623,1712372580.4802444,4970618.36750476,151.8,-0.0,153.3,ASK
624,1712372610.5101852,4970618.36750476,151.8,-0.0,153.3,ASK
625,1712372640.4012034,4970618.36750476,151.8,-0.0,153.3,ASK
626,1712372670.456776,4970618.36750476,151.8,-0.0,153.3,ASK
627,1712372700.5003307,4970618.36750476,151.8,-0.0,153.3,ASK
628,1712372718.7802432,4970618.36750508,151.8,-8.9675237707055e-17,153.3,ASK
629,1712372718.784588,4970752.37956476,151.8,-3.7510931237669496e-08,153.3,ASK
630,1712372730.4745402,4970752.37956476,151.8,-0.0,153.3,ASK
631,1712372760.3866208,4970752.37956476,151.8,-0.0,153.3,ASK
632,1712372790.352212,4970752.37956476,151.8,-0.0,153.3,ASK
633,1712372803.3504202,4971857.37606476,152.0,3.092946396752887e-07,153.3,BID
634,1712372803.3532004,4971987.4865368,152.0,3.6418641658767253e-08,153.3,BID
635,1712372820.498353,4971987.4865368,152.0,0.0,153.3,BID
636,1712372841.1302104,4972187.4865368,152.2,5.5978166009616153e-08,153.3,BID
637,1712372850.500348,4972187.4865368,152.2,0.0,153.3,BID
638,1712372880.3488598,4972187.4865368,152.2,0.0,153.3,BID
639,1712372910.4080346,4972187.4865368,152.2,0.0,153.3,BID
640,1712372940.4788294,4972187.4865368,152.2,0.0,153.3,BID
641,1712372954.228654,4972253.18955913,152.1,1.8389516780211728e-08,153.3,BID
642,1712372970.4832053,4972253.18955913,152.1,0.0,153.3,BID
643,1712373000.3947349,4972253.18955913,152.1,0.0,153.3,BID
644,1712373001.747765,4973243.18955913,152.0,-2.776024062722459e-07,153.3,ASK
645,1712373028.417115,4973308.97903282,152.0,-1.8447794145206373e-08,153.3,ASK
646,1712373030.371603,4973308.97903282,152.0,-0.0,153.3,ASK
647,1712373060.4710476,4973308.97903282,152.0,-0.0,153.3,ASK
648,1712373090.48584,4973308.97903282,152.0,-0.0,153.3,ASK
649,1712373114.975483,4973967.74056114,152.1,-1.8471268337238028e-07,153.3,ASK
650,1712373120.3661652,4973967.74056114,152.1,-0.0,153.3,ASK
651,1712373123.6297598,4975379.20624614,152.1,-3.957551836435684e-07,153.3,ASK
652,1712373126.445649,4975379.20624662,152.1,-1.344818413508321e-16,153.3,ASK
653,1712373150.3701525,4975379.20624662,152.1,-0.0,153.3,ASK
654,1712373180.391971,4980379.20624662,152.0,-1.4018454966756891e-06,153.3,ASK
655,1712373180.4745457,4980379.20624662,152.0,-0.0,153.3,ASK
656,1712373187.214309,4981037.10098346,152.0,-1.844140597823447e-07,153.3,ASK
657,1712373193.9842782,4987089.30419315,152.1,1.6964892740849117e-06,153.3,BID
658,1712373193.988796,4994186.34490193,152.1,1.9893670161159742e-06,153.3,BID
659,1712373210.473956,4994186.34490193,152.1,0.0,153.3,BID
660,1712373240.3381453,4994186.34490193,152.1,0.0,153.3,BID
661,1712373270.3873534,4994186.34490193,152.1,0.0,153.3,BID
662,1712373300.3836117,4994186.34490193,152.1,0.0,153.3,BID
663,1712373308.762751,4994227.07530193,152.2,1.1440780437565573e-08,153.3,BID
664,1712373308.7725356,5000760.96686117,152.2,1.835307748778288e-06,153.3,BID
665,1712373329.9729764,5000852.95109245,152.0,-2.58374922361808e-08,153.3,ASK
666,1712373330.3349235,5000852.95109245,152.0,-0.0,153.3,ASK
667,1712373360.4666069,5000852.95109245,152.0,-0.0,153.3,ASK
668,1712373390.491711,5000852.95109245,152.0,-0.0,153.3,ASK
669,1712373420.3647766,5000852.95109245,152.0,-0.0,153.3,ASK
670,1712373439.1812367,5000918.58906879,152.2,1.8431827680561522e-08,153.3,BID
671,1712373450.520631,5000918.58906879,152.2,0.0,153.3,BID
672,1712373480.3729854,5000918.58906879,152.2,0.0,153.3,BID
673,1712373510.3601265,5000918.58906879,152.2,0.0,153.3,BID
674,1712373540.4910898,5000918.58906879,152.2,0.0,153.3,BID
675,1712373570.4597986,5000918.58906879,152.2,0.0,153.3,BID
676,1712373587.8799288,5006469.5785563,152.2,1.5587713145630767e-06,153.3,BID
677,1712373592.0454676,5008383.61766683,152.0,-5.374806180338282e-07,153.3,ASK
678,1712373600.3720264,5008383.61766683,152.0,-0.0,153.3,ASK
679,1712373611.7912834,5010596.0990066,152.0,-6.233335413567832e-07,153.3,ASK
680,1712373611.8856814,5013336.83596814,152.0,-7.721616654819273e-07,153.3,ASK
681,1712373611.8938076,5013816.59416585,152.0,-1.3516469992249305e-07,153.3,ASK
682,1712373630.3740263,5013816.59416585,152.0,-0.0,153.3,ASK
683,1712373648.3694727,5013894.02998497,152.0,-2.1811309761890163e-08,153.3,ASK
684,1712373660.4793615,5013894.02998497,152.0,-0.0,153.3,ASK
685,1712373690.4659176,5013894.02998497,152.0,-0.0,153.3,ASK
686,1712373720.4131942,5013894.02998497,152.0,-0.0,153.3,ASK
687,1712373730.739758,5019607.84581945,152.3,1.6094024100582162e-06,153.3,BID
688,1712373730.7452374,5020564.86537397,152.3,2.6956234189817066e-07,153.3,BID
689,1712373730.798761,5020564.86537472,152.3,2.111710695331845e-16,153.3,BID
690,1712373733.9088657,5038714.86537472,152.4,5.1122847828386975e-06,153.3,BID
691,1712373750.3532834,5038714.86537472,152.4,0.0,153.3,BID
692,1712373766.7086265,5041365.70307982,152.3,-7.458631483610468e-07,153.3,ASK
693,1712373777.7488291,5042967.53222109,152.3,-4.507048183846998e-07,153.3,ASK
694,1712373780.4585023,5042967.53222109,152.3,-0.0,153.3,ASK
695,1712373782.143041,5043033.10599158,152.5,1.8447054447069932e-08,153.3,BID
696,1712373810.4782443,5043033.10599158,152.5,0.0,153.3,BID
697,1712373826.0648625,5043360.97484404,152.5,9.223501276571149e-08,153.3,BID
698,1712373840.3523564,5043360.97484404,152.5,0.0,153.3,BID
699,1712373865.958073,5043949.85353256,152.5,1.6565913159127e-07,153.3,BID
700,1712373870.3450012,5043949.85353256,152.5,0.0,153.3,BID
701,1712373886.1178946,5050137.10789323,152.3,-1.740510076170782e-06,153.3,ASK
702,1712373900.3379447,5050794.10789323,152.3,1.8481786158866345e-07,153.3,BID
703,1712373900.4577377,5050794.10789323,152.3,0.0,153.3,BID
704,1712373904.357858,5051451.10789323,152.3,1.8489266549576578e-07,153.3,BID
705,1712373907.427811,5052108.10789323,152.3,1.8489266549576578e-07,153.3,BID
706,1712373912.099448,5067442.07694023,152.3,4.315279162449531e-06,153.3,BID
707,1712373914.1779037,5073128.07112023,152.3,1.6001501064436994e-06,153.3,BID
708,1712373930.477986,5073128.07112023,152.3,0.0,153.3,BID
709,1712373936.5080209,5073394.97226818,152.3,-7.503937898216703e-08,153.3,ASK
710,1712373960.407059,5073394.97226818,152.3,-0.0,153.3,ASK
711,1712373981.537949,5073428.3646199,152.3,-9.388167561285064e-09,153.3,ASK
712,1712373981.5427372,5074428.3646199,152.3,-2.811472411446964e-07,153.3,ASK
713,1712373981.5474343,5075415.1069677,152.3,-2.774198888046591e-07,153.3,ASK
714,1712373990.344105,5075415.1069677,152.3,-0.0,153.3,ASK
715,1712373997.8078237,5085080.35969918,152.3,2.7171241102955817e-06,153.3,BID
716,1712374020.4604776,5085080.35969918,152.3,0.0,153.3,BID
717,1712374026.4295757,5086080.35969918,152.2,-2.810066385208099e-07,153.3,ASK
718,1712374026.4358263,5086581.5341407,152.2,-1.4083334512385274e-07,153.3,ASK
719,1712374026.438759,5088166.37414436,152.1,-4.453505620220521e-07,153.3,ASK
720,1712374050.4774978,5088166.37414436,152.1,-0.0,153.3,ASK
721,1712374057.0776415,5088822.97296248,152.3,1.844842855356496e-07,153.3,BID
722,1712374080.3447666,5088822.97296248,152.3,0.0,153.3,BID
723,1712374110.3739986,5088822.97296248,152.3,0.0,153.3,BID
724,1712374122.8373218,5094756.24654184,152.3,1.6670224694669597e-06,153.3,BID
725,1712374122.842754,5095388.9611437,152.3,1.7776855288288798e-07,153.3,BID
726,1712374140.4871838,5095388.9611437,152.3,0.0,153.3,BID
727,1712374153.170417,5101954.94932492,152.3,-1.8442728523640635e-06,153.3,ASK
728,1712374170.4874463,5101954.94932492,152.3,-0.0,153.3,ASK
729,1712374200.396773,5101954.94932492,152.3,-0.0,153.3,ASK
730,1712374230.3559265,5101954.94932492,152.3,-0.0,153.3,ASK
731,1712374260.47629,5101954.94932492,152.3,-0.0,153.3,ASK
732,1712374290.4860446,5101954.94932492,152.3,-0.0,153.3,ASK
733,1712374320.4027383,5101954.94932492,152.3,-0.0,153.3,ASK
734,1712374334.3860044,5102611.54814304,152.2,-1.8446765334247442e-07,153.3,ASK
735,1712374334.3908637,5102677.20802485,152.2,-1.8446765333593323e-08,153.3,ASK
736,1712374350.3528025,5102677.20802485,152.2,-0.0,153.3,ASK
737,1712374353.359373,5102996.79553637,152.3,8.978349643698455e-08,153.3,BID
738,1712374353.365697,5103982.81541728,152.2,2.770080471652044e-07,153.3,BID
739,1712374353.3692544,5104032.74710553,152.3,1.4027586787636862e-08,153.3,BID
740,1712374380.4733465,5104032.74710553,152.3,0.0,153.3,BID
741,1712374410.525812,5104032.74710553,152.3,0.0,153.3,BID
742,1712374431.1956725,5104210.02878642,152.3,4.98018411883922e-08,153.3,BID
743,1712374440.360924,5104210.02878642,152.3,0.0,153.3,BID
744,1712374457.6059012,5145359.93345342,152.1,-1.1559713688950908e-05,153.3,ASK
745,1712374463.9959686,5145359.9334544,152.1,-2.752289505072372e-16,153.3,ASK
746,1712374464.0017045,5150774.99531193,152.0,-1.5211837108143565e-06,153.3,ASK
747,1712374464.006741,5214549.73951742,152.0,-1.7915418992276455e-05,153.3,ASK
748,1712374464.0957143,5214549.73951877,152.0,-3.7935549261929084e-16,153.3,ASK
749,1712374465.4355595,5214638.73951877,152.0,2.5001625803076947e-08,153.3,BID
750,1712374470.3647883,5214638.73951877,152.0,0.0,153.3,BID
751,1712374485.034455,5226295.28850977,152.0,3.2591529926066715e-06,153.3,BID
752,1712374485.0399065,5232849.73951877,152.0,1.832614321560204e-06,153.3,BID
753,1712374500.4707778,5232849.73951877,152.0,0.0,153.3,BID
754,1712374530.4908226,5232849.73951877,152.0,0.0,153.3,BID
755,1712374560.3727772,5232849.73951877,152.0,0.0,153.3,BID
756,1712374590.354493,5232849.73951877,152.0,0.0,153.3,BID
757,1712374620.4750557,5232849.73951877,152.0,0.0,153.3,BID
758,1712374623.03519,5233033.31517666,152.0,-5.1350588452055424e-08,153.3,ASK
759,1712374631.0051088,5236027.18094222,152.0,8.374572673459467e-07,153.3,BID
760,1712374650.5165634,5236027.18094222,152.0,0.0,153.3,BID
761,1712374680.3847997,5236027.18094222,152.0,0.0,153.3,BID
762,1712374710.3713193,5236027.18094222,152.0,0.0,153.3,BID
763,1712374740.405937,5236027.18094222,152.0,0.0,153.3,BID
764,1712374770.4066815,5236027.18094222,152.0,0.0,153.3,BID
765,1712374791.6601944,5260349.78376041,152.2,-6.802706136846589e-06,153.3,ASK
766,1712374800.3932178,5260349.78376041,152.2,-0.0,153.3,ASK
767,1712374830.364324,5260349.78376041,152.2,-0.0,153.3,ASK
768,1712374860.4647198,5260349.78376041,152.2,-0.0,153.3,ASK
769,1712374890.4802198,5260349.78376041,152.2,-0.0,153.3,ASK
770,1712374920.3245344,5260349.78376041,152.2,-0.0,153.3,ASK
771,1712374950.366589,5260349.78376041,152.2,-0.0,153.3,ASK
772,1712374980.4561355,5260349.78376041,152.2,-0.0,153.3,ASK
773,1712375010.4768517,5260349.78376041,152.2,-0.0,153.3,ASK
774,1712375040.3461163,5260349.78376041,152.2,-0.0,153.3,ASK
775,1712375043.9977207,5263306.41976571,152.2,-8.274556427468129e-07,153.3,ASK
776,1712375061.2485082,5276001.25089808,152.2,-3.552824776322548e-06,153.3,ASK
777,1712375061.4082727,5283058.57478416,152.2,-1.9750900894666625e-06,153.3,ASK
778,1712375067.848239,5284621.55063649,152.2,-4.374204961886667e-07,153.3,ASK
779,1712375067.8532908,5284687.18798816,152.2,-1.836952432331489e-08,153.3,ASK
780,1712375070.3331714,5284687.18798816,152.2,-0.0,153.3,ASK
781,1712375100.3675928,5284687.18798816,152.2,-0.0,153.3,ASK
782,1712375130.3337677,5284687.18798816,152.2,-0.0,153.3,ASK
783,1712375160.455632,5284687.18798816,152.2,-0.0,153.3,ASK
784,1712375190.5207405,5284687.18798816,152.2,-0.0,153.3,ASK
785,1712375220.4621031,5284687.18798816,152.2,-0.0,153.3,ASK
786,1712375241.491721,5284717.8259645,152.0,-8.590315744339903e-09,153.3,ASK
787,1712375241.4995506,5284752.8259645,152.0,-9.813345624240332e-09,153.3,ASK
788,1712375250.3294635,5284752.8259645,152.0,-0.0,153.3,ASK
789,1712375280.4620187,5284752.8259645,152.0,-0.0,153.3,ASK
790,1712375282.542286,5284785.85106357,152.0,-9.259594424665581e-09,153.3,ASK
791,1712375296.9221537,5288552.32480024,152.0,-1.056045861936511e-06,153.3,ASK
792,1712375310.483105,5288552.32480024,152.0,-0.0,153.3,ASK
793,1712375321.322543,5289806.28939496,152.0,-3.515303221080297e-07,153.3,ASK
794,1712375340.37284,5289806.28939496,152.0,-0.0,153.3,ASK
795,1712375349.8930404,5289909.26422334,152.1,2.8865919062058722e-08,153.3,BID
796,1712375370.3547213,5289909.26422334,152.1,0.0,153.3,BID
797,1712375400.369311,5289909.26422334,152.1,0.0,153.3,BID
798,1712375430.367623,5289909.26422334,152.1,0.0,153.3,BID
799,1712375460.4740758,5289909.26422334,152.1,0.0,153.3,BID
800,1712375485.6540394,5289942.26422334,152.1,-9.449264851838325e-09,153.3,ASK
801,1712375490.4941187,5289942.26422334,152.1,-0.0,153.3,ASK
802,1712375511.1944177,5296173.21879871,152.1,-1.7841774376132696e-06,153.3,ASK
803,1712375520.364677,5296173.21879871,152.1,-0.0,153.3,ASK
804,1712375550.36857,5296173.21879871,152.1,-0.0,153.3,ASK
805,1712375580.5049543,5296173.21879871,152.1,-0.0,153.3,ASK
806,1712375610.4753354,5296173.21879871,152.1,-0.0,153.3,ASK
807,1712375640.3754878,5296173.21879871,152.1,-0.0,153.3,ASK
808,1712375670.3554091,5296173.21879871,152.1,-0.0,153.3,ASK
809,1712375700.3731625,5296173.21879871,152.1,-0.0,153.3,ASK
810,1712375730.3835678,5296173.21879871,152.1,-0.0,153.3,ASK
811,1712375760.499159,5296173.21879871,152.1,-0.0,153.3,ASK
812,1712375790.4766457,5296173.21879871,152.1,-0.0,153.3,ASK
813,1712375820.3447318,5296173.21879871,152.1,-0.0,153.3,ASK
814,1712375840.4970117,5296209.37921949,152.3,-1.0374862566859395e-08,153.3,ASK
815,1712375850.3957884,5296209.37921949,152.3,-0.0,153.3,ASK
816,1712375867.3079062,5298089.62781608,152.3,-5.394652367706604e-07,153.3,ASK
817,1712375877.8575835,5298863.63890241,152.3,-2.220728018131734e-07,153.3,ASK
818,1712375878.0845633,5299748.05243699,152.3,-2.537485509631797e-07,153.3,ASK
819,1712375878.0877206,5301984.05243699,152.3,-6.415344607127065e-07,153.3,ASK
820,1712375880.5270598,5301984.05243699,152.3,-0.0,153.3,ASK
821,1712375910.5074215,5301984.05243699,152.3,-0.0,153.3,ASK
822,1712375940.3501842,5301984.05243699,152.3,-0.0,153.3,ASK
823,1712375970.3432813,5301984.05243699,152.3,-0.0,153.3,ASK
824,1712375996.26812,5302049.66923489,152.4,1.8821474790014043e-08,153.3,BID
825,1712376000.4447222,5302049.66923489,152.4,0.0,153.3,BID
826,1712376024.2270937,5303369.66923489,152.4,3.8125069192214187e-07,153.3,BID
827,1712376030.4419873,5303369.66923489,152.4,0.0,153.3,BID
828,1712376060.4784226,5303369.66923489,152.4,0.0,153.3,BID
829,1712376065.2986426,5333398.03684333,152.4,8.672477870084159e-06,153.3,BID
830,1712376065.304178,5363544.82338389,152.4,8.706678382799468e-06,153.3,BID
831,1712376065.3784544,5363544.82338427,152.4,1.097417217486336e-16,153.3,BID
832,1712376066.118977,5363890.12725167,152.4,-9.972703769740057e-08,153.3,ASK
833,1712376087.773758,5366085.83393955,152.4,-6.341409532527757e-07,153.3,ASK
834,1712376090.49856,5366085.83393955,152.4,-0.0,153.3,ASK
835,1712376120.3324668,5366085.83393955,152.4,-0.0,153.3,ASK
836,1712376135.4688246,5376021.72135806,152.5,2.8616792384570093e-06,153.3,BID
837,1712376135.47873,5412595.13992428,152.5,1.0533673358192298e-05,153.3,BID
838,1712376135.5388055,5413607.119615,152.5,-2.9146478303256384e-07,153.3,ASK
839,1712376135.581197,5414613.79896006,152.5,-2.8993820684557093e-07,153.3,ASK
840,1712376136.5788295,5423531.8317467,152.5,-2.568522387428183e-06,153.3,ASK
841,1712376136.585734,5424557.07876187,152.5,-2.952859643051021e-07,153.3,ASK
842,1712376136.606288,5425619.94058664,152.5,-3.061195733382988e-07,153.3,ASK
843,1712376136.6094265,5429605.94058664,152.5,-1.1480256331447865e-06,153.3,ASK
844,1712376136.6186888,5436085.83393955,152.5,-1.866302977718565e-06,153.3,ASK
845,1712376136.6786828,5436846.69709717,152.3,-2.1913959063294602e-07,153.3,ASK
846,1712376150.3855426,5436846.69709717,152.3,-0.0,153.3,ASK
847,1712376154.1287858,5437780.49588921,152.4,-2.681142735948087e-07,153.3,ASK
848,1712376161.3789344,5439142.15574902,152.4,-3.909626434605034e-07,153.3,ASK
849,1712376161.4930282,5440518.6081428,152.4,-3.952099069327515e-07,153.3,ASK
850,1712376180.4822907,5440518.6081428,152.4,-0.0,153.3,ASK
851,1712376210.489035,5440518.6081428,152.4,-0.0,153.3,ASK
852,1712376212.7191844,5445055.48232366,152.6,1.302427593635651e-06,153.3,BID
853,1712376240.4258826,5445055.48232366,152.6,0.0,153.3,BID
854,1712376270.3800404,5445055.48232366,152.6,0.0,153.3,BID
855,1712376276.4609578,5445146.85452576,152.4,-2.622555196186445e-08,153.3,ASK
1056,1712376276.4692364,5445212.47132366,152.4,-1.883326332668857e-08,153.3,ASK
856,1712376276.4692364,5445212.47132366,152.4,-1.8833263326688572e-08,153.3,ASK
857,1712376281.8992422,5445281.32378267,152.5,1.9761959326597305e-08,153.3,BID
858,1712376300.486261,5445281.32378267,152.5,0.0,153.3,BID
859,1712376301.6393006,5445281.36256798,152.4,-1.117034909026702e-11,153.3,ASK
860,1712376316.6596684,5445478.34221341,152.3,-5.673105177578492e-08,153.3,ASK
861,1712376316.6652384,5448761.33630402,152.3,-9.45517529627619e-07,153.3,ASK
862,1712376316.6683762,5474736.95251698,152.3,-7.481097983843052e-06,153.3,ASK
863,1712376316.6793272,5474736.95251772,152.3,-2.132390517946956e-16,153.3,ASK
864,1712376330.489659,5474736.95251772,152.3,-0.0,153.3,ASK
865,1712376336.539697,5474936.95251772,152.3,5.752660264929421e-08,153.3,BID
866,1712376356.920163,5481526.82491521,152.3,1.8954648545997509e-06,153.3,BID
867,1712376356.923505,5481576.82491521,152.3,1.4381650662323551e-08,153.3,BID
868,1712376360.3584175,5481576.82491521,152.3,0.0,153.3,BID
869,1712376390.511972,5481576.82491521,152.3,0.0,153.3,BID
870,1712376420.4797966,5481576.82491521,152.3,0.0,153.3,BID
871,1712376450.4898984,5481576.82491521,152.3,0.0,153.3,BID
872,1712376480.3583105,5481576.82491521,152.3,0.0,153.3,BID
873,1712376502.079964,5481772.17903783,152.3,-5.6173463632501744e-08,153.3,ASK
874,1712376510.361261,5481772.17903783,152.3,-0.0,153.3,ASK
875,1712376520.979935,5481838.27289175,152.3,-1.9004917259152053e-08,153.3,ASK
876,1712376540.490515,5481838.27289175,152.3,-0.0,153.3,ASK
877,1712376570.4977813,5481838.27289175,152.3,-0.0,153.3,ASK
878,1712376600.406635,5481838.27289175,152.3,-0.0,153.3,ASK
879,1712376630.3606524,5481838.27289175,152.3,-0.0,153.3,ASK
880,1712376648.6905324,5482035.25253718,152.4,5.6962823346984974e-08,153.3,BID
881,1712376660.4908926,5482035.25253718,152.4,0.0,153.3,BID
882,1712376690.4803398,5482035.25253718,152.4,0.0,153.3,BID
883,1712376702.0205312,5482834.89837226,152.4,2.3124058793688605e-07,153.3,BID
884,1712376702.0277572,5483055.48141039,152.4,6.378792859083026e-08,153.3,BID
885,1712376702.1628227,5485620.48141039,152.4,-7.41743509485842e-07,153.3,ASK
886,1712376702.1684403,5488596.9323272,152.4,-8.607263738194825e-07,153.3,ASK
887,1712376702.1803029,5488662.63534953,152.2,-1.899991827170812e-08,153.3,ASK
888,1712376702.2438395,5489626.98220889,152.2,2.788686252722887e-07,153.3,BID
889,1712376705.0407572,5490011.33908921,152.2,1.1114784456287004e-07,153.3,BID
890,1712376720.43564,5490011.33908921,152.2,0.0,153.3,BID
891,1712376750.3583288,5490011.33908921,152.2,0.0,153.3,BID
892,1712376780.4906263,5490011.33908921,152.2,0.0,153.3,BID
893,1712376810.498994,5490011.33908921,152.2,0.0,153.3,BID
894,1712376818.1947155,5491537.73540025,152.2,-4.412463189380012e-07,153.3,ASK
895,1712376835.0811198,5491865.38939762,152.6,9.47172888057775e-08,153.3,BID
896,1712376840.364532,5491865.38939762,152.6,0.0,153.3,BID
897,1712376870.3730004,5491865.38939762,152.6,0.0,153.3,BID
898,1712376900.4672148,5491865.38939762,152.6,0.0,153.3,BID
899,1712376930.3565018,5491865.38939762,152.6,0.0,153.3,BID
900,1712376960.491715,5491865.38939762,152.6,0.0,153.3,BID
901,1712376989.400172,5491930.92019709,152.5,1.9070067541025546e-08,153.3,BID
902,1712376990.4801846,5491930.92019709,152.5,0.0,153.3,BID
903,1712377020.3381991,5491930.92019709,152.5,0.0,153.3,BID
904,1712377050.3668706,5491930.92019709,152.5,0.0,153.3,BID
905,1712377052.1760335,5492230.92019709,152.2,-8.730251531870759e-08,153.3,ASK
906,1712377071.768402,5495873.10153709,152.2,-1.0599053074294375e-06,153.3,ASK
907,1712377071.8880606,5495873.10153743,152.2,-9.892327739338163e-17,153.3,ASK
908,1712377080.4880035,5495873.10153743,152.2,-0.0,153.3,ASK
909,1712377094.460866,5496201.83263539,152.1,-9.564680530456577e-08,153.3,ASK
910,1712377094.4676514,5496255.10153743,152.1,-1.5498990919433673e-08,153.3,ASK
911,1712377110.4991336,5496255.10153743,152.1,-0.0,153.3,ASK
912,1712377140.3414288,5496255.10153743,152.1,-0.0,153.3,ASK
913,1712377170.3514967,5496255.10153743,152.1,-0.0,153.3,ASK
914,1712377200.4056127,5496255.10153743,152.1,-0.0,153.3,ASK
915,1712377220.578242,5498227.4881252,152.2,5.818990940686655e-07,153.3,BID
916,1712377230.358885,5498227.4881252,152.2,0.0,153.3,BID
917,1712377231.834683,5499541.54857198,152.2,3.876435141868272e-07,153.3,BID
918,1712377260.4795806,5499541.54857198,152.2,0.0,153.3,BID
919,1712377260.5584714,5499619.77210912,152.1,-2.307432506708708e-08,153.3,ASK
920,1712377260.5674758,5500277.66684596,152.0,-1.940653359932851e-07,153.3,ASK
921,1712377260.5707822,5501224.14341402,152.0,-2.791910056504316e-07,153.3,ASK
922,1712377290.4705992,5501224.14341402,152.0,-0.0,153.3,ASK
923,1712377303.284096,5501238.02641247,152.2,4.0948883764893255e-09,153.3,BID
924,1712377303.4349625,5504509.29453047,152.2,-9.648836193697653e-07,153.3,ASK
925,1712377303.4588945,5504509.29453097,152.2,-1.4751398939656366e-16,153.3,ASK
926,1712377305.1953242,5505340.1088965,152.1,2.450545608372656e-07,153.3,BID
927,1712377305.2024064,5506168.55262914,152.1,2.4435532593471984e-07,153.3,BID
928,1712377320.3807514,5506168.55262914,152.1,0.0,153.3,BID
929,1712377350.580804,5506168.55262914,152.1,0.0,153.3,BID
930,1712377356.6494074,5507043.06308724,152.0,-2.578858022961313e-07,153.3,ASK
931,1712377380.469273,5507043.06308724,152.0,-0.0,153.3,ASK
932,1712377410.4817884,5507043.06308724,152.0,-0.0,153.3,ASK
933,1712377410.4896042,5507814.61936863,152.1,-2.27516560400696e-07,153.3,ASK
934,1712377410.7496488,5513614.39937833,152.1,-1.7102394610920634e-06,153.3,ASK
935,1712377422.8934166,5513943.13047629,152.1,9.693624497461705e-08,153.3,BID
936,1712377423.1923366,5517230.4414559,152.1,9.693624497491911e-07,153.3,BID
937,1712377440.3714623,5517230.4414559,152.1,0.0,153.3,BID
938,1712377459.1517634,5517296.23092958,152.0,-1.9391143625040392e-08,153.3,ASK
939,1712377459.1653776,5540823.2251189,152.0,-6.9344729159969065e-06,153.3,ASK
1140,1712377459.2320142,5540889.01459221,152.0,-1.9391143516062692e-08,153.3,ASK
940,1712377459.2320142,5540889.01459221,152.0,-1.939114351606269e-08,153.3,ASK
941,1712377459.2400403,5542570.56032421,152.0,-4.956278410123813e-07,153.3,ASK
942,1712377470.3360105,5542570.56032421,152.0,-0.0,153.3,ASK
943,1712377500.4613202,5542570.56032421,152.0,-0.0,153.3,ASK
944,1712377530.452284,5542570.56032421,152.0,-0.0,153.3,ASK
945,1712377560.4805546,5542570.56032421,152.0,-0.0,153.3,ASK
946,1712377587.7089725,5542696.9860491,151.9,-3.7282249020732606e-08,153.3,ASK
947,1712377590.3180466,5542696.9860491,151.9,-0.0,153.3,ASK
948,1712377620.500076,5542696.9860491,151.9,-0.0,153.3,ASK
949,1712377650.4896972,5542696.9860491,151.9,-0.0,153.3,ASK
950,1712377680.355065,5542696.9860491,151.9,-0.0,153.3,ASK
951,1712377710.3907626,5542696.9860491,151.9,-0.0,153.3,ASK
952,1712377714.3602276,5543196.98604883,151.9,-1.4744640736034577e-07,153.3,ASK
953,1712377714.366609,5544716.3799421,151.9,-4.480583420977942e-07,153.3,ASK
954,1712377714.3708584,5545379.3799421,151.9,-1.955139362654287e-07,153.3,ASK
955,1712377716.7792118,5545379.37994237,151.9,-7.964569732099311e-17,153.3,ASK
956,1712377716.7864325,5551988.73151904,151.8,-1.949050290975692e-06,153.3,ASK
957,1712377716.9392462,5554819.74031081,151.8,8.348441515549919e-07,153.3,BID
958,1712377717.0597763,5558554.61050864,151.8,1.1013863858496602e-06,153.3,BID
959,1712377740.4120293,5558554.61050864,151.8,0.0,153.3,BID
960,1712377770.480956,5571795.20105275,151.8,-3.901784977660774e-06,153.3,ASK
961,1712377770.5417829,5571795.20105275,151.8,-0.0,153.3,ASK
962,1712377800.4130194,5571795.20105275,151.8,-0.0,153.3,ASK
963,1712377804.4585726,5573660.32002019,151.8,-5.517793835995154e-07,153.3,ASK
964,1712377804.4659617,5573738.72581675,151.8,-2.3195679659848465e-08,153.3,ASK
965,1712377830.3709474,5573738.72581675,151.8,-0.0,153.3,ASK
966,1712377855.6278932,5573738.72581729,151.8,-1.597898358274457e-16,153.3,ASK
967,1712377860.4701989,5573738.72581729,151.8,-0.0,153.3,ASK
968,1712377864.4879224,5574038.94467028,151.7,-8.880941069660057e-08,153.3,ASK
969,1712377864.492421,5574742.62931295,151.7,-2.0816087267432769e-07,153.3,ASK
970,1712377864.5501895,5575026.75004247,151.7,-8.404733514911154e-08,153.3,ASK
971,1712377890.4580286,5575026.75004247,151.7,-0.0,153.3,ASK
972,1712377920.3359065,5575026.75004247,151.7,-0.0,153.3,ASK
973,1712377950.3894296,5575026.75004247,151.7,-0.0,153.3,ASK
974,1712377980.4771788,5575026.75004247,151.7,-0.0,153.3,ASK
975,1712378010.4869275,5575026.75004247,151.7,-0.0,153.3,ASK
976,1712378040.3298788,5575026.75004247,151.7,-0.0,153.3,ASK
977,1712378070.3712232,5575026.75004247,151.7,-0.0,153.3,ASK
978,1712378100.4488976,5575026.75004247,151.7,-0.0,153.3,ASK
979,1712378130.4692662,5575026.75004247,151.7,-0.0,153.3,ASK
980,1712378160.3154578,5575026.75004247,151.7,-0.0,153.3,ASK
981,1712378190.3586087,5575026.75004247,151.7,-0.0,153.3,ASK
982,1712378220.3823028,5575026.75004247,151.7,-0.0,153.3,ASK
983,1712378250.3571284,5575026.75004247,151.7,-0.0,153.3,ASK
984,1712378280.4654748,5575026.75004247,151.7,-0.0,153.3,ASK
985,1712378310.4853306,5575026.75004247,151.7,-0.0,153.3,ASK
986,1712378327.0252378,5580434.08277518,151.8,-1.6068080806077998e-06,153.3,ASK
987,1712378327.0325832,5581618.70785394,151.8,-3.5201553947807055e-07,153.3,ASK
988,1712378340.3405092,5581618.70785394,151.8,-0.0,153.3,ASK
989,1712378370.3923614,5581618.70785394,151.8,-0.0,153.3,ASK
990,1712378400.3482213,5581618.70785394,151.8,-0.0,153.3,ASK
991,1712378430.3586397,5581618.70785394,151.8,-0.0,153.3,ASK
992,1712378460.4745033,5581618.70785394,151.8,-0.0,153.3,ASK
993,1712378490.4808404,5581618.70785394,151.8,-0.0,153.3,ASK
994,1712378520.3885686,5581618.70785394,151.8,-0.0,153.3,ASK
995,1712378550.3934984,5581618.70785394,151.8,-0.0,153.3,ASK
996,1712378580.4740336,5581618.70785394,151.8,-0.0,153.3,ASK
997,1712378610.4440634,5581618.70785394,151.8,-0.0,153.3,ASK
998,1712378621.0039468,5582275.30667206,151.8,-1.986154667774552e-07,153.3,ASK
999,1712378640.3558674,5582275.30667206,151.8,-0.0,153.3,ASK
1000,1712378670.3352635,5582275.30667206,151.8,-0.0,153.3,ASK
1201,1712378700.5283675,5582275.30667206,151.8,-0.0,153.3,ASK
1202,1712378703.8835108,5595345.91217417,151.8,-3.963712256930557e-06,153.3,ASK
1203,1712378730.3302894,5595345.91217417,151.8,-0.0,153.3,ASK
1204,1712378760.4535172,5595345.91217417,151.8,-0.0,153.3,ASK
1205,1712378790.4731898,5595345.91217417,151.8,-0.0,153.3,ASK
1206,1712378820.333018,5595345.91217417,151.8,-0.0,153.3,ASK
1207,1712378850.3649778,5595345.91217417,151.8,-0.0,153.3,ASK
1208,1712378875.4230556,5596005.10795531,151.7,-1.997834916846335e-07,153.3,ASK
1209,1712378875.4256496,5596068.65179182,151.7,-1.9258329462007922e-08,153.3,ASK
1210,1712378880.4528213,5596068.65179182,151.7,-0.0,153.3,ASK
1211,1712378910.5428889,5596068.65179182,151.7,-0.0,153.3,ASK
1212,1712378940.3595765,5596068.65179182,151.7,-0.0,153.3,ASK
1213,1712378970.3964398,5596068.65179182,151.7,-0.0,153.3,ASK
1214,1712378978.9626186,5606827.96560887,151.7,-3.2607336398319406e-06,153.3,ASK
1215,1712379000.3860426,5606827.96560887,151.7,-0.0,153.3,ASK
1216,1712379030.3419502,5606827.96560887,151.7,-0.0,153.3,ASK
1217,1712379060.4534454,5606827.96560887,151.7,-0.0,153.3,ASK
1218,1712379064.8438058,5607025.85478887,151.6,-6.009671903428004e-08,153.3,ASK
1219,1712379064.8458543,5608927.96560887,151.6,-5.776496699902554e-07,153.3,ASK
1220,1712379090.4643495,5608927.96560887,151.6,-0.0,153.3,ASK
1221,1712379117.3949983,5618036.20146069,151.7,2.7658014171847872e-06,153.3,BID
1222,1712379120.3701355,5618036.20146069,151.7,0.0,153.3,BID
1223,1712379150.341383,5618036.20146069,151.7,0.0,153.3,BID
1224,1712379180.456758,5618036.20146069,151.7,0.0,153.3,BID
1225,1712379210.4747784,5618036.20146069,151.7,0.0,153.3,BID
1226,1712379240.3460567,5618036.20146069,151.7,0.0,153.3,BID
1227,1712379270.3778665,5618036.20146069,151.7,0.0,153.3,BID
1228,1712379300.4591317,5618036.20146069,151.7,0.0,153.3,BID
1229,1712379330.4615836,5618036.20146069,151.7,0.0,153.3,BID
1230,1712379360.3365538,5618036.20146069,151.7,0.0,153.3,BID
1231,1712379390.3312228,5618036.20146069,151.7,0.0,153.3,BID
1232,1712379420.462037,5618036.20146069,151.7,0.0,153.3,BID
1233,1712379423.7816484,5619664.8659558,151.9,-4.955473108754773e-07,153.3,ASK
1234,1712379450.4817362,5619664.8659558,151.9,-0.0,153.3,ASK
1235,1712379480.3806567,5619664.8659558,151.9,-0.0,153.3,ASK
1236,1712379510.394329,5619664.8659558,151.9,-0.0,153.3,ASK
1237,1712379540.4931028,5619664.8659558,151.9,-0.0,153.3,ASK
1238,1712379570.473346,5619664.8659558,151.9,-0.0,153.3,ASK
1239,1712379600.435093,5619664.8659558,151.9,-0.0,153.3,ASK
1240,1712379630.347919,5619664.8659558,151.9,-0.0,153.3,ASK
1241,1712379660.474429,5619664.8659558,151.9,-0.0,153.3,ASK
1242,1712379690.514721,5619664.8659558,151.9,-0.0,153.3,ASK
1243,1712379720.3702953,5619664.8659558,151.9,-0.0,153.3,ASK
1244,1712379750.3969734,5619664.8659558,151.9,-0.0,153.3,ASK
1245,1712379780.4854517,5619664.8659558,151.9,-0.0,153.3,ASK
1246,1712379810.478816,5619664.8659558,151.9,-0.0,153.3,ASK
1247,1712379823.0560222,5619730.78553391,151.9,-2.0074702434992586e-08,153.3,ASK
1248,1712379823.058844,5620905.95952609,151.9,-3.578795386560524e-07,153.3,ASK
1249,1712379833.1661525,5620940.95952609,151.9,-1.0658663258640637e-08,153.3,ASK
1250,1712379833.1759503,5639819.05323102,151.9,-5.749006964740511e-06,153.3,ASK
1251,1712379836.3059788,5639912.66014711,151.9,2.8506417065093163e-08,153.3,BID
1252,1712379840.3510993,5639912.66014711,151.9,0.0,153.3,BID
1253,1712379846.9747734,5644652.62064767,151.9,1.4421247656352483e-06,153.3,BID
1254,1712379847.5573678,5682063.82702967,151.9,1.1382294689882338e-05,153.3,BID
1255,1712379847.5759442,5682063.82703045,151.9,2.3745004771078653e-16,153.3,BID
1256,1712379850.136388,5695221.7217673,152.0,4.003266664646623e-06,153.3,BID
1257,1712379869.8963394,5695521.7217673,152.1,9.127447995389029e-08,153.3,BID
1258,1712379870.3488224,5695521.7217673,152.1,0.0,153.3,BID
1259,1712379900.4806426,5695521.7217673,152.1,0.0,153.3,BID
1260,1712379905.056529,5695561.16949906,152.1,1.2004454270218317e-08,153.3,BID
1261,1712379930.564463,5695561.16949906,152.1,0.0,153.3,BID
1262,1712379960.3409183,5695561.16949906,152.1,0.0,153.3,BID
1263,1712379966.6668484,5695612.16949906,152.1,1.551993036382984e-08,153.3,BID
1264,1712379972.1271017,5698509.03274692,152.1,8.815512917711491e-07,153.3,BID
1265,1712379972.1301208,5742934.24965506,152.1,1.3519142604163845e-05,153.3,BID
1266,1712379972.146792,5743000.21271506,152.1,2.0073374466652428e-08,153.3,BID
1267,1712379972.1483188,5851246.1685262,152.1,3.2940582281472205e-05,153.3,BID
1268,1712379979.3169544,5851312.1315862,152.3,2.0073374466369016e-08,153.3,BID
1269,1712379979.3199687,5852312.1315862,152.3,3.043123600750949e-07,153.3,BID
1270,1712379990.3538003,5852312.1315862,152.3,0.0,153.3,BID
1271,1712380006.2771497,5852377.7483841,152.4,1.982416983654163e-08,153.3,BID
1272,1712380020.4198155,5852377.7483841,152.4,0.0,153.3,BID
1273,1712380050.3392167,5852377.7483841,152.4,0.0,153.3,BID
1274,1712380074.5175896,5852378.0946462,152.4,1.0461250996645226e-10,153.3,BID
1275,1712380074.5208662,5853690.0843421,152.4,3.9637758636268266e-07,153.3,BID
1276,1712380080.8643782,5853690.0843421,152.4,0.0,153.3,BID
1277,1712380110.4955,5853690.0843421,152.4,0.0,153.3,BID
1278,1712380140.3249092,5853690.0843421,152.4,0.0,153.3,BID
1279,1712380170.3787992,5853690.0843421,152.4,0.0,153.3,BID
1280,1712380200.3779647,5853690.0843421,152.4,0.0,153.3,BID
1281,1712380213.088002,5858286.27606896,152.3,-1.4113868117404602e-06,153.3,ASK
1282,1712380230.344086,5858286.27606896,152.3,-0.0,153.3,ASK
1283,1712380260.4827728,5858286.27606896,152.3,-0.0,153.3,ASK
1284,1712380262.9318893,5859286.27606896,152.6,3.070114514924102e-07,153.3,BID
1285,1712380262.959384,5865011.43249467,152.6,1.7576885842782755e-06,153.3,BID
1286,1712380290.468252,5865011.43249467,152.6,0.0,153.3,BID
1287,1712380320.3507154,5865011.43249467,152.6,0.0,153.3,BID
1288,1712380350.3748236,5865011.43249467,152.6,0.0,153.3,BID
1289,1712380380.756276,5865011.43249467,152.6,0.0,153.3,BID
1290,1712380410.493073,5865011.43249467,152.6,0.0,153.3,BID
1291,1712380440.363283,5865011.43249467,152.6,0.0,153.3,BID
1292,1712380470.3496137,5865011.43249467,152.6,0.0,153.3,BID
1293,1712380490.8489878,5868011.43249452,152.6,9.207442525697168e-07,153.3,BID
1294,1712380490.8523395,5868251.64352767,152.6,7.3724309395801e-08,153.3,BID
1295,1712380490.8587625,5868251.64352782,152.6,4.6019698391089075e-17,153.3,BID
1296,1712380490.9188635,5878187.53094633,152.7,3.049470411743484e-06,153.3,BID
1297,1712380490.9213972,5879766.06515482,152.7,4.844754333413711e-07,153.3,BID
1298,1712380491.0196447,5879766.06515491,152.7,2.772615368904125e-17,153.3,BID
1299,1712380492.177215,5881015.2981392,152.8,3.8340803015419554e-07,153.3,BID
1300,1712380500.418284,5881015.2981392,152.8,0.0,153.3,BID
1301,1712380504.3989575,5887532.49111339,152.8,2.021619628768665e-06,153.3,BID
1302,1712380530.5564744,5887532.49111339,152.8,0.0,153.3,BID
1303,1712380560.475273,5887532.49111339,152.8,0.0,153.3,BID
1304,1712380590.4787068,5887532.49111339,152.8,0.0,153.3,BID
1305,1712380620.3370724,5887532.49111339,152.8,0.0,153.3,BID
1306,1712380650.3619733,5887532.49111339,152.8,0.0,153.3,BID
1307,1712380680.479109,5887532.49111339,152.8,0.0,153.3,BID
1308,1712380710.4989598,5887532.49111339,152.8,0.0,153.3,BID
1309,1712380740.3413942,5887532.49111339,152.8,0.0,153.3,BID
1310,1712380765.039194,5888187.3699608,152.7,2.0307931676780026e-07,153.3,BID
1311,1712380770.372107,5888187.3699608,152.7,0.0,153.3,BID
1312,1712380788.3792286,5894912.52638651,152.4,-2.0854205734579945e-06,153.3,ASK
1313,1712380800.386036,5894912.52638651,152.4,-0.0,153.3,ASK
1314,1712380803.8635716,5894951.97411827,152.4,-1.2410835737658913e-08,153.3,ASK
1315,1712380830.3297515,5894951.97411827,152.4,-0.0,153.3,ASK
1316,1712380837.949725,5895051.97411827,152.7,3.1461409084585465e-08,153.3,BID
1317,1712380860.4895256,5895051.97411827,152.7,0.0,153.3,BID
1318,1712380890.4996347,5895051.97411827,152.7,0.0,153.3,BID
1319,1712380920.355536,5895051.97411827,152.7,0.0,153.3,BID
1320,1712380950.3582149,5895051.97411827,152.7,0.0,153.3,BID
1321,1712380980.4797273,5895051.97411827,152.7,0.0,153.3,BID
1322,1712381010.48309,5895051.97411827,152.7,0.0,153.3,BID
1323,1712381039.7698455,5895163.44952811,152.5,-3.5071566229237885e-08,153.3,ASK
1324,1712381040.3597116,5895163.44952811,152.5,-0.0,153.3,ASK
1325,1712381070.3407288,5895163.44952811,152.5,-0.0,153.3,ASK
1326,1712381099.827968,5901716.52947511,152.6,-2.061670358457728e-06,153.3,ASK
1327,1712381100.4820526,5901716.52947511,152.6,-0.0,153.3,ASK
1328,1712381130.492627,5901716.52947511,152.6,-0.0,153.3,ASK
1329,1712381160.3643296,5901716.52947511,152.6,-0.0,153.3,ASK
1330,1712381190.4113834,5901716.52947511,152.6,-0.0,153.3,ASK
1331,1712381220.394585,5901716.52947511,152.6,-0.0,153.3,ASK
1332,1712381243.0363815,5901766.52947511,152.8,1.592650163954824e-08,153.3,BID
1333,1712381250.3827932,5901766.52947511,152.8,0.0,153.3,BID
1334,1712381280.4793437,5901766.52947511,152.8,0.0,153.3,BID
1335,1712381310.4754496,5901766.52947511,152.8,0.0,153.3,BID
1336,1712381340.3804164,5901766.52947511,152.8,0.0,153.3,BID
1337,1712381370.393935,5901766.52947511,152.8,0.0,153.3,BID
1338,1712381381.115826,5911727.42331594,152.6,-3.1728361204300912e-06,153.3,ASK
1339,1712381381.1191568,5921753.42331651,152.6,-3.193574337158821e-06,153.3,ASK
1340,1712381400.399638,5921753.42331651,152.6,-0.0,153.3,ASK
1341,1712381430.338695,5921753.42331651,152.6,-0.0,153.3,ASK
1342,1712381455.3245862,5922133.42331651,152.8,1.2134760361190962e-07,153.3,BID
1343,1712381457.6433697,5944950.81603351,152.8,7.286410333893917e-06,153.3,BID
1344,1712381457.7076263,5947015.63321585,152.8,6.593700446677223e-07,153.3,BID
1345,1712381457.710848,5954848.10432538,152.8,2.501188419739409e-06,153.3,BID
1346,1712381457.7140234,5954978.99437751,152.8,4.179787937514346e-08,153.3,BID
1347,1712381457.7230237,5954978.99437774,152.8,7.345894570252043e-17,153.3,BID
1348,1712381460.4832408,5954978.99437774,152.8,0.0,153.3,BID
1349,1712381490.479019,5954978.99437774,152.8,0.0,153.3,BID
1350,1712381520.6699305,5954978.99437774,152.8,0.0,153.3,BID
1351,1712381550.3555193,5954978.99437774,152.8,0.0,153.3,BID
1352,1712381580.4854188,5954978.99437774,152.8,0.0,153.3,BID
1353,1712381605.5717354,5955828.50417781,152.8,-2.708397983682966e-07,153.3,ASK
1354,1712381605.5752845,5956291.94067408,152.8,-1.4775232398250037e-07,153.3,ASK
1355,1712381605.771696,5956946.39093546,152.8,-2.0865112659063098e-07,153.3,ASK
1356,1712381605.7754116,5960390.17957008,152.8,-1.097944978794366e-06,153.3,ASK
1357,1712381605.7915957,5960390.17957048,152.8,-1.276770013373449e-16,153.3,ASK
1358,1712381610.493313,5960390.17957048,152.8,-0.0,153.3,ASK
1359,1712381612.111733,5961500.52598264,152.8,3.539061529924608e-07,153.3,BID
1360,1712381640.338227,5961500.52598264,152.8,0.0,153.3,BID
1361,1712381670.385615,5961500.52598264,152.8,0.0,153.3,BID
1362,1712381688.89107,5962154.64901928,152.8,2.0848056690158688e-07,153.3,BID
1363,1712381700.4911504,5962154.64901928,152.8,0.0,153.3,BID
1364,1712381730.4843142,5962154.64901928,152.8,0.0,153.3,BID
1365,1712381760.3647797,5962154.64901928,152.8,0.0,153.3,BID
1366,1712381780.9998147,5962296.81401928,152.5,-4.53916327601514e-08,153.3,ASK
1367,1712381790.3780951,5962296.81401928,152.5,-0.0,153.3,ASK
1368,1712381800.509853,5963615.39601928,152.5,-4.210049984058979e-07,153.3,ASK
1369,1712381820.479621,5963615.39601928,152.5,-0.0,153.3,ASK
1370,1712381850.449361,5963615.39601928,152.5,-0.0,153.3,ASK
1371,1712381877.899292,5964322.86704428,152.5,-2.2587121325258425e-07,153.3,ASK
1372,1712381880.3696697,5964322.86704428,152.5,-0.0,153.3,ASK
1373,1712381880.4791665,5964676.60255678,152.5,-1.1293171665250557e-07,153.3,ASK
1374,1712381885.17914,5964853.47031303,152.6,5.646585832640145e-08,153.3,BID
1375,1712381900.3592305,5966171.75731303,152.6,-4.208692898787129e-07,153.3,ASK
1376,1712381903.5923405,5966732.29531203,152.6,-1.789543776047359e-07,153.3,ASK
1377,1712381905.9389858,5969369.19931203,152.6,-8.418439338010319e-07,153.3,ASK
1378,1712381910.380679,5969369.19931203,152.6,-0.0,153.3,ASK
1379,1712381912.9889925,5970687.15731203,152.6,-4.2066084098465593e-07,153.3,ASK
1380,1712381915.3789694,5971229.35231203,152.6,-1.730557458415701e-07,153.3,ASK
1381,1712381940.4788344,5971229.35231203,152.6,-0.0,153.3,ASK
1382,1712381970.4787817,5971229.35231203,152.6,-0.0,153.3,ASK
1383,1712382000.377104,5971229.35231203,152.6,-0.0,153.3,ASK
1384,1712382030.327579,5971229.35231203,152.6,-0.0,153.3,ASK
1385,1712382047.2034166,5971229.68250435,152.6,-1.0582219784086967e-10,153.3,ASK
1386,1712382047.4984276,5975264.59599535,152.6,1.2931355085794408e-06,153.3,BID
1387,1712382047.5183568,5977746.54528622,152.6,7.954313681511473e-07,153.3,BID
1388,1712382048.40849,5977811.94731634,152.7,2.0960471066056253e-08,153.3,BID
1389,1712382060.4810038,5977811.94731634,152.7,0.0,153.3,BID
1390,1712382090.4782972,5977811.94731634,152.7,0.0,153.3,BID
1391,1712382120.3928518,5977811.94731634,152.7,0.0,153.3,BID
1392,1712382150.3462782,5977811.94731634,152.7,0.0,153.3,BID
1393,1712382180.4877212,5977811.94731634,152.7,0.0,153.3,BID
1394,1712382184.715817,5983281.94731634,152.7,1.7524972491792794e-06,153.3,BID
1395,1712382199.0677958,5983381.94731634,152.7,3.2038340935635824e-08,153.3,BID
1396,1712382205.4583106,5986709.97160677,152.6,-1.0662437685885551e-06,153.3,ASK
1397,1712382210.477826,5986709.97160677,152.6,-0.0,153.3,ASK
1398,1712382211.2576363,5986775.45949151,152.7,2.0972104569887533e-08,153.3,BID
1399,1712382220.6811752,5992095.07208355,152.7,1.7035742106175335e-06,153.3,BID
1400,1712382240.335631,5992095.07208355,152.7,0.0,153.3,BID
1401,1712382261.9274542,5993324.24796555,152.7,-3.9353261419395843e-07,153.3,ASK
1402,1712382262.047683,5993324.24796564,152.7,-2.8922682134333574e-17,153.3,ASK
1403,1712382270.384122,5993324.24796564,152.7,-0.0,153.3,ASK
1404,1712382297.2972853,5993412.08878655,152.7,2.8121403313897348e-08,153.3,BID
1405,1712382300.3845236,5993412.08878655,152.7,0.0,153.3,BID
1406,1712382330.5883486,5993412.08878655,152.7,0.0,153.3,BID
1407,1712382360.4770544,5993412.08878655,152.7,0.0,153.3,BID
1408,1712382385.696848,5993893.25272097,152.5,-1.5441626054016102e-07,153.3,ASK
1409,1712382385.7077074,5994419.62454835,152.5,-1.689244837849767e-07,153.3,ASK
1410,1712382387.2669785,5995726.57764145,152.5,-4.194304578981686e-07,153.3,ASK
1411,1712382390.492852,5995726.57764145,152.5,-0.0,153.3,ASK
1412,1712382393.7970018,5996381.45648886,152.6,2.101414553657141e-07,153.3,BID
1413,1712382404.966822,5996381.45648897,152.5,-3.5264108587722177e-17,153.3,ASK
1414,1712382404.9712389,5997732.73893539,152.5,-4.336076222706837e-07,153.3,ASK
1415,1712382404.9755468,6009422.87104397,152.5,-3.7511997592077486e-06,153.3,ASK
1416,1712382420.3704758,6009422.87104397,152.5,-0.0,153.3,ASK
1417,1712382450.3804712,6009422.87104397,152.5,-0.0,153.3,ASK
1418,1712382456.9165409,6010476.02214397,152.4,-3.377150925632347e-07,153.3,ASK
1419,1712382480.476477,6010476.02214397,152.4,-0.0,153.3,ASK
1420,1712382498.2363694,6011794.50414397,152.4,-4.227772773805554e-07,153.3,ASK
1421,1712382504.2273557,6013144.50414397,152.4,-4.328836680848259e-07,153.3,ASK
1422,1712382510.4762826,6013144.50414397,152.4,-0.0,153.3,ASK
1423,1712382519.8564804,6016425.34403898,152.4,-1.0518791344252969e-06,153.3,ASK
1424,1712382519.8606553,6018055.96411697,152.4,-5.227976039981071e-07,153.3,ASK
1425,1712382519.8646574,6033834.33101697,152.4,-5.058745762833383e-06,153.3,ASK
1426,1712382519.8862476,6033834.33101772,152.4,-2.403680905135112e-16,153.3,ASK
1427,1712382540.3101623,6033834.33101772,152.4,-0.0,153.3,ASK
1428,1712382570.6099482,6033834.33101772,152.4,-0.0,153.3,ASK
1429,1712382600.591516,6033834.33101772,152.4,-0.0,153.3,ASK
1430,1712382630.3438904,6033834.33101772,152.4,-0.0,153.3,ASK
1431,1712382650.346784,6033934.33101772,152.4,3.214617046715509e-08,153.3,BID
1432,1712382660.4657595,6033934.33101772,152.4,0.0,153.3,BID
1433,1712382690.4792926,6033934.33101772,152.4,0.0,153.3,BID
1434,1712382719.1592643,6033972.48187693,152.4,1.2263980154361246e-08,153.3,BID
1435,1712382720.3390467,6033972.48187693,152.4,0.0,153.3,BID
1436,1712382735.415572,6035299.08937199,152.3,-4.264506205247895e-07,153.3,ASK
1437,1712382750.3484025,6035299.08937199,152.3,-0.0,153.3,ASK
1438,1712382780.5820794,6035299.08937199,152.3,-0.0,153.3,ASK
1439,1712382810.4656549,6035299.08937199,152.3,-0.0,153.3,ASK
1440,1712382815.4466786,6035331.90433261,152.4,1.0547996708929478e-08,153.3,BID
1441,1712382840.3791013,6035331.90433261,152.4,0.0,153.3,BID
1442,1712382870.3299897,6035331.90433261,152.4,0.0,153.3,BID
1443,1712382885.165204,6035377.12844262,152.4,1.4536753594230813e-08,153.3,BID
1444,1712382900.4551644,6035377.12844262,152.4,0.0,153.3,BID
1445,1712382915.5055466,6035415.22949653,152.6,1.2279057663546614e-08,153.3,BID
1446,1712382930.4651852,6035415.22949653,152.6,0.0,153.3,BID
1447,1712382934.2151475,6052102.28885102,152.4,-5.377829720690008e-06,153.3,ASK
1448,1712382934.2197144,6052368.00735495,152.4,-8.56345529439145e-08,153.3,ASK
1449,1712382934.223922,6072842.37496335,152.2,-6.598386228377745e-06,153.3,ASK
1450,1712382934.2270546,6073530.8522958,152.2,-2.218793486509196e-07,153.3,ASK
1451,1712382934.2288454,6094030.8522958,152.3,-6.606646919157959e-06,153.3,ASK
1452,1712382934.230725,6094326.49947057,152.2,-9.527982909034429e-08,153.3,ASK
1453,1712382934.2325635,6101619.95489218,152.3,-2.3505016971314306e-06,153.3,ASK
1454,1712382934.234429,6118769.95489218,152.2,-5.527024129929707e-06,153.3,ASK
1455,1712382934.2362962,6119098.25430124,152.3,-1.0580284289884669e-07,153.3,ASK
1456,1712382934.238191,6141619.04741879,152.2,-7.257898949612527e-06,153.3,ASK
1457,1712382960.3329308,6141619.04741879,152.2,-0.0,153.3,ASK
1458,1712382982.3653312,6141815.76873026,152.5,6.306977359039498e-08,153.3,BID
1459,1712382990.3357725,6141815.76873026,152.5,0.0,153.3,BID
1460,1712383012.9252193,6141848.5556155,152.5,1.0511527828490211e-08,153.3,BID
1461,1712383020.4704368,6141848.5556155,152.5,0.0,153.3,BID
1462,1712383022.7453775,6141881.34250074,152.5,1.0511510978752673e-08,153.3,BID
1463,1712383050.4750743,6141881.34250074,152.5,0.0,153.3,BID
1464,1712383080.3585997,6141881.34250074,152.5,0.0,153.3,BID
1465,1712383110.35697,6141881.34250074,152.5,0.0,153.3,BID
1466,1712383140.3480632,6141881.34250074,152.5,0.0,153.3,BID
1467,1712383152.195983,6141919.46844103,152.5,1.2223198226368746e-08,153.3,BID
1468,1712383170.3575745,6141919.46844103,152.5,0.0,153.3,BID
1469,1712383200.4371438,6141919.46844103,152.5,0.0,153.3,BID
1470,1712383230.3364103,6141919.46844103,152.5,0.0,153.3,BID
1471,1712383260.4884534,6141919.46844103,152.5,0.0,153.3,BID
1472,1712383290.475602,6141919.46844103,152.5,0.0,153.3,BID
1473,1712383320.312397,6141919.46844103,152.5,0.0,153.3,BID
1474,1712383341.1600926,6155034.22253939,152.5,4.214920085010092e-06,153.3,BID
1475,1712383350.3341663,6155034.22253939,152.5,0.0,153.3,BID
1476,1712383373.870587,6155753.85312308,152.5,2.311318209961989e-07,153.3,BID
1477,1712383380.4806457,6155753.85312308,152.5,0.0,153.3,BID
1478,1712383387.6508331,6155792.00398229,152.4,1.2252907204710288e-08,153.3,BID
1479,1712383410.4772146,6155792.00398229,152.4,0.0,153.3,BID
1480,1712383421.2315304,6156120.08797179,152.4,1.0537050161637565e-07,153.3,BID
1481,1712383440.395027,6156120.08797179,152.4,0.0,153.3,BID
1482,1712383470.3721068,6156120.08797179,152.4,0.0,153.3,BID
1483,1712383494.012606,6156185.49000191,152.1,-2.1004786203664976e-08,153.3,ASK
1484,1712383500.4825346,6156185.49000191,152.1,-0.0,153.3,ASK
1485,1712383530.4829135,6156185.49000191,152.1,-0.0,153.3,ASK
1486,1712383560.3365357,6156185.49000191,152.1,-0.0,153.3,ASK
1487,1712383574.3036876,6157559.63345667,152.1,-4.428152691511682e-07,153.3,ASK
1488,1712383584.1633604,6158733.30739846,152.1,-3.782143273538442e-07,153.3,ASK
1489,1712383590.3495758,6158733.30739846,152.1,-0.0,153.3,ASK
1490,1712383619.183812,6158771.45825767,152.4,1.2292511034575667e-08,153.3,BID
1491,1712383620.4737473,6158771.45825767,152.4,0.0,153.3,BID
1492,1712383650.464047,6158771.45825767,152.4,0.0,153.3,BID
1493,1712383680.372811,6158771.45825767,152.4,0.0,153.3,BID
1494,1712383710.3494782,6158771.45825767,152.4,0.0,153.3,BID
1495,1712383740.474858,6158771.45825767,152.4,0.0,153.3,BID
1496,1712383769.1452832,6168361.54373815,152.4,3.0899962199590548e-06,153.3,BID
1497,1712383769.149938,6168634.65869004,152.4,8.799965033387812e-08,153.3,BID
1498,1712383769.1544833,6169634.65869004,152.3,3.222073699184847e-07,153.3,BID
1499,1712383769.1595097,6170582.48187971,152.4,3.053956170913906e-07,153.3,BID
1500,1712383770.4651232,6170582.48187971,152.4,0.0,153.3,BID
1501,1712383800.3808022,6170582.48187971,152.4,0.0,153.3,BID
1502,1712383830.350525,6170582.48187971,152.4,0.0,153.3,BID
1503,1712383860.485667,6170582.48187971,152.4,0.0,153.3,BID
1504,1712383867.1159728,6170782.48187971,152.2,-6.441218903422269e-08,153.3,ASK
1505,1712383867.120857,6175064.61216771,152.2,-1.3791069278992022e-06,153.3,ASK
1506,1712383889.066048,6175064.61216804,152.2,-1.0617969053850891e-16,153.3,ASK
1507,1712383890.465881,6175064.61216804,152.2,-0.0,153.3,ASK
1508,1712383920.320861,6175064.61216804,152.2,-0.0,153.3,ASK
1509,1712383921.9763618,6176513.92812407,152.2,4.666655385473098e-07,153.3,BID
1510,1712383935.3064165,6183803.33223372,152.2,2.3471167072753985e-06,153.3,BID
1511,1712383936.8164864,6196918.08633208,152.1,-4.22282233129545e-06,153.3,ASK
1512,1712383950.361598,6196918.08633208,152.1,-0.0,153.3,ASK
1513,1712383971.6365798,6199490.11280705,152.1,-8.272816806614809e-07,153.3,ASK
1514,1712383971.6464612,6200124.93794118,152.1,-2.041888794689225e-07,153.3,ASK
1515,1712383980.1365085,6205601.963601,152.1,-1.76166265665448e-06,153.3,ASK
1516,1712383980.4867184,6205601.963601,152.1,-0.0,153.3,ASK
1517,1712384010.476648,6205601.963601,152.1,-0.0,153.3,ASK
1518,1712384040.3885157,6205601.963601,152.1,-0.0,153.3,ASK
1519,1712384070.362595,6205601.963601,152.1,-0.0,153.3,ASK
1520,1712384100.3924394,6205601.963601,152.1,-0.0,153.3,ASK
1521,1712384130.3468788,6205601.963601,152.1,-0.0,153.3,ASK
1522,1712384160.4678946,6205601.963601,152.1,-0.0,153.3,ASK
1523,1712384190.4780922,6205601.963601,152.1,-0.0,153.3,ASK
1524,1712384218.998188,6206338.05402255,152.1,-2.3724973496494094e-07,153.3,ASK
1525,1712384220.3480103,6206338.05402255,152.1,-0.0,153.3,ASK
1526,1712384250.3550758,6206338.05402255,152.1,-0.0,153.3,ASK
1527,1712384280.4784403,6206338.05402255,152.1,-0.0,153.3,ASK
1528,1712384301.788511,6206373.05402255,152.3,1.1280463439439334e-08,153.3,BID
1529,1712384301.7932668,6206418.32305142,152.4,1.4590160717467007e-08,153.3,BID
1530,1712384306.0484962,6206483.63918256,152.5,2.1051320838045263e-08,153.3,BID
1531,1712384310.4884317,6206483.63918256,152.5,0.0,153.3,BID
1532,1712384340.347051,6206483.63918256,152.5,0.0,153.3,BID
1533,1712384370.3885877,6206483.63918256,152.5,0.0,153.3,BID
1534,1712384400.383045,6206483.63918256,152.5,0.0,153.3,BID
1535,1712384428.6592326,6207139.37688747,152.5,2.151509856219083e-07,153.3,BID
1536,1712384430.3594024,6207139.37688747,152.5,0.0,153.3,BID
1537,1712384437.418779,6209128.04425869,152.5,6.524708032120447e-07,153.3,BID
1538,1712384460.3919847,6209128.04425869,152.5,0.0,153.3,BID
1539,1712384490.3692524,6209128.04425869,152.5,0.0,153.3,BID
1540,1712384511.0691454,6209228.04425869,152.3,3.280618453819172e-08,153.3,BID
1541,1712384520.494774,6209228.04425869,152.3,0.0,153.3,BID
1542,1712384540.669184,6209328.04425869,152.3,-3.280602062678388e-08,153.3,ASK
1543,1712384540.674095,6209428.04425869,152.3,-3.280602062678388e-08,153.3,ASK
1544,1712384550.4891331,6209428.04425869,152.3,-0.0,153.3,ASK
1545,1712384550.8489804,6209528.04425869,152.3,3.280569280888191e-08,153.3,BID
1546,1712384580.3429585,6209528.04425869,152.3,0.0,153.3,BID
1547,1712384592.939406,6209695.62297669,152.3,-5.4975084767465373e-08,153.3,ASK
1548,1712384606.5292163,6209695.62297753,152.3,-2.7558381734372797e-16,153.3,ASK
1549,1712384606.5340078,6212976.97639143,152.3,-1.0764653425865693e-06,153.3,ASK
1550,1712384610.383302,6212976.97639143,152.3,-0.0,153.3,ASK
1551,1712384640.4592168,6212976.97639143,152.3,-0.0,153.3,ASK
1552,1712384670.4792297,6212976.97639143,152.3,-0.0,153.3,ASK
1553,1712384696.629544,6213042.29252257,152.3,-2.142361059727841e-08,153.3,ASK
1554,1712384700.3393712,6213042.29252257,152.3,-0.0,153.3,ASK
1555,1712384730.3601909,6213042.29252257,152.3,-0.0,153.3,ASK
1556,1712384760.4594848,6213042.29252257,152.3,-0.0,153.3,ASK
1557,1712384790.4796112,6213042.29252257,152.3,-0.0,153.3,ASK
1558,1712384820.3396685,6213042.29252257,152.3,-0.0,153.3,ASK
1559,1712384850.3731186,6213042.29252257,152.3,-0.0,153.3,ASK
1560,1712384880.4703145,6213042.29252257,152.3,-0.0,153.3,ASK
1561,1712384910.495425,6213042.29252257,152.3,-0.0,153.3,ASK
1562,1712384940.367597,6213042.29252257,152.3,-0.0,153.3,ASK
1563,1712384970.3608978,6213042.29252257,152.3,-0.0,153.3,ASK
1564,1712385000.4539733,6213042.29252257,152.3,-0.0,153.3,ASK
1565,1712385030.346889,6213042.29252257,152.3,-0.0,153.3,ASK
1566,1712385055.9706888,6213077.29252257,152.5,1.1488386921213609e-08,153.3,BID
1567,1712385055.9757066,6213107.86629306,152.5,1.0035523000693146e-08,153.3,BID
1568,1712385060.4850402,6213107.86629306,152.5,0.0,153.3,BID
1569,1712385090.365749,6214077.29252257,152.5,3.182030588511644e-07,153.3,BID
1570,1712385090.368148,6216386.55481765,152.5,7.579889047926828e-07,153.3,BID
1571,1712385090.4704597,6216386.55481765,152.5,0.0,153.3,BID
1572,1712385093.100834,6228439.79252256,152.5,3.955688049291349e-06,153.3,BID
1573,1712385120.4197357,6228439.79252256,152.5,0.0,153.3,BID
1574,1712385150.3630848,6228439.79252256,152.5,0.0,153.3,BID
1575,1712385165.5410974,6236421.9571647,152.3,-2.6180448927271464e-06,153.3,ASK
1576,1712385165.547001,6236422.30091537,152.3,-1.1274569309451242e-10,153.3,ASK
1577,1712385180.4904602,6236422.30091537,152.3,-0.0,153.3,ASK
1578,1712385210.499662,6236422.30091537,152.3,-0.0,153.3,ASK
1579,1712385240.369271,6236422.30091537,152.3,-0.0,153.3,ASK
1580,1712385270.3782,6236422.30091537,152.3,-0.0,153.3,ASK
1581,1712385300.4693549,6236422.30091537,152.3,-0.0,153.3,ASK
1582,1712385330.473273,6236422.30091537,152.3,-0.0,153.3,ASK
1583,1712385360.4068277,6236422.30091537,152.3,-0.0,153.3,ASK
1584,1712385390.3605163,6236422.30091537,152.3,-0.0,153.3,ASK
1585,1712385420.479597,6236422.30091537,152.3,-0.0,153.3,ASK
1586,1712385450.4912076,6236422.30091537,152.3,-0.0,153.3,ASK
1587,1712385480.341699,6236422.30091537,152.3,-0.0,153.3,ASK
1588,1712385489.3743737,6261253.67697497,152.3,-8.156350632986766e-06,153.3,ASK
1589,1712385489.380591,6272454.71466937,152.3,-3.679199681465443e-06,153.3,ASK
1590,1712385489.4340682,6272454.71467016,152.3,-2.5941260959239067e-16,153.3,ASK
1591,1712385510.3454232,6272454.71467016,152.3,-0.0,153.3,ASK
1592,1712385528.662568,6272604.71467016,152.2,-4.91817779392114e-08,153.3,ASK
1593,1712385540.483238,6272604.71467016,152.2,-0.0,153.3,ASK
1594,1712385570.4836152,6272604.71467016,152.2,-0.0,153.3,ASK
1595,1712385600.3798468,6272604.71467016,152.2,-0.0,153.3,ASK
1596,1712385630.3519993,6272604.71467016,152.2,-0.0,153.3,ASK
1597,1712385660.47709,6272604.71467016,152.2,-0.0,153.3,ASK
1598,1712385690.4709144,6272604.71467016,152.2,-0.0,153.3,ASK
1599,1712385699.5709662,6272670.55790137,152.2,-2.16967526060888e-08,153.3,ASK
1600,1712385720.3409932,6272670.55790137,152.2,-0.0,153.3,ASK
1601,1712385728.4508471,6272736.13167186,152.5,2.16078881821178e-08,153.3,BID
1602,1712385750.3807917,6272736.13167186,152.5,0.0,153.3,BID
1603,1712385780.4661632,6272736.13167186,152.5,0.0,153.3,BID
1604,1712385786.0900972,6280820.66891158,152.5,2.664010316007756e-06,153.3,BID
1605,1712385786.095323,6289131.55462267,152.5,2.7385964852418603e-06,153.3,BID
1606,1712385801.549986,6289983.16160606,152.5,2.806208595082733e-07,153.3,BID
1607,1712385810.449912,6289983.16160606,152.5,0.0,153.3,BID
1608,1712385813.7997274,6290835.62062245,152.5,2.806583763172236e-07,153.3,BID
1609,1712385840.3271768,6290835.62062245,152.5,0.0,153.3,BID
