,time,acc_trade_volume,trade_price,dev,high,ask_bid
0,1712365207.232599,32500.68711445,13960.0,0.0,14070.0,BID
1,1712365229.8662913,32531.1121704,13960.0,-3.7903500591294405e-09,14070.0,ASK
2,1712365229.8674805,32543.71816611,13960.0,-1.5704535322238795e-09,14070.0,ASK
3,1712365230.7769537,32543.71816611,13960.0,-0.0,14070.0,ASK
4,1712365235.4555042,32546.1121704,13960.0,-2.9822246802244667e-10,14070.0,ASK
5,1712365260.5381937,32546.1121704,13960.0,-0.0,14070.0,ASK
6,1712365290.4867775,32546.1121704,13960.0,-0.0,14070.0,ASK
7,1712365294.298493,32559.0655971,13950.0,-1.6136089703883019e-09,14070.0,ASK
8,1712365318.6556103,32560.0655971,13950.0,-1.2457004681148088e-10,14070.0,ASK
9,1712365320.7756245,32560.0655971,13950.0,-0.0,14070.0,ASK
10,1712365326.935637,32560.42412146,13960.0,4.466031340285452e-11,14070.0,BID
11,1712365350.7471745,32560.42412146,13960.0,0.0,14070.0,BID
12,1712365380.545621,32560.42412146,13960.0,0.0,14070.0,BID
13,1712365386.445864,32578.75762491,13960.0,2.283748583712912e-09,14070.0,BID
14,1712365386.4471283,32647.82435747,13960.0,8.603432131549242e-09,14070.0,BID
15,1712365386.4483497,32851.09886113,13960.0,2.5321284669053448e-08,14070.0,BID
16,1712365403.4357605,32908.23327751,13980.0,-7.1170599141054786e-09,14070.0,ASK
17,1712365403.716105,32921.71446635,13980.0,-1.679310558622111e-09,14070.0,ASK
18,1712365404.3755848,33100.16960472,13980.0,-2.2229612066254173e-08,14070.0,ASK
19,1712365408.8157394,33421.71446477,13980.0,4.005386208599591e-08,14070.0,BID
20,1712365408.8170462,33600.72190367,13980.0,2.229841045804041e-08,14070.0,BID
21,1712365410.5179658,33600.72190367,13980.0,0.0,14070.0,BID
22,1712365425.945649,33615.02805531,13980.0,1.778852336943699e-09,14070.0,BID
23,1712365440.7580106,33615.02805531,13980.0,0.0,14070.0,BID
24,1712365470.737043,33615.02805531,13980.0,0.0,14070.0,BID
25,1712365480.9376757,33622.18113114,13960.0,-8.89404051698622e-10,14070.0,ASK
26,1712365500.3356442,33623.6117463,13980.0,1.778808095931801e-10,14070.0,BID
27,1712365500.4856167,33623.6117463,13980.0,0.0,14070.0,BID
28,1712365530.7674332,33623.6117463,13980.0,0.0,14070.0,BID
29,1712365531.2957337,33624.6117463,13980.0,1.2462551255312028e-10,14070.0,BID
30,1712365560.4972892,33624.6117463,13980.0,0.0,14070.0,BID
31,1712365575.035715,33719.37216294,13980.0,1.1809544918155041e-08,14070.0,BID
32,1712365584.836243,33720.37216294,13960.0,-1.2462529542287163e-10,14070.0,ASK
33,1712365584.837674,33960.37216294,13960.0,-2.9910070901489195e-08,14070.0,ASK
34,1712365584.8390598,33965.7841701,13950.0,-6.7447299114536e-10,14070.0,ASK
35,1712365584.8404088,33980.8298721,13960.0,-1.8750750565948742e-09,14070.0,ASK
36,1712365584.8417704,34010.93628327,13960.0,-3.752020386183211e-09,14070.0,ASK
37,1712365584.8431342,34105.70129043,13960.0,-1.1810117013065556e-08,14070.0,ASK
38,1712365584.844479,34345.70129043,13950.0,-2.9910070901489195e-08,14070.0,ASK
39,1712365584.8458626,34408.14427037,13960.0,-7.781974822107229e-09,14070.0,ASK
40,1712365584.8466496,34706.14427037,13950.0,-3.713833803601576e-08,14070.0,ASK
41,1712365584.8472714,34846.34381191,13960.0,-1.747240928257385e-08,14070.0,ASK
42,1712365584.8478963,35107.62257287,13950.0,-3.256194277236163e-08,14070.0,ASK
43,1712365584.9358196,35357.59157287,13950.0,3.115246047155946e-08,14070.0,BID
44,1712365584.9372966,35789.25547025,13950.0,5.379624073437064e-08,14070.0,BID
45,1712365584.9558089,35859.53386809,13950.0,8.758466092656588e-09,14070.0,BID
46,1712365584.9757476,36008.53386809,13950.0,1.856916901800788e-08,14070.0,BID
47,1712365584.9980617,36063.1574399,13950.0,6.8074787738736565e-09,14070.0,BID
48,1712365585.0158856,36535.55887482,13950.0,5.8873168385093545e-08,14070.0,BID
49,1712365585.075889,36703.36857376,13950.0,2.0913333305220663e-08,14070.0,BID
50,1712365585.415772,36715.56666882,13950.0,1.5201912004484327e-09,14070.0,BID
51,1712365585.4756632,36787.11166882,13950.0,8.916316761029133e-09,14070.0,BID
52,1712365585.5556724,36800.25204688,13950.0,1.637623497695875e-09,14070.0,BID
53,1712365585.6157434,36810.05979502,13950.0,1.2222935093810235e-09,14070.0,BID
54,1712365585.9608293,37050.05979502,13950.0,2.9910070901489195e-08,14070.0,BID
55,1712365586.2157636,37217.89225902,13950.0,2.091617040754836e-08,14070.0,BID
56,1712365586.68565,37231.25851419,13950.0,1.6657734992582731e-09,14070.0,BID
57,1712365586.86603,37279.52920446,13950.0,6.0157490351648194e-09,14070.0,BID
58,1712365586.9656012,37337.45403276,13950.0,7.218898839206353e-09,14070.0,BID
59,1712365587.025697,37385.72472303,13950.0,6.0157490351648194e-09,14070.0,BID
60,1712365590.537418,37385.72472303,13950.0,0.0,14070.0,BID
61,1712365595.765817,37394.12704516,13950.0,-1.0403382088705294e-09,14070.0,ASK
62,1712365599.5158749,37577.45403276,13950.0,-2.2698733393762725e-08,14070.0,ASK
63,1712365599.6559153,37583.70964741,13950.0,7.745424228779226e-10,14070.0,BID
64,1712365602.7379525,37817.45403276,13950.0,-2.8941191664180883e-08,14070.0,ASK
65,1712365602.9359596,37889.01803276,13950.0,8.86073664252686e-09,14070.0,BID
66,1712365604.8257594,37920.57403727,13950.0,3.907124328621515e-09,14070.0,BID
67,1712365604.9658177,37968.05504534,13950.0,5.8788875416397035e-09,14070.0,BID
68,1712365605.389635,38021.05504534,13950.0,6.562224610892149e-09,14070.0,BID
69,1712365607.1360953,38032.38441121,13950.0,1.402751764866155e-09,14070.0,BID
70,1712365607.275831,38040.87011127,13950.0,1.0506616938565264e-09,14070.0,BID
71,1712365607.336063,38082.76056909,13950.0,5.1866904390180195e-09,14070.0,BID
72,1712365607.375923,38100.02060876,13950.0,2.1370614548575207e-09,14070.0,BID
73,1712365607.435592,38134.75898209,13950.0,4.301151102047044e-09,14070.0,BID
74,1712365607.917057,38143.37407585,13950.0,1.066682647112995e-09,14070.0,BID
75,1712365607.9557812,38214.70507585,13950.0,8.831887617349751e-09,14070.0,BID
76,1712365608.7558117,38230.3154702,13950.0,1.932809697912055e-09,14070.0,BID
77,1712365609.565666,38257.43230106,13950.0,3.357485562997386e-09,14070.0,BID
78,1712365609.7857585,38277.25230106,13950.0,2.4540243733562357e-09,14070.0,BID
79,1712365610.073239,38286.56230106,13950.0,1.152722851461101e-09,14070.0,BID
80,1712365611.3918622,38290.23530106,13950.0,4.5477454709010447e-10,14070.0,BID
81,1712365613.5188448,38290.95530106,13950.0,8.914720226132048e-11,14070.0,BID
82,1712365615.9463365,38291.83630106,13950.0,1.0908150721139632e-10,14070.0,BID
83,1712365617.5758188,38296.84830106,13950.0,6.20563580185047e-10,14070.0,BID
84,1712365618.0758789,38366.49829404,13950.0,8.623752793996319e-09,14070.0,BID
85,1712365618.1434877,38377.02958611,13950.0,1.303937811438833e-09,14070.0,BID
86,1712365618.535777,38388.4953193,13950.0,1.419636160779318e-09,14070.0,BID
87,1712365618.774805,38414.39083568,13950.0,3.206267828313837e-09,14070.0,BID
88,1712365619.1256502,38415.27183568,13950.0,1.0908150721139632e-10,14070.0,BID
89,1712365620.746537,38415.27183568,13950.0,0.0,14070.0,BID
90,1712365621.8430758,38420.26429534,13940.0,-6.17046911232592e-10,14070.0,ASK
91,1712365621.8440454,38478.00360437,13940.0,-7.1363345364912515e-09,14070.0,ASK
92,1712365621.8449993,38483.95769332,13940.0,-7.359002267439056e-10,14070.0,ASK
93,1712365626.2957356,38504.03669332,13950.0,2.481679527611514e-09,14070.0,BID
94,1712365626.4357123,38514.61498208,13950.0,1.307431777123231e-09,14070.0,BID
95,1712365626.5557928,38526.32631909,13950.0,1.447471751516096e-09,14070.0,BID
96,1712365626.5578754,38580.69498208,13950.0,6.719736933407971e-09,14070.0,BID
97,1712365627.9756224,38583.31998208,13950.0,3.244389043269538e-10,14070.0,BID
98,1712365628.5462475,38583.32056264,13950.0,7.175476217248692e-14,14070.0,BID
99,1712365633.8458047,38590.48856264,13950.0,8.859345014152024e-10,14070.0,BID
100,1712365635.875698,38600.48856264,13940.0,-1.235957730769347e-09,14070.0,ASK
101,1712365650.777255,38600.48856264,13940.0,-0.0,14070.0,ASK
102,1712365661.4286635,38898.48856264,13940.0,-3.681978579981448e-08,14070.0,ASK
103,1712365661.4305537,39126.9277586,13930.0,-2.8225108266876412e-08,14070.0,ASK
104,1712365661.4324126,39287.92966765,13940.0,-1.9892804713363017e-08,14070.0,ASK
105,1712365679.4479256,39319.08720273,13940.0,3.8497106298514024e-09,14070.0,BID
106,1712365679.4682562,39343.9265182,13940.0,3.069054614159427e-09,14070.0,BID
107,1712365679.4700394,39405.61350842,13940.0,7.621818008508627e-09,14070.0,BID
108,1712365679.4856274,39415.91295347,13940.0,1.2725616127444975e-09,14070.0,BID
109,1712365679.5056632,39464.24865617,13940.0,5.972181945965061e-09,14070.0,BID
110,1712365679.5289383,39507.04613538,13940.0,5.2878993868597075e-09,14070.0,BID
111,1712365679.5471706,39530.48373384,13940.0,2.895863607246421e-09,14070.0,BID
112,1712365679.56576,39543.33999532,13940.0,1.588472462684057e-09,14070.0,BID
113,1712365679.567263,39587.2196235,13940.0,5.421605740144929e-09,14070.0,BID
114,1712365679.5858805,39802.58215042,13940.0,2.6609403055372893e-08,14070.0,BID
115,1712365679.595715,39803.51049641,13940.0,1.1470302181222556e-10,14070.0,BID
116,1712365680.337036,39808.03449641,13980.0,5.58968828719036e-10,14070.0,BID
117,1712365680.4785073,39808.03449641,13980.0,0.0,14070.0,BID
118,1712365710.5473418,39808.03449641,13980.0,0.0,14070.0,BID
119,1712365714.7262895,39830.23598899,13950.0,-2.737442153539713e-09,14070.0,ASK
120,1712365714.728319,39842.53478942,13950.0,-1.51644105069651e-09,14070.0,ASK
121,1712365714.730312,39851.03027775,13950.0,-1.047492991096355e-09,14070.0,ASK
122,1712365714.8256688,39863.67999761,13950.0,1.5597093866758438e-09,14070.0,BID
123,1712365714.8905013,39876.44219173,13950.0,1.573577453400818e-09,14070.0,BID
124,1712365714.8913972,39887.23770671,13950.0,1.331086082115443e-09,14070.0,BID
125,1712365714.9057667,39899.84805699,13950.0,1.554855120797364e-09,14070.0,BID
126,1712365714.9257076,40115.05609142,13950.0,2.653513240635637e-08,14070.0,BID
127,1712365714.9461658,40294.39612011,13950.0,2.211261033842427e-08,14070.0,BID
128,1712365715.0458746,40473.7361488,13950.0,2.211261033842427e-08,14070.0,BID
129,1712365715.048344,40581.40573956,13950.0,1.327565141571911e-08,14070.0,BID
130,1712365717.7361646,40582.27269234,13980.0,1.0689520429906867e-10,14070.0,BID
131,1712365734.3856804,40589.27557608,13970.0,8.63454971648461e-10,14070.0,BID
132,1712365734.386978,40589.99372013,13970.0,8.854710050222196e-11,14070.0,BID
133,1712365740.7506802,40589.99372013,13970.0,0.0,14070.0,BID
134,1712365768.2562308,40604.82699167,13970.0,1.826484468262141e-09,14070.0,BID
135,1712365768.258346,40644.79355133,13970.0,4.921254240644248e-09,14070.0,BID
136,1712365768.3359222,40804.42369507,13970.0,-1.9655945582959322e-08,14070.0,ASK
137,1712365770.7379582,40804.42369507,13970.0,-0.0,14070.0,ASK
138,1712365800.6279635,40804.42369507,13970.0,-0.0,14070.0,ASK
139,1712365813.8760262,40804.79212742,13970.0,4.53981783587912e-11,14070.0,BID
140,1712365819.2382865,40819.51441873,13960.0,1.8140785051712126e-09,14070.0,BID
141,1712365819.71592,40841.06441873,13960.0,2.6553877357300152e-09,14070.0,BID
142,1712365819.7360768,40863.09441873,13960.0,2.7145332630227837e-09,14070.0,BID
143,1712365821.3662748,40904.75441873,13960.0,5.133338889584413e-09,14070.0,BID
144,1712365821.8059564,40919.20441873,13960.0,1.780526811197158e-09,14070.0,BID
145,1712365821.945835,40948.26415037,13960.0,3.580735730880818e-09,14070.0,BID
146,1712365823.2260733,40953.95123577,13950.0,-7.007618015412713e-10,14070.0,ASK
147,1712365823.2360988,40990.37615515,13950.0,-4.4882730485671854e-09,14070.0,ASK
148,1712365823.3461788,41019.29899009,13950.0,3.563867340242932e-09,14070.0,BID
149,1712365830.5180006,41019.29899009,13950.0,0.0,14070.0,BID
150,1712365836.416267,41198.63901878,13950.0,-2.2090088209175024e-08,14070.0,ASK
151,1712365836.4185636,41485.58306469,13950.0,-3.534414113541923e-08,14070.0,ASK
152,1712365836.5362284,41616.2903735,13950.0,1.6099785431548758e-08,14070.0,BID
153,1712365836.5561774,41715.13131171,13950.0,1.2174666524173848e-08,14070.0,BID
154,1712365847.0960538,41719.33706439,13950.0,-5.180407763161754e-10,14070.0,ASK
155,1712365847.7291973,41728.54267741,13950.0,1.1338952330761321e-09,14070.0,BID
156,1712365848.5259974,41738.10499832,13950.0,1.177832489095314e-09,14070.0,BID
157,1712365848.7060244,41751.14024867,13950.0,1.605608252455427e-09,14070.0,BID
158,1712365848.8276913,41767.2649216,13950.0,1.986145814571181e-09,14070.0,BID
159,1712365848.9525528,41785.12985889,13950.0,2.20050171437028e-09,14070.0,BID
160,1712365849.6324031,41829.59086632,13950.0,5.476454883896482e-09,14070.0,BID
161,1712365855.2761111,41831.83437791,13970.0,2.763430411126375e-10,14070.0,BID
162,1712365855.3385968,41898.36242727,13970.0,-8.194548029693191e-09,14070.0,ASK
163,1712365859.6595464,41911.89899728,13950.0,1.667357966621699e-09,14070.0,BID
164,1712365860.7682917,41911.89899728,13950.0,0.0,14070.0,BID
165,1712365870.5669937,41912.29958867,13950.0,4.926700576314274e-11,14070.0,BID
166,1712365890.7559185,41912.29958867,13950.0,0.0,14070.0,BID
167,1712365895.43852,41978.82763803,13950.0,8.181991975822455e-09,14070.0,BID
168,1712365895.4960897,41993.13378967,13950.0,1.759450623449914e-09,14070.0,BID
169,1712365895.4989295,42028.07451055,13950.0,4.297205473779173e-09,14070.0,BID
170,1712365920.4975574,42028.07451055,13950.0,0.0,14070.0,BID
171,1712365950.5170105,42028.07451055,13950.0,0.0,14070.0,BID
172,1712365951.015977,42033.07451055,13970.0,6.148058747571336e-10,14070.0,BID
173,1712365980.7831054,42033.07451055,13970.0,0.0,14070.0,BID
174,1712365993.9259143,42033.79084292,13960.0,8.80803133634653e-11,14070.0,BID
175,1712365998.6259785,42034.07451055,13960.0,-3.487980550341137e-11,14070.0,ASK
176,1712366001.3366058,42040.67692613,13960.0,8.118338045249356e-10,14070.0,BID
177,1712366010.79594,42040.67692613,13960.0,0.0,14070.0,BID
178,1712366014.515966,42042.28201208,13960.0,-1.9735898372379887e-10,14070.0,ASK
179,1712366019.3362377,42045.4960981,13950.0,-3.9519924182616055e-10,14070.0,ASK
180,1712366019.3382366,42048.64989738,13950.0,-3.8778647384498437e-10,14070.0,ASK
181,1712366029.115949,42049.64989738,13950.0,1.229585142923037e-10,14070.0,BID
182,1712366040.4659698,42049.64989738,13950.0,0.0,14070.0,BID
183,1712366061.053328,42050.04989738,13940.0,-4.9182648645962416e-11,14070.0,ASK
184,1712366070.548314,42050.04989738,13940.0,-0.0,14070.0,ASK
185,1712366070.8860986,42067.04989738,13950.0,2.090261134349968e-09,14070.0,BID
186,1712366071.4159412,42067.44989738,13950.0,4.9182614926060525e-11,14070.0,BID
187,1712366071.41741,42076.9515416,13950.0,1.168289272087402e-09,14070.0,BID
188,1712366071.4188306,42081.38363781,13960.0,5.449552030275654e-10,14070.0,BID
189,1712366083.3660202,42084.6863901,13940.0,-4.06094985186742e-10,14070.0,ASK
190,1712366100.5590997,42084.6863901,13940.0,-0.0,14070.0,ASK
191,1712366130.4983711,42084.6863901,13940.0,-0.0,14070.0,ASK
192,1712366135.506035,42085.1863901,13950.0,6.175948635215231e-11,14070.0,BID
193,1712366135.8501446,42101.6863901,13950.0,2.0380630496210264e-09,14070.0,BID
194,1712366136.5465264,42102.1863901,13950.0,-6.175948635215231e-11,14070.0,ASK
195,1712366136.5513911,42205.36824088,13940.0,-1.2744916210074214e-08,14070.0,ASK
196,1712366136.5533545,42512.77193793,13930.0,-3.7970188865121523e-08,14070.0,ASK
197,1712366136.5612302,42813.17050023,13930.0,-3.71049218171457e-08,14070.0,ASK
198,1712366136.5627303,43139.2450351,13940.0,-4.027639157217639e-08,14070.0,ASK
199,1712366136.5638602,43147.78025779,13920.0,-1.0542619384712095e-09,14070.0,ASK
200,1712366136.5649898,43637.21615156,13930.0,-6.045461880308378e-08,14070.0,ASK
201,1712366136.5661366,43645.70092167,13920.0,-1.048030087619474e-09,14070.0,ASK
202,1712366136.5672927,43652.99237073,13940.0,-9.0063229741625e-10,14070.0,ASK
203,1712366136.5684311,43657.99237073,13920.0,-6.17594863521523e-10,14070.0,ASK
204,1712366136.5695996,43658.71024581,13930.0,-8.867119241177483e-11,14070.0,ASK
205,1712366136.570854,44109.35987535,13920.0,-5.566377929035617e-08,14070.0,ASK
206,1712366160.7530556,44109.35987535,13920.0,-0.0,14070.0,ASK
207,1712366174.1662714,44118.40747846,13960.0,1.1136709562431234e-09,14070.0,BID
208,1712366174.886037,44122.54553692,13960.0,5.093542970557074e-10,14070.0,BID
209,1712366174.8958182,44128.40747846,13960.0,7.215473491622786e-10,14070.0,BID
210,1712366190.7578497,44128.40747846,13960.0,0.0,14070.0,BID
211,1712366196.1761634,44129.40747846,13970.0,1.2308613598382348e-10,14070.0,BID
212,1712366200.3162172,44129.8709455,13960.0,-5.70463671091328e-11,14070.0,ASK
213,1712366200.445667,44140.34285402,13960.0,1.288946756102593e-09,14070.0,BID
214,1712366200.4473498,44145.61514358,13960.0,6.489457497284755e-10,14070.0,BID
215,1712366200.4962275,44146.07783277,13970.0,5.695062455911591e-11,14070.0,BID
216,1712366203.3859966,44366.38778284,13970.0,2.711710047290505e-08,14070.0,BID
217,1712366203.3962147,44443.07783277,13970.0,9.43948191429053e-09,14070.0,BID
218,1712366203.7207997,44460.18060298,13970.0,2.1051138997677004e-09,14070.0,BID
219,1712366203.7224176,44553.5700325,13970.0,1.1494944021350513e-08,14070.0,BID
220,1712366206.786095,44580.49728048,13980.0,3.314370906536215e-09,14070.0,BID
221,1712366206.788233,44606.91986169,13980.0,3.2522534238582795e-09,14070.0,BID
222,1712366207.1259985,44660.26969088,13980.0,6.566624330393599e-09,14070.0,BID
223,1712366220.4974754,44660.26969088,13980.0,0.0,14070.0,BID
224,1712366242.2164617,44667.4227667,13980.0,-8.796398955783176e-10,14070.0,ASK
225,1712366242.436291,44670.13605946,13980.0,3.336635344200016e-10,14070.0,BID
226,1712366250.5188365,44670.13605946,13980.0,0.0,14070.0,BID
227,1712366259.676505,44705.87587361,13990.0,4.394981114896016e-09,14070.0,BID
228,1712366275.9724889,44710.87587361,13990.0,6.14857858024958e-10,14070.0,BID
229,1712366280.788837,44710.87587361,13990.0,0.0,14070.0,BID
230,1712366287.9836218,44729.57289538,13990.0,2.29904101701387e-09,14070.0,BID
231,1712366287.9864235,44743.84987361,13990.0,1.7555394090867911e-09,14070.0,BID
232,1712366290.166209,44762.56431106,13990.0,2.301182500462321e-09,14070.0,BID
233,1712366290.4289303,44784.71141613,13990.0,2.7232734491297594e-09,14070.0,BID
234,1712366295.787506,44789.18617874,13990.0,5.502300263829374e-10,14070.0,BID
235,1712366296.045956,44799.57289538,13990.0,1.277181354400472e-09,14070.0,BID
236,1712366297.1963737,44845.81831376,14000.0,5.686473226189503e-09,14070.0,BID
237,1712366297.2053273,44846.81831376,14000.0,1.2296295342088974e-10,14070.0,BID
238,1712366297.256179,44860.8623608,14000.0,1.7268975020201795e-09,14070.0,BID
239,1712366305.16623,44876.31538324,14000.0,1.9001492785017447e-09,14070.0,BID
240,1712366307.0842395,44927.06338324,14000.0,6.240123960203262e-09,14070.0,BID
241,1712366309.4262578,44927.46338324,14000.0,4.918518136853483e-11,14070.0,BID
242,1712366309.4358134,44980.06338324,14000.0,6.467851349938621e-09,14070.0,BID
243,1712366310.5075612,45001.49723992,14000.0,2.635570320572833e-09,14070.0,BID
244,1712366310.76975,45001.49723992,14000.0,0.0,14070.0,BID
245,1712366311.696133,45019.24412719,14000.0,2.181118698556019e-09,14070.0,BID
246,1712366312.3161037,45036.99012719,14020.0,2.181009651759802e-09,14070.0,BID
247,1712366318.6260011,45040.55391906,14030.0,4.3799529276097694e-10,14070.0,BID
248,1712366333.1362948,45047.67945757,14020.0,-8.75739223728368e-10,14070.0,ASK
249,1712366336.3896792,45284.39122647,14020.0,2.909222656689173e-08,14070.0,BID
250,1712366340.506103,45284.39122647,14020.0,0.0,14070.0,BID
251,1712366370.5285192,45284.39122647,14020.0,0.0,14070.0,BID
252,1712366394.2263374,45322.98265504,14000.0,-4.740633030810227e-09,14070.0,ASK
253,1712366394.2296576,45491.0988336,14000.0,-2.06516612270361e-08,14070.0,ASK
254,1712366394.232796,46424.73856829,14000.0,-1.1468980364692589e-07,14070.0,ASK
255,1712366394.2357895,47400.28904829,14000.0,-1.1983818687409896e-07,14070.0,ASK
256,1712366394.3259275,47428.22064833,14000.0,3.431162583495345e-09,14070.0,BID
257,1712366394.3362694,47571.22064833,14000.0,1.7566349537336276e-08,14070.0,BID
258,1712366394.3462691,47849.4704884,14000.0,3.4180656988653954e-08,14070.0,BID
259,1712366394.3486152,47992.4704884,14000.0,1.7566349537336276e-08,14070.0,BID
260,1712366394.3574767,48028.0679884,14000.0,4.3728540395472845e-09,14070.0,BID
261,1712366394.36593,48045.2590884,14000.0,2.1117823184011582e-09,14070.0,BID
262,1712366394.3916566,48048.77755347,14000.0,4.3221389688428877e-10,14070.0,BID
263,1712366394.393003,48360.11606668,14000.0,3.8245322709660614e-08,14070.0,BID
264,1712366394.4263153,48383.48615175,14020.0,2.870818762636216e-09,14070.0,BID
265,1712366394.566223,48386.48615175,14020.0,3.685248154685931e-10,14070.0,BID
266,1712366400.5911202,48386.48615175,14020.0,0.0,14070.0,BID
267,1712366405.8663938,48388.48615175,14020.0,2.455195888027879e-10,14070.0,BID
268,1712366413.2661252,48390.62595203,14020.0,2.6268144243258383e-10,14070.0,BID
269,1712366430.5259628,48390.62595203,14020.0,0.0,14070.0,BID
270,1712366460.7683177,48390.62595203,14020.0,0.0,14070.0,BID
271,1712366462.8054605,48390.99685074,14020.0,4.553112497459779e-11,14070.0,BID
272,1712366483.6255455,48395.19685074,14020.0,5.15587462936823e-10,14070.0,BID
273,1712366485.600019,48400.17885074,14020.0,6.115849381777848e-10,14070.0,BID
274,1712366486.4354403,48756.81223162,14020.0,4.377992858245533e-08,14070.0,BID
275,1712366488.1031334,48894.85363409,14020.0,1.6945813447541546e-08,14070.0,BID
276,1712366488.104602,48895.62038774,14030.0,9.412584978511944e-11,14070.0,BID
277,1712366488.1060402,48896.04449747,14040.0,5.2063252309332845e-11,14070.0,BID
278,1712366488.1074686,48896.49911129,14040.0,5.5807901445397374e-11,14070.0,BID
279,1712366488.1088984,48910.84631129,14040.0,1.7612467733899323e-09,14070.0,BID
280,1712366488.1103172,49074.50413829,14030.0,2.009045805061841e-08,14070.0,BID
281,1712366488.111747,49113.25133944,14040.0,4.75656455638339e-09,14070.0,BID
282,1712366490.7471342,49113.25133944,14040.0,0.0,14070.0,BID
283,1712366518.3157854,49118.63237146,14030.0,6.597489301057039e-10,14070.0,BID
284,1712366520.5682602,49118.63237146,14030.0,0.0,14070.0,BID
285,1712366525.045926,49261.48951431,14030.0,1.7515036968428462e-08,14070.0,BID
286,1712366525.0490627,49458.39259093,14030.0,2.414135266458344e-08,14070.0,BID
287,1712366525.0521574,49475.01155891,14030.0,2.0375728699297903e-09,14070.0,BID
288,1712366537.475593,49475.36800937,14030.0,4.370270089236687e-11,14070.0,BID
289,1712366550.4996362,49475.36800937,14030.0,0.0,14070.0,BID
290,1712366556.245468,49587.225234,14010.0,-1.3705873508164193e-08,14070.0,ASK
291,1712366580.7454653,49587.225234,14010.0,-0.0,14070.0,ASK
292,1712366595.8361998,49630.68220116,14010.0,-5.323762941273321e-09,14070.0,ASK
293,1712366610.761387,49630.68220116,14010.0,-0.0,14070.0,ASK
294,1712366627.568372,49633.84584601,14010.0,-3.8753829807031457e-10,14070.0,ASK
295,1712366640.5172758,49633.84584601,14010.0,-0.0,14070.0,ASK
296,1712366670.5070634,49633.84584601,14010.0,-0.0,14070.0,ASK
297,1712366685.5954802,49636.97857866,14010.0,-3.8374955011987766e-10,14070.0,ASK
298,1712366700.7782886,49636.97857866,14010.0,-0.0,14070.0,ASK
299,1712366710.255736,49993.35776611,14030.0,4.372637766347151e-08,14070.0,BID
300,1712366716.3356,50021.90880108,14020.0,-3.503103945867384e-09,14070.0,ASK
301,1712366717.3454192,50028.81380108,14020.0,8.47217369585863e-10,14070.0,BID
302,1712366730.77865,50028.81380108,14020.0,0.0,14070.0,BID
303,1712366736.2656538,50028.81415243,14020.0,4.308025867186824e-14,14070.0,BID
304,1712366760.4996462,50028.81415243,14020.0,0.0,14070.0,BID
305,1712366761.6360502,50029.81215243,14030.0,1.223682891639918e-10,14070.0,BID
306,1712366768.1159604,50032.505112,14030.0,3.3019324185235376e-10,14070.0,BID
307,1712366775.395956,50150.474,14030.0,1.4464580159463757e-08,14070.0,BID
308,1712366782.8860512,50181.173,14030.0,3.76411233371441e-09,14070.0,BID
309,1712366789.800694,50184.73679187,14030.0,4.369690521722338e-10,14070.0,BID
310,1712366790.5006952,50184.73679187,14030.0,0.0,14070.0,BID
311,1712366793.7561116,50191.85579187,14030.0,8.72651551638299e-10,14070.0,BID
312,1712366810.4161658,50193.6901601,14020.0,-2.2485802530988326e-10,14070.0,ASK
313,1712366814.236071,50194.14875215,14020.0,-5.62145054085996e-11,14070.0,ASK
314,1712366820.7799115,50194.14875215,14020.0,-0.0,14070.0,ASK
315,1712366850.7734358,50194.14875215,14020.0,-0.0,14070.0,ASK
316,1712366869.506081,50195.34348791,14030.0,1.4644909985309179e-10,14070.0,BID
317,1712366869.5087657,50227.37203647,14030.0,3.9260163320228615e-09,14070.0,BID
318,1712366878.2573557,50228.41083722,14030.0,1.273347964107721e-10,14070.0,BID
319,1712366880.5090468,50228.41083722,14030.0,0.0,14070.0,BID
320,1712366909.7664757,50236.67805641,14030.0,-1.013324881957237e-09,14070.0,ASK
321,1712366909.7699246,50242.84876565,14030.0,-7.56352658434797e-10,14070.0,ASK
322,1712366909.778911,50270.18384509,14030.0,-3.350499788410532e-09,14070.0,ASK
323,1712366910.5167477,50270.18384509,14030.0,-0.0,14070.0,ASK
324,1712366915.2860725,50273.66669401,14020.0,-4.2686710969971e-10,14070.0,ASK
325,1712366940.5316818,50273.66669401,14020.0,-0.0,14070.0,ASK
326,1712366961.9862728,50275.09526543,14020.0,-1.7508841685899194e-10,14070.0,ASK
327,1712366970.778888,50275.09526543,14020.0,-0.0,14070.0,ASK
328,1712366978.8159122,50298.745256,14020.0,-2.898580487470832e-09,14070.0,ASK
329,1712366980.405905,50313.17704502,14030.0,1.7687830330771423e-09,14070.0,BID
330,1712367000.5991342,50313.17704502,14030.0,0.0,14070.0,BID
331,1712367026.235966,50313.88146412,14030.0,8.6395735073759e-11,14070.0,BID
332,1712367027.0299284,50391.81744153,14020.0,-9.558707390255661e-09,14070.0,ASK
333,1712367027.5341406,50392.17440517,14030.0,4.3780948120525716e-11,14070.0,BID
334,1712367028.0560112,50404.19633812,14020.0,-1.4744684438837615e-09,14070.0,ASK
335,1712367028.066141,50519.59910464,14020.0,-1.4153941656336502e-08,14070.0,ASK
336,1712367028.0696092,50662.25245699,14020.0,-1.749617697330211e-08,14070.0,ASK
337,1712367030.560176,50662.25245699,14020.0,-0.0,14070.0,ASK
338,1712367041.076027,50666.30798086,14030.0,4.97104320127034e-10,14070.0,BID
339,1712367060.7660208,50666.30798086,14030.0,0.0,14070.0,BID
340,1712367079.6357682,50670.36240311,14020.0,4.96965823441655e-10,14070.0,BID
341,1712367090.7742472,50670.36240311,14020.0,0.0,14070.0,BID
342,1712367120.519533,50670.36240311,14020.0,0.0,14070.0,BID
343,1712367141.766042,50741.68907928,14020.0,-8.742718739497097e-09,14070.0,ASK
344,1712367148.5959978,50751.68907928,14010.0,-1.2257291673959036e-09,14070.0,ASK
345,1712367150.5208578,50751.68907928,14010.0,-0.0,14070.0,ASK
346,1712367155.695807,50758.82174689,14020.0,8.741497147055502e-10,14070.0,BID
347,1712367163.1457195,50759.71174689,14020.0,1.0907465321993556e-10,14070.0,BID
348,1712367180.7618265,50759.71174689,14020.0,0.0,14070.0,BID
349,1712367190.700349,50759.9263091,14020.0,2.6295478701314047e-11,14070.0,BID
350,1712367196.296001,50772.83524806,14030.0,1.5820434058711223e-09,14070.0,BID
351,1712367196.303134,50842.71834145,14030.0,8.564459667996593e-09,14070.0,BID
352,1712367210.7959764,50842.71834145,14030.0,0.0,14070.0,BID
353,1712367223.8757286,50844.06456999,14030.0,1.6496228402854628e-10,14070.0,BID
354,1712367240.5401351,50844.06456999,14030.0,0.0,14070.0,BID
355,1712367258.879569,50859.92794586,14030.0,-1.9438398322998686e-09,14070.0,ASK
356,1712367260.808803,51221.00093751,14030.0,4.424455861656851e-08,14070.0,BID
357,1712367270.5057335,51221.00093751,14030.0,0.0,14070.0,BID
358,1712367300.769169,51221.00093751,14030.0,0.0,14070.0,BID
359,1712367330.7956166,51221.00093751,14030.0,0.0,14070.0,BID
360,1712367332.485841,51223.4525444,14020.0,-3.0243967526872197e-10,14070.0,ASK
361,1712367360.508413,51223.4525444,14020.0,-0.0,14070.0,ASK
362,1712367390.5481043,51223.4525444,14020.0,-0.0,14070.0,ASK
363,1712367420.7502325,51223.4525444,14020.0,-0.0,14070.0,ASK
364,1712367450.7705114,51223.4525444,14020.0,-0.0,14070.0,ASK
365,1712367480.5596244,51223.4525444,14020.0,-0.0,14070.0,ASK
366,1712367490.6058536,51357.88439176,14020.0,1.658396051651558e-08,14070.0,BID
367,1712367510.519597,51357.88439176,14020.0,0.0,14070.0,BID
368,1712367519.0757115,51400.68039746,14020.0,5.278230601145634e-09,14070.0,BID
369,1712367540.798747,51400.68039746,14020.0,0.0,14070.0,BID
370,1712367570.7458384,51400.68039746,14020.0,0.0,14070.0,BID
371,1712367585.5958126,51414.11685965,14020.0,1.6570588058248995e-09,14070.0,BID
372,1712367600.5894554,51414.11685965,14020.0,0.0,14070.0,BID
373,1712367601.4856007,51425.36486024,14010.0,-1.3921063778610971e-09,14070.0,ASK
374,1712367611.285902,51440.04459614,14010.0,-1.8168343616439563e-09,14070.0,ASK
375,1712367611.2882645,51682.68448631,14010.0,-3.003027390747882e-08,14070.0,ASK
376,1712367630.5396762,51682.68448631,14010.0,-0.0,14070.0,ASK
377,1712367660.770655,51682.68448631,14010.0,-0.0,14070.0,ASK
378,1712367681.20585,51687.68448631,14000.0,-6.185358857491569e-10,14070.0,ASK
379,1712367681.209803,51688.04170059,14000.0,-4.4189970216900935e-11,14070.0,ASK
380,1712367690.7723856,51688.04170059,14000.0,-0.0,14070.0,ASK
381,1712367720.5186298,51688.04170059,14000.0,-0.0,14070.0,ASK
382,1712367750.559559,51688.04170059,14000.0,-0.0,14070.0,ASK
383,1712367780.57573,51688.04170059,14000.0,-0.0,14070.0,ASK
384,1712367810.5555806,51688.04170059,14000.0,-0.0,14070.0,ASK
385,1712367840.5658555,51688.04170059,14000.0,-0.0,14070.0,ASK
386,1712367859.6358614,51695.18455773,14000.0,8.83614495254957e-10,14070.0,BID
387,1712367862.06574,51702.32741487,14000.0,8.83614495255857e-10,14070.0,BID
388,1712367862.2057052,51709.47027201,14000.0,8.83614495255857e-10,14070.0,BID
389,1712367870.5314002,51709.47027201,14000.0,0.0,14070.0,BID
390,1712367892.605957,52053.38952666,14000.0,4.2543306562827854e-08,14070.0,BID
391,1712367900.5557716,52053.38952666,14000.0,0.0,14070.0,BID
392,1712367912.465695,52054.10381237,14000.0,8.857053743327956e-11,14070.0,BID
393,1712367928.6360917,52065.68222552,13990.0,-1.435708794068742e-09,14070.0,ASK
394,1712367928.6401582,52086.81336204,13990.0,-2.620234581144879e-09,14070.0,ASK
395,1712367930.5280018,52086.81336204,13990.0,-0.0,14070.0,ASK
396,1712367960.760305,52086.81336204,13990.0,-0.0,14070.0,ASK
397,1712367978.3057995,52301.40563671,13980.0,-2.6607631714330443e-08,14070.0,ASK
398,1712367978.38596,52305.82053079,13980.0,-5.47409620961779e-10,14070.0,ASK
399,1712367988.9458306,52373.38524061,13980.0,-8.377454027833385e-09,14070.0,ASK
400,1712367990.7700288,52373.38524061,13980.0,-0.0,14070.0,ASK
401,1712367992.4564466,52380.53831643,13980.0,-8.86480702632374e-10,14070.0,ASK
402,1712368020.5298698,52380.53831643,13980.0,-0.0,14070.0,ASK
403,1712368050.5097277,52380.53831643,13980.0,-0.0,14070.0,ASK
404,1712368080.7782035,52380.53831643,13980.0,-0.0,14070.0,ASK
405,1712368083.3556287,52387.23239725,13980.0,-8.295871701649525e-10,14070.0,ASK
406,1712368099.7357812,52394.38547307,13980.0,-8.86469716612077e-10,14070.0,ASK
407,1712368099.739055,52424.33368296,13980.0,-3.7114357239190044e-09,14070.0,ASK
408,1712368103.658078,52456.5395272,13980.0,-3.991220886668296e-09,14070.0,ASK
409,1712368103.6759818,52761.17170941,13980.0,-3.775259916576712e-08,14070.0,ASK
410,1712368103.6797698,52776.41019747,13980.0,-1.888482455950553e-09,14070.0,ASK
411,1712368110.750492,52776.41019747,13980.0,-0.0,14070.0,ASK
412,1712368140.526735,52776.41019747,13980.0,-0.0,14070.0,ASK
413,1712368146.4829428,52776.81019747,13970.0,-4.953741104289751e-11,14070.0,ASK
414,1712368146.4848516,52789.69423469,13970.0,-1.5956046191718595e-09,14070.0,ASK
415,1712368146.4867604,52794.84625092,13970.0,-6.380438642222948e-10,14070.0,ASK
416,1712368146.5856044,52803.95269925,13970.0,-1.1277746851766672e-09,14070.0,ASK
417,1712368170.5160754,52803.95269925,13970.0,-0.0,14070.0,ASK
418,1712368196.4602716,52977.09735491,13970.0,2.1441823216711733e-08,14070.0,BID
419,1712368196.4622235,53044.34220625,13970.0,8.327442791521744e-09,14070.0,BID
420,1712368197.7357442,53044.34220692,13970.0,8.297112078091241e-17,14070.0,BID
421,1712368200.606069,53044.34220692,13970.0,0.0,14070.0,BID
422,1712368219.6257677,53045.07234292,13970.0,9.084645842318379e-11,14070.0,BID
423,1712368220.1462898,53051.28298747,13970.0,7.727533800465522e-10,14070.0,BID
424,1712368226.6959074,53051.99880708,13970.0,-8.906515558620139e-11,14070.0,ASK
425,1712368226.821458,53064.26564485,13970.0,1.526289304264446e-09,14070.0,BID
426,1712368230.568302,53064.26564485,13970.0,0.0,14070.0,BID
427,1712368237.4073443,53127.34468685,13970.0,7.848276376119324e-09,14070.0,BID
428,1712368238.2458646,53327.92291904,13960.0,-2.495588631895216e-08,14070.0,ASK
429,1712368238.250058,53346.95099926,13960.0,-2.3674683022851602e-09,14070.0,ASK
430,1712368239.1656628,53525.72703715,13970.0,2.2243263535742665e-08,14070.0,BID
431,1712368245.695649,53538.80167298,13970.0,1.626742452920586e-09,14070.0,BID
432,1712368246.1010602,53558.9823756,13970.0,2.510877251845352e-09,14070.0,BID
433,1712368246.1782608,53585.46770117,13970.0,3.2952966372704904e-09,14070.0,BID
434,1712368251.3258717,53614.21438724,13970.0,3.576654464328844e-09,14070.0,BID
435,1712368260.7556546,53614.21438724,13970.0,0.0,14070.0,BID
436,1712368271.1455967,53689.84602551,13980.0,9.40108298573253e-09,14070.0,BID
437,1712368271.1477826,53721.53319064,13970.0,3.938744099477172e-09,14070.0,BID
438,1712368290.7687483,53721.53319064,13970.0,0.0,14070.0,BID
439,1712368320.5299125,53721.53319064,13970.0,0.0,14070.0,BID
440,1712368350.510471,53721.53319064,13970.0,0.0,14070.0,BID
441,1712368372.1157582,53726.55398519,13970.0,6.23973092003736e-10,14070.0,BID
442,1712368380.768998,53726.55398519,13970.0,0.0,14070.0,BID
443,1712368410.7815757,53726.55398519,13970.0,0.0,14070.0,BID
444,1712368440.468443,53726.55398519,13970.0,0.0,14070.0,BID
445,1712368449.066047,53941.45369865,13960.0,-2.670702186461143e-08,14070.0,ASK
446,1712368457.94582,53948.60831747,13970.0,8.89152238419764e-10,14070.0,BID
447,1712368470.5185964,53948.60831747,13970.0,0.0,14070.0,BID
448,1712368497.655855,54061.16545777,13970.0,1.3982840243153492e-08,14070.0,BID
449,1712368500.538142,54061.16545777,13970.0,0.0,14070.0,BID
450,1712368502.465747,54145.56925161,13970.0,1.0494431343488412e-08,14070.0,BID
451,1712368505.865903,54150.62760797,13970.0,6.289358702463552e-10,14070.0,BID
452,1712368506.4658043,54213.91989501,13970.0,7.869510725700784e-09,14070.0,BID
453,1712368510.3257787,54267.51324347,13970.0,6.663583356777161e-09,14070.0,BID
454,1712368510.330027,54326.61768113,13970.0,7.348810224031084e-09,14070.0,BID
455,1712368510.3333917,54343.82728554,13970.0,2.139773625243261e-09,14070.0,BID
456,1712368510.4709537,54403.67025962,13970.0,-7.4406368991328015e-09,14070.0,ASK
457,1712368511.0122018,54485.19401243,13960.0,-1.013633851992396e-08,14070.0,ASK
458,1712368511.0860696,54488.77388438,13960.0,-4.45107011054384e-10,14070.0,ASK
459,1712368511.0902047,54693.53249182,13960.0,-2.545886920486952e-08,14070.0,ASK
460,1712368515.2658558,54694.45505628,13960.0,1.1470798817143692e-10,14070.0,BID
461,1712368530.5483558,54694.45505628,13960.0,0.0,14070.0,BID
462,1712368560.7711463,54694.45505628,13960.0,0.0,14070.0,BID
463,1712368575.695179,54906.68733974,13970.0,2.6359130580614235e-08,14070.0,BID
464,1712368580.7154307,54927.72885906,13970.0,2.6133448989394646e-09,14070.0,BID
465,1712368590.7477014,54927.72885906,13970.0,0.0,14070.0,BID
466,1712368593.1355166,55139.74904796,13970.0,2.632213479006586e-08,14070.0,BID
467,1712368620.49671,55139.74904796,13970.0,0.0,14070.0,BID
468,1712368638.1256468,55140.24765011,13950.0,-6.187829932799099e-11,14070.0,ASK
469,1712368638.130119,55179.74904796,13950.0,-4.902263899247839e-09,14070.0,ASK
470,1712368650.5385857,55179.74904796,13950.0,-0.0,14070.0,ASK
471,1712368680.7552185,55179.74904796,13950.0,-0.0,14070.0,ASK
472,1712368698.9853263,55220.72630183,13950.0,-5.085070737896761e-09,14070.0,ASK
473,1712368698.995144,55262.54108031,13950.0,-5.189003322059461e-09,14070.0,ASK
474,1712368710.750688,55262.54108031,13950.0,-0.0,14070.0,ASK
475,1712368711.1461914,55316.13442877,13950.0,-6.649711450443062e-09,14070.0,ASK
476,1712368740.5221622,55316.13442877,13950.0,-0.0,14070.0,ASK
477,1712368770.5079894,55316.13442877,13950.0,-0.0,14070.0,ASK
478,1712368788.4863777,55317.62461989,13950.0,-1.8488155898243176e-10,14070.0,ASK
479,1712368788.925329,55332.5275112,13950.0,-1.8489371878288342e-09,14070.0,ASK
480,1712368788.9306982,55339.33228993,13950.0,-8.44239428921259e-10,14070.0,ASK
481,1712368789.0652616,55409.78666318,13950.0,-8.740968986310213e-09,14070.0,ASK
482,1712368800.6453743,55409.78666318,13950.0,-0.0,14070.0,ASK
483,1712368830.5095472,55409.78666318,13950.0,-0.0,14070.0,ASK
484,1712368837.7462606,55415.78666318,13950.0,-7.56046199090335e-10,14070.0,ASK
485,1712368846.456649,55475.89668682,13950.0,-7.574325816708906e-09,14070.0,ASK
486,1712368846.4661822,55476.62786961,13950.0,-9.213466153631875e-11,14070.0,ASK
487,1712368860.828004,55476.62786961,13950.0,-0.0,14070.0,ASK
488,1712368869.046996,55492.89192396,13950.0,2.0491553154635714e-09,14070.0,BID
489,1712368876.7773678,55723.69531004,13950.0,2.9079587121077404e-08,14070.0,BID
490,1712368876.7852263,55785.37772096,13950.0,7.771545611400144e-09,14070.0,BID
491,1712368876.7902975,56054.07454134,13950.0,3.3853890664707985e-08,14070.0,BID
492,1712368877.0458732,56067.61456469,13950.0,1.705946759772319e-09,14070.0,BID
493,1712368890.7889042,56067.61456469,13950.0,0.0,14070.0,BID
494,1712368920.5378387,56067.61456469,13950.0,0.0,14070.0,BID
495,1712368940.839063,56097.49508034,13940.0,-3.760826273188242e-09,14070.0,ASK
496,1712368940.848109,56197.98516497,13950.0,-1.2647899216270396e-08,14070.0,ASK
497,1712368940.8503623,56212.33236497,13940.0,-1.805769597108573e-09,14070.0,ASK
498,1712368950.4816017,56212.33236497,13940.0,-0.0,14070.0,ASK
499,1712368970.19881,56219.41900995,13960.0,8.91713923901069e-10,14070.0,BID
500,1712368970.2084644,56261.93887981,13960.0,5.350283540894189e-09,14070.0,BID
501,1712368970.212074,56392.63523291,13970.0,1.6445547673316193e-08,14070.0,BID
502,1712368971.3520014,56393.02865208,13980.0,4.950401110982957e-11,14070.0,BID
503,1712368980.7622025,56393.02865208,13980.0,0.0,14070.0,BID
504,1712368989.9391594,56396.67764959,13970.0,4.5900830098474355e-10,14070.0,BID
505,1712369010.7792432,56396.67764959,13970.0,0.0,14070.0,BID
506,1712369013.849245,56428.8911639,13950.0,-4.052119963797362e-09,14070.0,ASK
507,1712369038.9195676,56440.51649791,13950.0,-1.46234426875652e-09,14070.0,ASK
508,1712369040.4943576,56440.51649791,13950.0,-0.0,14070.0,ASK
509,1712369071.020197,56440.51649791,13950.0,-0.0,14070.0,ASK
510,1712369089.0679953,56442.66703554,13950.0,-2.704941184933729e-10,14070.0,ASK
511,1712369100.7542782,56442.66703554,13950.0,-0.0,14070.0,ASK
512,1712369125.4808474,56540.46559253,13940.0,-1.2390119335360208e-08,14070.0,ASK
513,1712369130.767342,56540.46559253,13940.0,-0.0,14070.0,ASK
514,1712369160.512035,56540.46559253,13940.0,-0.0,14070.0,ASK
515,1712369190.524312,56540.46559253,13940.0,-0.0,14070.0,ASK
516,1712369220.7784452,56540.46559253,13940.0,-0.0,14070.0,ASK
517,1712369250.7777855,56540.46559253,13940.0,-0.0,14070.0,ASK
518,1712369280.5372305,56540.46559253,13940.0,-0.0,14070.0,ASK
519,1712369287.6624832,56720.68185327,13960.0,2.2827692445290923e-08,14070.0,BID
520,1712369310.4989202,56720.68185327,13960.0,0.0,14070.0,BID
521,1712369330.392963,56772.77908545,13960.0,6.5969670134092815e-09,14070.0,BID
522,1712369333.80421,56784.99879207,13960.0,1.547356704232782e-09,14070.0,BID
523,1712369333.809089,56838.42644887,13960.0,6.765435988913283e-09,14070.0,BID
524,1712369333.8925524,56859.35529429,13960.0,-2.6501773143618667e-09,14070.0,ASK
525,1712369333.89628,56869.1488204,13960.0,-1.240134379296834e-09,14070.0,ASK
526,1712369340.7729924,56869.1488204,13960.0,-0.0,14070.0,ASK
527,1712369363.4932618,56884.21576211,13940.0,-1.907395723898493e-09,14070.0,ASK
528,1712369370.8086004,56884.21576211,13940.0,-0.0,14070.0,ASK
529,1712369389.903587,56894.95305631,13970.0,1.3592489371853915e-09,14070.0,BID
530,1712369400.5993671,56894.95305631,13970.0,0.0,14070.0,BID
531,1712369418.1513188,56895.68319231,13960.0,9.248634990870764e-11,14070.0,BID
532,1712369430.4902823,56895.68319231,13960.0,0.0,14070.0,BID
533,1712369433.801406,56902.8945687,13950.0,-9.134640930104711e-10,14070.0,ASK
534,1712369439.994082,56916.84005852,13940.0,-1.7664733500361991e-09,14070.0,ASK
535,1712369440.0381992,56930.68412721,13940.0,-1.7536263489207023e-09,14070.0,ASK
536,1712369447.3239367,56954.63506953,13940.0,-3.0338626941494394e-09,14070.0,ASK
537,1712369448.1245072,56976.15587298,13940.0,-2.726037325077025e-09,14070.0,ASK
538,1712369448.6138191,56987.71167146,13940.0,-1.4637714642356301e-09,14070.0,ASK
539,1712369448.8338356,56997.43229298,13940.0,-1.2313098415691096e-09,14070.0,ASK
540,1712369448.8541048,56998.10984099,13940.0,-8.582491676455504e-11,14070.0,ASK
541,1712369448.8578975,57008.80950436,13940.0,-1.3553249431477795e-09,14070.0,ASK
542,1712369448.861807,57024.30100198,13940.0,-1.962305953473158e-09,14070.0,ASK
543,1712369448.9551597,57025.77553397,13940.0,-1.8677877204290846e-10,14070.0,ASK
544,1712369448.9600697,57026.13617897,13940.0,-4.568285442447408e-11,14070.0,ASK
545,1712369460.7822883,57026.13617897,13940.0,-0.0,14070.0,ASK
546,1712369490.7651365,57026.13617897,13940.0,-0.0,14070.0,ASK
547,1712369502.1242368,57037.91423101,13930.0,-1.491580692528124e-09,14070.0,ASK
548,1712369514.3346338,57039.186583,13930.0,-1.6113153991365054e-10,14070.0,ASK
549,1712369514.339534,57048.77606294,13930.0,-1.2144184013886583e-09,14070.0,ASK
550,1712369514.3440826,57049.30843803,13930.0,-6.742035123707436e-11,14070.0,ASK
551,1712369516.4347746,57077.74699884,13930.0,-3.6014790971741823e-09,14070.0,ASK
552,1712369516.4388745,57158.44255119,13930.0,-1.021934080859936e-08,14070.0,ASK
553,1712369520.5390086,57158.44255119,13930.0,-0.0,14070.0,ASK
554,1712369522.174546,57330.00399038,13930.0,-2.1721589972900133e-08,14070.0,ASK
555,1712369522.1847928,57358.71899319,13930.0,-3.635639337454653e-09,14070.0,ASK
556,1712369522.2344103,57358.71899396,13930.0,-9.74905857572723e-17,14070.0,ASK
557,1712369532.1046317,57359.0782612,13920.0,-4.548723602903428e-11,14070.0,ASK
558,1712369532.1097293,57402.55784228,13920.0,-5.504999473497059e-09,14070.0,ASK
559,1712369550.738602,57402.55784228,13920.0,-0.0,14070.0,ASK
560,1712369580.7379074,57402.55784228,13920.0,-0.0,14070.0,ASK
561,1712369585.885429,57412.06968118,13920.0,-1.203786581757817e-09,14070.0,ASK
562,1712369585.8937402,57423.29219644,13920.0,-1.4202840718384607e-09,14070.0,ASK
563,1712369610.77907,57423.29219644,13920.0,-0.0,14070.0,ASK
564,1712369640.5742755,57423.29219644,13920.0,-0.0,14070.0,ASK
565,1712369643.516446,57453.54388587,13910.0,-3.8284129969106894e-09,14070.0,ASK
566,1712369643.5212522,57616.02059627,13910.0,-2.0561759078943208e-08,14070.0,ASK
567,1712369643.52513,57633.36547046,13910.0,-2.195029204316954e-09,14070.0,ASK
568,1712369652.2254725,57651.25297873,13910.0,-2.263700653865625e-09,14070.0,ASK
569,1712369656.6654727,57651.97188599,13920.0,9.097917999360116e-11,14070.0,BID
570,1712369667.475416,57767.97188599,13910.0,-1.468003658669246e-08,14070.0,ASK
571,1712369670.520605,57767.97188599,13910.0,-0.0,14070.0,ASK
572,1712369697.3030634,57833.45472425,13910.0,-8.281961623646771e-09,14070.0,ASK
573,1712369697.3104525,57913.175152,13910.0,-1.0082665027817033e-08,14070.0,ASK
574,1712369700.561297,57913.175152,13910.0,-0.0,14070.0,ASK
575,1712369720.040632,57921.30405207,13910.0,1.030730086964933e-09,14070.0,BID
576,1712369730.50907,57921.30405207,13910.0,0.0,14070.0,BID
577,1712369735.435779,57921.73539642,13910.0,5.469291309068883e-11,14070.0,BID
578,1712369760.785838,57921.73539642,13910.0,0.0,14070.0,BID
579,1712369790.762948,57921.73539642,13910.0,0.0,14070.0,BID
580,1712369799.6661966,57942.72601431,13910.0,2.6615328717689077e-09,14070.0,BID
581,1712369820.5467172,57942.72601431,13910.0,0.0,14070.0,BID
582,1712369828.983202,57944.16382884,13900.0,-1.8230282620809207e-10,14070.0,ASK
583,1712369846.3565853,58052.9487606,13910.0,1.3793017176356929e-08,14070.0,BID
584,1712369848.2663035,58097.99165274,13910.0,5.711061034909722e-09,14070.0,BID
585,1712369850.5030718,58097.99165274,13910.0,0.0,14070.0,BID
586,1712369854.8366263,58098.35182528,13910.0,-4.5654356200688795e-11,14070.0,ASK
587,1712369880.7422843,58098.35182528,13910.0,-0.0,14070.0,ASK
588,1712369910.7902584,58098.35182528,13910.0,-0.0,14070.0,ASK
589,1712369940.5167727,58098.35182528,13910.0,-0.0,14070.0,ASK
590,1712369970.0372076,58213.03402407,13910.0,-1.4536751270558231e-08,14070.0,ASK
591,1712369970.0424812,58234.86652528,13910.0,-2.7674185100428543e-09,14070.0,ASK
592,1712369970.527895,58234.86652528,13910.0,-0.0,14070.0,ASK
593,1712369984.0935483,58242.13104542,13910.0,-9.20605908963992e-10,14070.0,ASK
594,1712369984.0977728,58314.02177151,13910.0,-9.110447209546633e-09,14070.0,ASK
595,1712370000.5405064,58314.02177151,13910.0,-0.0,14070.0,ASK
596,1712370022.3288755,58314.75505691,13910.0,9.305380469386844e-11,14070.0,BID
597,1712370030.5129952,58314.75505691,13910.0,0.0,14070.0,BID
598,1712370043.879512,58322.05902534,13910.0,9.268712728206942e-10,14070.0,BID
599,1712370047.217174,58343.65145704,13910.0,2.74007272140823e-09,14070.0,BID
600,1712370047.2224886,58377.83437934,13910.0,4.3378019777282376e-09,14070.0,BID
601,1712370054.8073845,58377.83438002,13910.0,8.629225632457883e-17,14070.0,BID
602,1712370054.8127806,58435.70028134,13910.0,7.34316448974187e-09,14070.0,BID
603,1712370055.2273643,58435.70028207,13910.0,9.263636543345204e-17,14070.0,BID
604,1712370060.7472403,58474.08123951,13900.0,-4.870531303005673e-09,14070.0,ASK
605,1712370060.7503972,58483.12778802,13910.0,-1.1480041312411623e-09,14070.0,ASK
606,1712370060.753487,58485.28709579,13900.0,-2.740154698604854e-10,14070.0,ASK
607,1712370060.8034935,58485.28709579,13900.0,-0.0,14070.0,ASK
608,1712370069.587479,58486.28709579,13900.0,-1.268615010619441e-10,14070.0,ASK
609,1712370069.5918424,58514.06607575,13900.0,-3.5240830956952076e-09,14070.0,ASK
610,1712370069.5959911,58522.60026639,13900.0,-1.082660234939066e-09,14070.0,ASK
611,1712370069.60019,58574.18191174,13900.0,-6.543724956345982e-09,14070.0,ASK
612,1712370090.7921069,58574.18191174,13900.0,-0.0,14070.0,ASK
613,1712370106.6277792,58577.67567113,13900.0,-4.4315409399551085e-10,14070.0,ASK
614,1712370106.6385157,58580.28020488,13900.0,-3.3036327503507845e-10,14070.0,ASK
615,1712370120.5319557,58580.28020488,13900.0,-0.0,14070.0,ASK
616,1712370150.33896,58581.01549899,13900.0,-9.326489185763043e-11,14070.0,ASK
617,1712370150.5434806,58581.01549899,13900.0,-0.0,14070.0,ASK
618,1712370158.343446,58656.42826192,13910.0,-9.565361623085886e-09,14070.0,ASK
619,1712370162.8912685,58687.78599503,13900.0,-3.977417684002815e-09,14070.0,ASK
620,1712370162.897786,58707.40366049,13900.0,-2.4883064488678753e-09,14070.0,ASK
621,1712370162.9019742,58708.40366049,13900.0,-1.268400898129669e-10,14070.0,ASK
622,1712370162.906155,58875.15289082,13900.0,-2.1150487351299692e-08,14070.0,ASK
623,1712370174.1244867,58889.15149025,13900.0,-1.775583608957006e-09,14070.0,ASK
624,1712370177.657848,58969.22072625,13940.0,1.0155989085496025e-08,14070.0,BID
625,1712370177.6634448,59104.35952468,13940.0,1.7141017330077854e-08,14070.0,BID
626,1712370180.5598173,59104.35952468,13940.0,0.0,14070.0,BID
627,1712370210.511547,59104.35952468,13940.0,0.0,14070.0,BID
628,1712370212.028255,59106.45673217,13940.0,2.6576445100231113e-10,14070.0,BID
629,1712370212.0378833,59112.84950495,13940.0,8.101114250072074e-10,14070.0,BID
630,1712370212.168134,59143.22411258,13940.0,-3.8491617828451564e-09,14070.0,ASK
631,1712370212.197763,59230.05418034,13940.0,-1.100336776345797e-08,14070.0,ASK
632,1712370240.791991,59230.05418034,13940.0,-0.0,14070.0,ASK
633,1712370241.447858,59301.79019181,13940.0,9.088585431885814e-09,14070.0,BID
634,1712370248.004708,59361.99344925,13940.0,7.627444533210961e-09,14070.0,BID
635,1712370248.0178187,59368.44037838,13940.0,-8.167929185161623e-10,14070.0,ASK
636,1712370270.7887542,59368.44037838,13940.0,-0.0,14070.0,ASK
637,1712370300.4977005,59368.44037838,13940.0,-0.0,14070.0,ASK
638,1712370305.1880662,59371.44037838,13940.0,-3.8077333803086756e-10,14070.0,ASK
639,1712370305.1982954,59374.8848116,13940.0,-4.3718277826794476e-10,14070.0,ASK
640,1712370330.5118904,59374.8848116,13940.0,-0.0,14070.0,ASK
641,1712370360.7756264,59374.8848116,13940.0,-0.0,14070.0,ASK
642,1712370390.8116608,59374.8848116,13940.0,-0.0,14070.0,ASK
643,1712370420.5239604,59374.8848116,13940.0,-0.0,14070.0,ASK
644,1712370437.0788023,59382.06356249,13930.0,9.111485905622143e-10,14070.0,BID
645,1712370450.476905,59382.06356249,13930.0,0.0,14070.0,BID
646,1712370480.7874355,59382.06356249,13930.0,0.0,14070.0,BID
647,1712370510.7880504,59382.06356249,13930.0,0.0,14070.0,BID
648,1712370540.5338387,59382.06356249,13930.0,0.0,14070.0,BID
649,1712370570.5362098,59382.06356249,13930.0,0.0,14070.0,BID
650,1712370593.9237149,59382.0635625,13930.0,1.2688541532734438e-18,14070.0,BID
651,1712370593.9289062,59382.42257182,13930.0,4.5565961153425265e-11,14070.0,BID
652,1712370600.64238,59382.42257182,13930.0,0.0,14070.0,BID
653,1712370624.139535,59383.15480441,13930.0,9.314323635583146e-11,14070.0,BID
654,1712370630.5280435,59383.15480441,13930.0,0.0,14070.0,BID
655,1712370660.7893372,59383.15480441,13930.0,0.0,14070.0,BID
656,1712370668.219622,59386.15480441,13920.0,-3.816128240262447e-10,14070.0,ASK
657,1712370668.2241254,59728.66690611,13910.0,-4.356900346430023e-08,14070.0,ASK
658,1712370668.2284894,59735.06701302,13910.0,-8.14120957332294e-10,14070.0,ASK
659,1712370668.2328813,60259.61491979,13900.0,-6.672473601318497e-08,14070.0,ASK
660,1712370668.2364628,60327.59118081,13910.0,-8.646870978195494e-09,14070.0,ASK
661,1712370690.811401,60327.59118081,13910.0,-0.0,14070.0,ASK
662,1712370705.8223898,60336.34749517,13930.0,1.1119831235582383e-09,14070.0,BID
663,1712370717.9696882,60338.55395567,13940.0,2.8020314688701846e-10,14070.0,BID
664,1712370717.9783185,60338.91980933,13940.0,4.6460540232324656e-11,14070.0,BID
665,1712370720.514528,60338.91980933,13940.0,0.0,14070.0,BID
666,1712370739.929396,60342.50660991,13940.0,-4.554863618366608e-10,14070.0,ASK
667,1712370742.399299,60343.72529837,13940.0,-1.5476075696919079e-10,14070.0,ASK
668,1712370742.4994965,60367.21257295,13930.0,2.9826395444320262e-09,14070.0,BID
669,1712370742.504778,60422.17999161,13930.0,6.9802903692502285e-09,14070.0,BID
670,1712370750.5606863,60422.17999161,13930.0,0.0,14070.0,BID
671,1712370769.1495037,60440.22525363,13930.0,-2.2912230847474955e-09,14070.0,ASK
672,1712370770.9238567,60443.80248635,13930.0,4.5420444316630885e-10,14070.0,BID
673,1712370780.7515595,60443.80248635,13930.0,0.0,14070.0,BID
674,1712370810.8021133,60443.80248635,13930.0,0.0,14070.0,BID
675,1712370822.2487326,60444.23352084,13920.0,-5.472674238397039e-11,14070.0,ASK
676,1712370840.5635183,60444.23352084,13920.0,-0.0,14070.0,ASK
677,1712370870.546026,60444.23352084,13920.0,-0.0,14070.0,ASK
678,1712370897.02959,60445.0097132,13920.0,-9.854999530551519e-11,14070.0,ASK
679,1712370897.0361414,60451.44332617,13920.0,-8.16849740692343e-10,14070.0,ASK
680,1712370900.773271,60451.44332617,13920.0,-0.0,14070.0,ASK
681,1712370930.7826493,60451.44332617,13920.0,-0.0,14070.0,ASK
682,1712370960.528911,60451.44332617,13920.0,-0.0,14070.0,ASK
683,1712370990.5014648,60451.44332617,13920.0,-0.0,14070.0,ASK
684,1712371020.8013802,60451.44332617,13920.0,-0.0,14070.0,ASK
685,1712371050.791525,60451.44332617,13920.0,-0.0,14070.0,ASK
686,1712371075.9083073,60523.24650504,13920.0,-9.199236972637737e-09,14070.0,ASK
687,1712371075.9141994,60590.00498849,13920.0,-8.552923684651827e-09,14070.0,ASK
688,1712371075.919447,60594.31425626,13920.0,-5.52092205646307e-10,14070.0,ASK
689,1712371080.4998238,60594.31425626,13920.0,-0.0,14070.0,ASK
690,1712371086.242929,60600.66325884,13920.0,8.13210534963982e-10,14070.0,BID
691,1712371110.518189,60600.66325884,13920.0,0.0,14070.0,BID
692,1712371140.8158116,60600.66325884,13920.0,0.0,14070.0,BID
693,1712371170.7679174,60600.66325884,13920.0,0.0,14070.0,BID
694,1712371189.567785,60602.76326602,13920.0,2.68975891796505e-10,14070.0,BID
695,1712371200.6336334,60602.76326602,13920.0,0.0,14070.0,BID
696,1712371205.9578366,60726.35791402,13920.0,1.5917745561656042e-08,14070.0,BID
697,1712371212.8877895,60768.63385354,13920.0,5.4447151195356414e-09,14070.0,BID
698,1712371212.8993237,60768.63385402,13920.0,6.18194477555311e-17,14070.0,BID
699,1712371214.8176725,60768.63385468,13920.0,8.500162353009999e-17,14070.0,BID
700,1712371230.51557,60768.63385468,13920.0,0.0,14070.0,BID
701,1712371238.9075902,60769.68707763,13930.0,-1.356041817218056e-10,14070.0,ASK
702,1712371260.7977338,60769.68707763,13930.0,-0.0,14070.0,ASK
703,1712371290.7976837,60769.68707763,13930.0,-0.0,14070.0,ASK
704,1712371320.5301962,60769.68707763,13930.0,-0.0,14070.0,ASK
705,1712371331.2486432,60772.69790196,13950.0,3.87647836911541e-10,14070.0,BID
706,1712371341.3773563,60776.7901585,13950.0,5.268837441008345e-10,14070.0,BID
707,1712371341.3829997,60822.58380996,13950.0,5.895996573390371e-09,14070.0,BID
708,1712371350.5391765,60822.58380996,13950.0,0.0,14070.0,BID
709,1712371357.5773988,60827.02872625,13950.0,-5.722348131423262e-10,14070.0,ASK
710,1712371377.142772,60827.74454586,13970.0,9.215401911912374e-11,14070.0,BID
711,1712371380.7572892,60827.74454586,13970.0,0.0,14070.0,BID
712,1712371389.1772628,60842.06093812,13970.0,1.843063304788463e-09,14070.0,BID
713,1712371401.3671403,60877.85191879,13970.0,4.607658264546592e-09,14070.0,BID
714,1712371410.8002872,60877.85191879,13970.0,0.0,14070.0,BID
715,1712371440.580629,60877.85191879,13970.0,0.0,14070.0,BID
716,1712371450.7371402,60885.00718153,13970.0,9.210710099453351e-10,14070.0,BID
717,1712371469.3375094,60897.69350937,13970.0,1.633064951026801e-09,14070.0,BID
718,1712371470.4992056,60897.69350937,13970.0,0.0,14070.0,BID
719,1712371498.6771357,61053.05121796,13950.0,-1.999792056637635e-08,14070.0,ASK
720,1712371500.5402007,61053.05121796,13950.0,-0.0,14070.0,ASK
721,1712371530.5101326,61053.05121796,13950.0,-0.0,14070.0,ASK
722,1712371547.7468724,61162.26769298,13960.0,-1.4092441206739085e-08,14070.0,ASK
723,1712371552.5472,61306.61735998,13970.0,1.8625753990296164e-08,14070.0,BID
724,1712371553.227115,61370.71992408,13950.0,-8.271294377656334e-09,14070.0,ASK
725,1712371560.5301328,61370.71992408,13950.0,-0.0,14070.0,ASK
726,1712371590.5209806,61370.71992408,13950.0,-0.0,14070.0,ASK
727,1712371620.7491434,61370.71992408,13950.0,-0.0,14070.0,ASK
728,1712371650.7773411,61370.71992408,13950.0,-0.0,14070.0,ASK
729,1712371658.2719083,61379.83359492,13970.0,1.1752842933867322e-09,14070.0,BID
730,1712371672.416817,61380.19359492,13970.0,4.642501940742335e-11,14070.0,BID
731,1712371680.501325,61380.19359492,13970.0,0.0,14070.0,BID
732,1712371710.5267649,61380.19359492,13970.0,0.0,14070.0,BID
733,1712371716.2868185,61385.69359492,13970.0,7.09259024712758e-10,14070.0,BID
734,1712371716.2922437,61401.66818332,13970.0,2.0600219979585463e-09,14070.0,BID
735,1712371740.211281,61407.03756399,13970.0,6.924148540577955e-10,14070.0,BID
736,1712371740.5739906,61407.03756399,13970.0,0.0,14070.0,BID
737,1712371770.509036,61407.03756399,13970.0,0.0,14070.0,BID
738,1712371800.5804431,61407.03756399,13970.0,0.0,14070.0,BID
739,1712371830.4988153,61407.03756399,13970.0,0.0,14070.0,BID
740,1712371860.766965,61407.03756399,13970.0,0.0,14070.0,BID
741,1712371869.316721,61407.75287158,13980.0,9.29150386876756e-11,14070.0,BID
742,1712371869.320899,61542.46255476,13980.0,1.7498144293837316e-08,14070.0,BID
743,1712371869.376513,61653.70496274,13980.0,-1.444985735603664e-08,14070.0,ASK
744,1712371869.3964715,61687.99137051,13980.0,-4.453640572186184e-09,14070.0,ASK
745,1712371869.4567327,61764.94737071,13980.0,-9.996216782551873e-09,14070.0,ASK
746,1712371890.7692895,61764.94737071,13980.0,-0.0,14070.0,ASK
747,1712371902.9568112,61765.66538028,13970.0,-9.32054349463598e-11,14070.0,ASK
748,1712371920.5222692,61765.66538028,13970.0,-0.0,14070.0,ASK
749,1712371950.5294547,61765.66538028,13970.0,-0.0,14070.0,ASK
750,1712371980.786793,61765.66538028,13970.0,-0.0,14070.0,ASK
751,1712372010.7666442,61765.66538028,13970.0,-0.0,14070.0,ASK
752,1712372040.5099597,61765.66538028,13970.0,-0.0,14070.0,ASK
753,1712372070.509801,61765.66538028,13970.0,-0.0,14070.0,ASK
754,1712372087.737203,61902.74191273,13970.0,-1.7793998473010223e-08,14070.0,ASK
755,1712372087.7443516,62045.09031291,13970.0,-1.8478343230356763e-08,14070.0,ASK
756,1712372087.7476375,62052.24850904,13970.0,-9.292103376867071e-10,14070.0,ASK
757,1712372087.75058,62350.24850904,13970.0,-3.868358390880019e-08,14070.0,ASK
758,1712372087.8766737,62363.24992309,13970.0,1.68772245414827e-09,14070.0,BID
759,1712372087.9766405,62400.10792309,13970.0,4.784562200371021e-09,14070.0,BID
760,1712372088.0365827,62410.62687964,13970.0,1.365472947433242e-09,14070.0,BID
761,1712372089.7081203,62423.54159503,13970.0,1.6764680417692774e-09,14070.0,BID
762,1712372089.7668197,62433.93939846,13970.0,1.34974597802577e-09,14070.0,BID
763,1712372090.9670386,62435.38439846,13970.0,1.8757643875236583e-10,14070.0,BID
764,1712372091.0667214,62459.74919103,13970.0,3.1628103953089304e-09,14070.0,BID
765,1712372093.376655,62505.81319103,13970.0,5.97959935964736e-09,14070.0,BID
766,1712372100.770619,62505.81319103,13970.0,0.0,14070.0,BID
767,1712372130.7666214,62505.81319103,13970.0,0.0,14070.0,BID
768,1712372135.326775,62538.8994396,13970.0,4.3020718887121445e-09,14070.0,BID
769,1712372141.3566992,62539.2594396,13970.0,4.680935273342667e-11,14070.0,BID
770,1712372146.1574705,62539.6194396,13950.0,-4.680935273342667e-11,14070.0,ASK
771,1712372154.4066198,62552.50510178,13970.0,1.6754708505179003e-09,14070.0,BID
772,1712372160.5425367,62552.50510178,13970.0,0.0,14070.0,BID
773,1712372161.1167407,62620.76460123,13970.0,8.874755601332947e-09,14070.0,BID
774,1712372165.5767064,62670.59160123,13970.0,6.4782550547632794e-09,14070.0,BID
775,1712372175.0971136,62739.32944046,13950.0,-8.936946925267136e-09,14070.0,ASK
776,1712372175.7267056,62746.58444046,13970.0,9.43258482796335e-10,14070.0,BID
777,1712372190.5300517,62746.58444046,13970.0,0.0,14070.0,BID
778,1712372196.746662,62796.58444046,13950.0,-6.498458044498034e-09,14070.0,ASK
779,1712372214.4272437,62836.57870329,13950.0,-5.198020780427351e-09,14070.0,ASK
780,1712372220.793297,62836.57870329,13950.0,-0.0,14070.0,ASK
781,1712372242.626661,62837.20321947,13950.0,-8.115460221519232e-11,14070.0,ASK
782,1712372250.781238,62837.20321947,13950.0,-0.0,14070.0,ASK
783,1712372273.0072217,62840.52805841,13970.0,4.3205554119034174e-10,14070.0,BID
784,1712372280.540733,62840.52805841,13970.0,0.0,14070.0,BID
785,1712372281.9471655,62917.83657629,13970.0,1.0046012011269406e-08,14070.0,BID
786,1712372286.7608905,62970.83657629,13970.0,6.887192397398196e-09,14070.0,BID
787,1712372287.1466842,63028.03557629,13970.0,7.432839961109114e-09,14070.0,BID
788,1712372290.2966957,63040.47319223,13970.0,1.6162312064851567e-09,14070.0,BID
789,1712372294.7640417,63106.74019223,13970.0,8.611199596195945e-09,14070.0,BID
790,1712372295.9367068,63119.70724932,13970.0,1.685030509564388e-09,14070.0,BID
791,1712372297.2275534,63187.28124932,13970.0,8.781040359656402e-09,14070.0,BID
792,1712372299.936669,63201.71424932,13970.0,1.875525431540176e-09,14070.0,BID
793,1712372301.978552,63208.22324932,13970.0,8.45825194616083e-10,14070.0,BID
794,1712372305.226684,63243.38448044,13970.0,4.569097427411867e-09,14070.0,BID
795,1712372310.5117383,63243.38448044,13970.0,0.0,14070.0,BID
796,1712372326.447107,63287.29823901,13970.0,5.702292088774474e-09,14070.0,BID
797,1712372340.5024004,63287.29823901,13970.0,0.0,14070.0,BID
798,1712372342.0201545,63297.3554655,13950.0,-1.30584756989514e-09,14070.0,ASK
799,1712372370.510441,63297.3554655,13950.0,-0.0,14070.0,ASK
800,1712372400.6866615,63297.3554655,13950.0,-0.0,14070.0,ASK
801,1712372421.9167998,63352.18267339,13950.0,-7.137646120511903e-09,14070.0,ASK
802,1712372430.576326,63352.18267339,13950.0,-0.0,14070.0,ASK
803,1712372433.1470191,63359.34086953,13970.0,9.317925547464576e-10,14070.0,BID
804,1712372433.1525905,63536.66228035,13970.0,2.3082179807271453e-08,14070.0,BID
805,1712372460.7957227,63536.66228035,13970.0,0.0,14070.0,BID
806,1712372464.7267568,63537.38499727,13960.0,-9.404553764418088e-11,14070.0,ASK
807,1712372490.787871,63537.38499727,13960.0,-0.0,14070.0,ASK
808,1712372520.5132985,63537.38499727,13960.0,-0.0,14070.0,ASK
809,1712372520.996849,63573.15037638,13980.0,-4.654062743555659e-09,14070.0,ASK
810,1712372534.506773,63580.3034522,13980.0,9.308125484511399e-10,14070.0,BID
811,1712372540.0873308,63582.73549798,13970.0,-3.1647626662925023e-10,14070.0,ASK
812,1712372550.4813962,63582.73549798,13970.0,-0.0,14070.0,ASK
813,1712372580.7700288,63582.73549798,13970.0,-0.0,14070.0,ASK
814,1712372610.7997866,63582.73549798,13970.0,-0.0,14070.0,ASK
815,1712372640.5751624,63582.73549798,13970.0,-0.0,14070.0,ASK
816,1712372657.2168984,63654.31745933,13970.0,-9.314020041728393e-09,14070.0,ASK
817,1712372667.2813425,63663.08669497,13990.0,1.1410254058594972e-09,14070.0,BID
818,1712372667.289671,63712.96448019,13990.0,6.489940795344133e-09,14070.0,BID
819,1712372670.568058,63712.96448019,13990.0,0.0,14070.0,BID
820,1712372700.8021336,63712.96448019,13990.0,0.0,14070.0,BID
821,1712372704.726076,63729.96448019,14000.0,2.225402819931132e-09,14070.0,BID
822,1712372704.7323997,63730.10733733,14000.0,1.8700863659395583e-11,14070.0,BID
823,1712372704.7361145,63732.96448019,14000.0,3.7401728103433357e-10,14070.0,BID
824,1712372715.057275,63762.75751224,14000.0,3.9000880904925045e-09,14070.0,BID
825,1712372723.2968788,63764.56957224,13990.0,-2.3720961375745637e-10,14070.0,ASK
826,1712372730.761542,63764.56957224,13990.0,-0.0,14070.0,ASK
827,1712372754.611382,63769.90547507,13990.0,-6.98435899701633e-10,14070.0,ASK
828,1712372760.5195472,63769.90547507,13990.0,-0.0,14070.0,ASK
829,1712372781.1370418,63844.63021425,13970.0,-9.780899717983263e-09,14070.0,ASK
830,1712372784.2125542,63853.82847226,13980.0,1.2039819765612555e-09,14070.0,BID
831,1712372790.4911728,63853.82847226,13980.0,0.0,14070.0,BID
832,1712372793.987079,63866.88908545,13990.0,1.709272554364214e-09,14070.0,BID
833,1712372793.9969668,63874.0585867,13990.0,9.38289155097767e-10,14070.0,BID
834,1712372794.2169962,63881.18501112,13990.0,9.326515910587936e-10,14070.0,BID
835,1712372820.7935486,63881.18501112,13990.0,0.0,14070.0,BID
836,1712372850.8020022,63881.18501112,13990.0,0.0,14070.0,BID
837,1712372880.502573,63881.18501112,13990.0,0.0,14070.0,BID
838,1712372910.554588,63881.18501112,13990.0,0.0,14070.0,BID
839,1712372929.3357823,63881.57843029,13980.0,-5.148509491047202e-11,14070.0,ASK
840,1712372940.7657535,63881.57843029,13980.0,-0.0,14070.0,ASK
841,1712372970.7595465,63881.57843029,13980.0,-0.0,14070.0,ASK
842,1712373000.5670776,63881.57843029,13980.0,-0.0,14070.0,ASK
843,1712373004.864237,63911.57843029,13990.0,3.94089730305389e-09,14070.0,BID
844,1712373030.5263424,63911.57843029,13990.0,0.0,14070.0,BID
845,1712373060.7494037,63911.57843029,13990.0,0.0,14070.0,BID
846,1712373079.3029568,63912.07843029,14000.0,6.567800068228678e-11,14070.0,BID
847,1712373090.756883,63912.07843029,14000.0,0.0,14070.0,BID
848,1712373115.8519576,63912.43564457,14000.0,4.692219630706244e-11,14070.0,BID
849,1712373120.5220797,63912.43564457,14000.0,0.0,14070.0,BID
850,1712373150.5339513,63912.43564457,14000.0,0.0,14070.0,BID
851,1712373180.7475114,63912.43564457,14000.0,0.0,14070.0,BID
852,1712373210.7554562,63912.43564457,14000.0,0.0,14070.0,BID
853,1712373210.794847,63919.16460363,14000.0,8.83887762103561e-10,14070.0,BID
854,1712373210.7982624,63983.864216,14000.0,8.498668973430887e-09,14070.0,BID
855,1712373231.5604234,63983.8692217,14000.0,6.57527699124454e-13,14070.0,BID
856,1712373231.5674734,64126.64996598,14000.0,1.8755078074910906e-08,14070.0,BID
857,1712373240.4921105,64126.64996598,14000.0,0.0,14070.0,BID
858,1712373256.1399422,64128.0785374,14000.0,1.875772401351951e-10,14070.0,BID
859,1712373270.534341,64128.0785374,14000.0,0.0,14070.0,BID
860,1712373273.329859,64148.5785374,13990.0,-2.6917263434091587e-09,14070.0,ASK
861,1712373300.546682,64148.5785374,13990.0,-0.0,14070.0,ASK
862,1712373318.919223,64193.76627864,13990.0,-5.9362386555257635e-09,14070.0,ASK
863,1712373330.5218074,64193.76627864,13990.0,-0.0,14070.0,ASK
864,1712373337.3497913,64194.76627864,13990.0,1.3135743325420567e-10,14070.0,BID
865,1712373345.1988416,64225.3719224,13990.0,4.020278807405961e-09,14070.0,BID
866,1712373360.7449937,64225.3719224,13990.0,0.0,14070.0,BID
867,1712373365.3011866,64484.60004277,13990.0,3.40495628731402e-08,14070.0,BID
868,1712373365.5786786,64575.82393999,13980.0,-1.1982241045037308e-08,14070.0,ASK
869,1712373365.5885808,64667.48226662,13990.0,-1.2039303263012189e-08,14070.0,ASK
870,1712373384.537375,64681.7679809,14000.0,1.876425774604445e-09,14070.0,BID
871,1712373390.7809176,64681.7679809,14000.0,0.0,14070.0,BID
1072,1712373391.188532,64850.48816066,13990.0,-2.214279441789236e-08,14070.0,ASK
872,1712373391.188532,64850.48816066,13990.0,-2.2142794417892362e-08,14070.0,ASK
873,1712373391.198837,64864.78408632,13990.0,-1.8761937271116046e-09,14070.0,ASK
874,1712373402.577573,65047.93426948,13990.0,-2.4036584474244587e-08,14070.0,ASK
875,1712373413.1184592,65231.21872696,13990.0,-2.4054206602597924e-08,14070.0,ASK
876,1712373420.51937,65231.21872696,13990.0,-0.0,14070.0,ASK
877,1712373422.5680563,65414.6376558,13980.0,-2.4047594996373152e-08,14070.0,ASK
878,1712373432.7279675,65598.19125346,13980.0,-2.406525108706475e-08,14070.0,ASK
879,1712373450.5670466,65598.19125346,13980.0,-0.0,14070.0,ASK
880,1712373480.5739362,65598.19125346,13980.0,-0.0,14070.0,ASK
881,1712373510.509859,65598.19125346,13980.0,-0.0,14070.0,ASK
882,1712373512.3475494,65685.43993324,13980.0,-1.1431266359096333e-08,14070.0,ASK
883,1712373540.80538,65685.43993324,13980.0,-0.0,14070.0,ASK
884,1712373545.3201528,65686.86779038,14000.0,1.87047039672378e-10,14070.0,BID
885,1712373570.7515008,65686.86779038,14000.0,0.0,14070.0,BID
886,1712373600.5609865,65686.86779038,14000.0,0.0,14070.0,BID
887,1712373613.3461888,65909.25611008,14000.0,2.9222123346269244e-08,14070.0,BID
888,1712373614.0763457,66109.65086574,14000.0,2.6332139546455724e-08,14070.0,BID
889,1712373614.0833364,66110.01515146,14000.0,4.786763197622655e-11,14070.0,BID
1089,1712373614.0833364,66110.01515146,14000.0,4.7867631976226546e-11,14070.0,BID
890,1712373630.4994311,66110.01515146,14000.0,0.0,14070.0,BID
891,1712373653.5805497,66119.75874662,14010.0,1.2793256012527311e-09,14070.0,BID
892,1712373653.5869637,66126.29588362,14010.0,8.58320423380728e-10,14070.0,BID
893,1712373660.7658803,66126.29588362,14010.0,0.0,14070.0,BID
894,1712373671.2359014,66127.63414881,14010.0,-1.7570779761035904e-10,14070.0,ASK
895,1712373690.746453,66127.63414881,14010.0,-0.0,14070.0,ASK
896,1712373720.559455,66127.63414881,14010.0,-0.0,14070.0,ASK
897,1712373734.263256,66136.62298976,14010.0,-1.180188777398637e-09,14070.0,ASK
898,1712373744.1611657,66137.33089506,14010.0,-9.29443401184392e-11,14070.0,ASK
1098,1712373744.1611657,66137.33089506,14010.0,-9.294434011843919e-11,14070.0,ASK
899,1712373744.1670556,66146.41185048,14010.0,-1.1922829355143588e-09,14070.0,ASK
900,1712373750.488324,66146.41185048,14010.0,-0.0,14070.0,ASK
901,1712373780.817203,66146.41185048,14010.0,-0.0,14070.0,ASK
902,1712373799.985336,66147.2763298,14020.0,1.134977867309374e-10,14070.0,BID
903,1712373799.992897,66147.73087903,14030.0,5.967792446929871e-11,14070.0,BID
904,1712373799.9963102,66389.92226574,14030.0,3.179739031426028e-08,14070.0,BID
905,1712373799.999636,66475.49453697,14040.0,1.1234812869858064e-08,14070.0,BID
906,1712373800.003104,66487.64341451,14030.0,1.595030303378668e-09,14070.0,BID
907,1712373800.0064824,66569.7798275,14040.0,1.0783717861871308e-08,14070.0,BID
908,1712373810.7623284,66569.7798275,14040.0,0.0,14070.0,BID
909,1712373813.6649516,66634.06736311,14030.0,8.43375375182223e-09,14070.0,BID
910,1712373828.1950152,66634.45222111,14040.0,5.048875447687673e-11,14070.0,BID
911,1712373828.2024848,66810.1646855,14030.0,2.3051368227596533e-08,14070.0,BID
912,1712373828.2083642,66968.02827251,14040.0,2.070980955465849e-08,14070.0,BID
1112,1712373828.2083642,66968.02827251,14040.0,2.0709809554658492e-08,14070.0,BID
913,1712373828.2137198,67102.37667269,14040.0,1.7624899030862977e-08,14070.0,BID
914,1712373828.217206,67102.73992056,14040.0,4.765376456381801e-11,14070.0,BID
915,1712373828.2748811,67123.42093144,14040.0,-2.713100625895202e-09,14070.0,ASK
916,1712373828.285452,67181.32569644,14040.0,-7.59641078839352e-09,14070.0,ASK
917,1712373840.5184307,67181.32569644,14040.0,-0.0,14070.0,ASK
918,1712373844.4451156,67196.15357257,14020.0,1.943051506476953e-09,14070.0,BID
919,1712373844.4528198,67210.63121696,14020.0,1.8971569829440407e-09,14070.0,BID
920,1712373844.4602594,67455.0756608,14030.0,3.203210902825419e-08,14070.0,BID
921,1712373859.6946292,67462.24890952,14030.0,9.399857140398828e-10,14070.0,BID
922,1712373868.4113133,67473.03973777,14030.0,1.4140349503521391e-09,14070.0,BID
923,1712373868.4201496,67707.18972913,14030.0,3.068311938035986e-08,14070.0,BID
924,1712373868.4235249,67723.36501611,14030.0,2.119616825677169e-09,14070.0,BID
925,1712373868.4269507,67735.55128966,14030.0,1.596894725319895e-09,14070.0,BID
926,1712373870.5077822,67735.55128966,14030.0,0.0,14070.0,BID
927,1712373900.7457893,67735.55128966,14030.0,0.0,14070.0,BID
928,1712373930.7645495,67735.55128966,14030.0,0.0,14070.0,BID
929,1712373960.5396016,67735.55128966,14030.0,0.0,14070.0,BID
930,1712373963.0945592,67736.62042722,14030.0,1.4064372717867756e-10,14070.0,BID
931,1712373980.214274,67750.88576245,14020.0,-1.876587252439376e-09,14070.0,ASK
932,1712373988.6844122,67770.66087016,14010.0,-2.601391025581314e-09,14070.0,ASK
933,1712373990.4894855,67770.66087016,14010.0,-0.0,14070.0,ASK
934,1712373995.2348576,67789.29311617,14010.0,-2.450890336336655e-09,14070.0,ASK
935,1712374020.7537272,67789.29311617,14010.0,-0.0,14070.0,ASK
936,1712374046.0344558,67815.4677201,14010.0,-3.4428957795346803e-09,14070.0,ASK
937,1712374050.7817538,67815.4677201,14010.0,-0.0,14070.0,ASK
938,1712374080.519251,67815.4677201,14010.0,-0.0,14070.0,ASK
939,1712374110.5138247,67815.4677201,14010.0,-0.0,14070.0,ASK
940,1712374140.779581,67815.4677201,14010.0,-0.0,14070.0,ASK
941,1712374144.4037883,68499.5910093,14010.0,-8.998231972783145e-08,14070.0,ASK
942,1712374150.3236868,68513.59491465,14010.0,-1.841925144978221e-09,14070.0,ASK
943,1712374150.3340986,68558.48386815,14010.0,-5.904216725039892e-09,14070.0,ASK
944,1712374170.773788,68558.48386815,14010.0,-0.0,14070.0,ASK
945,1712374184.7792065,68559.19713491,14020.0,9.368726836487488e-11,14070.0,BID
946,1712374190.1139293,68561.36564231,14010.0,-2.848324724010129e-10,14070.0,ASK
947,1712374200.6293983,68561.36564231,14010.0,-0.0,14070.0,ASK
948,1712374209.1333013,68564.9089648,14010.0,-4.666832640893017e-10,14070.0,ASK
949,1712374211.563293,68566.68062604,14010.0,-2.33341631388215e-10,14070.0,ASK
950,1712374214.3337102,68567.56645666,14010.0,-1.1667081569314919e-10,14070.0,ASK
951,1712374216.9833543,68568.00937197,14010.0,-5.833540784561629e-11,14070.0,ASK
952,1712374224.508741,68568.45228729,14010.0,-5.833540916423777e-11,14070.0,ASK
953,1712374230.4834197,68568.45228729,14010.0,-0.0,14070.0,ASK
954,1712374260.7686975,68568.45228729,14010.0,-0.0,14070.0,ASK
955,1712374272.6929436,68650.35293597,14010.0,-1.0786814456573391e-08,14070.0,ASK
956,1712374290.773607,68650.35293597,14010.0,-0.0,14070.0,ASK
957,1712374294.5828,69069.00458624,14000.0,-5.513064168653807e-08,14070.0,ASK
958,1712374320.5178916,69069.00458624,14000.0,-0.0,14070.0,ASK
959,1712374350.5234792,69069.00458624,14000.0,-0.0,14070.0,ASK
960,1712374350.5457687,69131.42458624,14010.0,8.213512690603508e-09,14070.0,BID
961,1712374351.9626367,69176.88145314,14000.0,-5.981425074627286e-09,14070.0,ASK
962,1712374351.9688106,69554.79256326,14000.0,-4.9727294118723705e-08,14070.0,ASK
963,1712374373.772484,69572.01401743,14010.0,2.266078698750669e-09,14070.0,BID
964,1712374380.7640717,69572.01401743,14010.0,0.0,14070.0,BID
965,1712374410.8234866,69572.01401743,14010.0,0.0,14070.0,BID
966,1712374440.5191798,69572.01401743,14010.0,0.0,14070.0,BID
967,1712374442.7122896,69579.37672792,14020.0,9.67922532132605e-10,14070.0,BID
968,1712374442.7185106,69582.66388582,14020.0,4.321389795806151e-10,14070.0,BID
1168,1712374442.7185106,69582.66388582,14020.0,4.3213897958061506e-10,14070.0,BID
1169,1712374443.262813,69602.77608734,14020.0,2.64400631376881e-09,14070.0,BID
969,1712374443.262813,69602.77608734,14020.0,2.6440063137688104e-09,14070.0,BID
970,1712374446.622225,69611.16057947,14010.0,-1.1022488068965115e-09,14070.0,ASK
971,1712374458.6320958,69621.16057947,14010.0,-1.3146279939271136e-09,14070.0,ASK
972,1712374460.3625798,69622.08541995,14010.0,-1.2158211849274552e-10,14070.0,ASK
973,1712374470.5188396,69622.08541995,14010.0,-0.0,14070.0,ASK
974,1712374478.072048,69625.29844584,14010.0,4.22354410909849e-10,14070.0,BID
975,1712374500.7677042,69625.29844584,14010.0,0.0,14070.0,BID
976,1712374513.972813,69634.8968432,14010.0,1.264016974084589e-09,14070.0,BID
977,1712374513.9768977,69638.41065303,14010.0,4.6273509027123655e-10,14070.0,BID
978,1712374514.2521193,69666.96168801,14010.0,3.75989777135145e-09,14070.0,BID
1178,1712374514.2521193,69666.96168801,14010.0,3.7598977713514506e-09,14070.0,BID
979,1712374514.2607057,69778.40667779,14010.0,1.4676237446237545e-08,14070.0,BID
980,1712374514.3921306,69855.13406572,14010.0,-1.0104261897400571e-08,14070.0,ASK
981,1712374523.441969,69895.0451284,14010.0,-5.255904583773075e-09,14070.0,ASK
982,1712374530.7920153,69895.0451284,14010.0,-0.0,14070.0,ASK
983,1712374560.500744,69895.0451284,14010.0,-0.0,14070.0,ASK
984,1712374587.901836,69899.30370986,14010.0,5.605354124626561e-10,14070.0,BID
985,1712374590.5329957,69899.30370986,14010.0,0.0,14070.0,BID
986,1712374620.7718592,69899.30370986,14010.0,0.0,14070.0,BID
987,1712374627.9426527,69906.05590432,14020.0,8.88750026195938e-10,14070.0,BID
988,1712374644.4316206,69907.05590432,14030.0,1.3162387894198492e-10,14070.0,BID
989,1712374650.8017037,69907.05590432,14030.0,0.0,14070.0,BID
990,1712374663.241809,69907.66803882,14040.0,8.057036460725715e-11,14070.0,BID
991,1712374663.2519107,69908.43575756,14040.0,1.0104867279567247e-10,14070.0,BID
992,1712374663.2560744,69909.31523862,14040.0,1.1575905241245308e-10,14070.0,BID
993,1712374680.5369606,69909.31523862,14040.0,0.0,14070.0,BID
994,1712374702.432413,69960.28524904,14040.0,-6.708746488756054e-09,14070.0,ASK
995,1712374708.0215,69966.28524904,14020.0,-7.89728677723405e-10,14070.0,ASK
996,1712374710.5054514,69966.28524904,14020.0,-0.0,14070.0,ASK
1197,1712374730.5115876,69979.83731751,14020.0,-1.783555110206242e-09,14070.0,ASK
997,1712374730.5115876,69979.83731751,14020.0,-1.7835551102062421e-09,14070.0,ASK
998,1712374732.3613608,70160.47447033,14040.0,-2.377322087165901e-08,14070.0,ASK
1198,1712374732.3613608,70160.47447033,14040.0,-2.3773220871659012e-08,14070.0,ASK
999,1712374732.4614637,70231.31257703,14040.0,-9.322832708658869e-09,14070.0,ASK
1000,1712374740.53576,70231.31257703,14040.0,-0.0,14070.0,ASK
1201,1712374770.5717163,70231.31257703,14040.0,-0.0,14070.0,ASK
1202,1712374793.6412303,70232.12528493,14030.0,-1.0690618127337287e-10,14070.0,ASK
1203,1712374795.951394,70238.45369642,14030.0,-8.32459369364469e-10,14070.0,ASK
1204,1712374800.573098,70238.45369642,14030.0,-0.0,14070.0,ASK
1205,1712374815.5312915,70345.36745266,14010.0,-1.4109476127645326e-08,14070.0,ASK
1206,1712374830.5246575,70345.36745266,14010.0,-0.0,14070.0,ASK
1207,1712374860.7561846,70345.36745266,14010.0,-0.0,14070.0,ASK
1208,1712374885.3913584,70345.8178366,14010.0,-5.942570692314089e-11,14070.0,ASK
1209,1712374890.7649136,70345.8178366,14010.0,-0.0,14070.0,ASK
1210,1712374902.1411746,70352.66301972,14010.0,-9.031838640740512e-10,14070.0,ASK
1211,1712374919.6912186,70352.95559535,14010.0,3.8603728110865345e-11,14070.0,BID
1212,1712374920.5034668,70352.95559535,14010.0,0.0,14070.0,BID
1213,1712374931.401316,70405.95559535,14000.0,-6.9929631338815925e-09,14070.0,ASK
1214,1712374950.5182755,70405.95559535,14000.0,-0.0,14070.0,ASK
1215,1712374971.3126516,70408.80662884,14030.0,3.76136233988917e-10,14070.0,BID
1216,1712374980.7793014,70408.80662884,14030.0,0.0,14070.0,BID
1217,1712375010.7666364,70408.80662884,14030.0,0.0,14070.0,BID
1218,1712375040.5079567,70408.80662884,14030.0,0.0,14070.0,BID
1219,1712375070.508703,70408.80662884,14030.0,0.0,14070.0,BID
1220,1712375071.8750594,70412.80662884,14000.0,-5.277163532102341e-10,14070.0,ASK
1221,1712375087.255445,70423.50563026,14020.0,1.411509503088147e-09,14070.0,BID
1222,1712375096.5756009,70425.50563026,14020.0,2.6385817660511704e-10,14070.0,BID
1223,1712375100.5026271,70425.50563026,14020.0,0.0,14070.0,BID
1224,1712375130.4713616,70425.50563026,14020.0,0.0,14070.0,BID
1225,1712375136.2673676,70426.00563026,14020.0,6.616888993229265e-11,14070.0,BID
1226,1712375160.7359655,70426.00563026,14020.0,0.0,14070.0,BID
1227,1712375160.966679,70532.88870797,14020.0,1.4144656087411042e-08,14070.0,BID
1228,1712375190.8034406,70532.88870797,14020.0,0.0,14070.0,BID
1229,1712375220.564793,70532.88870797,14020.0,0.0,14070.0,BID
1230,1712375233.2184706,70542.1379581,14010.0,1.2237814063632667e-09,14070.0,BID
1231,1712375233.221795,70604.17973863,14020.0,8.208835998947423e-09,14070.0,BID
1232,1712375250.504386,70604.17973863,14020.0,0.0,14070.0,BID
1233,1712375280.7462597,70604.17973863,14020.0,0.0,14070.0,BID
1234,1712375310.765407,70604.17973863,14020.0,0.0,14070.0,BID
1235,1712375322.209637,70632.71040911,14000.0,-3.774434381910221e-09,14070.0,ASK
1236,1712375340.5496345,70632.71040911,14000.0,-0.0,14070.0,ASK
1237,1712375370.506357,70632.71040911,14000.0,-0.0,14070.0,ASK
1238,1712375400.5676875,70632.71040911,14000.0,-0.0,14070.0,ASK
1239,1712375401.630435,70647.71040911,14000.0,-1.985107032910753e-09,14070.0,ASK
1240,1712375430.5224018,70647.71040911,14000.0,-0.0,14070.0,ASK
1241,1712375460.7569127,70647.71040911,14000.0,-0.0,14070.0,ASK
1242,1712375487.0710018,70656.21040911,14000.0,-1.124862723695439e-09,14070.0,ASK
1243,1712375490.7868428,70656.21040911,14000.0,-0.0,14070.0,ASK
1244,1712375520.5217032,70656.21040911,14000.0,-0.0,14070.0,ASK
1245,1712375537.8213563,70658.50996593,14000.0,-3.0431117801743743e-10,14070.0,ASK
1246,1712375550.5127635,70658.50996593,14000.0,-0.0,14070.0,ASK
1247,1712375580.7942517,70658.50996593,14000.0,-0.0,14070.0,ASK
1248,1712375610.7551558,70658.50996593,14000.0,-0.0,14070.0,ASK
1249,1712375614.712217,70662.37047982,14000.0,-5.108777980032631e-10,14070.0,ASK
1250,1712375620.5122266,70664.30073677,14000.0,-2.554388996631147e-10,14070.0,ASK
1251,1712375637.1924562,70675.24127928,14000.0,-1.447807319368489e-09,14070.0,ASK
1252,1712375637.1954155,70700.01502249,14000.0,-3.278412081924842e-09,14070.0,ASK
1253,1712375638.6835432,70750.90751892,14020.0,6.7348149111389425e-09,14070.0,BID
1254,1712375640.539406,70750.90751892,14020.0,0.0,14070.0,BID
1255,1712375653.2125518,70755.90751892,14020.0,6.61557379645856e-10,14070.0,BID
1256,1712375670.5253155,70755.90751892,14020.0,0.0,14070.0,BID
1257,1712375689.6630576,70802.03248756,14000.0,-6.102806074210006e-09,14070.0,ASK
1258,1712375700.5461347,70802.03248756,14000.0,-0.0,14070.0,ASK
1259,1712375726.9033666,70902.03248756,14020.0,1.3305769302279256e-08,14070.0,BID
1260,1712375730.5149913,70902.03248756,14020.0,0.0,14070.0,BID
1261,1712375755.693326,71184.40124426,14020.0,3.7564327839847547e-08,14070.0,BID
1262,1712375755.696318,71400.82018358,14020.0,2.8790833951949812e-08,14070.0,BID
1263,1712375760.7833865,71400.82018358,14020.0,0.0,14070.0,BID
1264,1712375790.747226,71400.82018358,14020.0,0.0,14070.0,BID
1265,1712375820.5353355,71400.82018358,14020.0,0.0,14070.0,BID
1266,1712375849.9138107,71695.51185343,14020.0,3.9167243157220383e-08,14070.0,BID
1267,1712375850.5364506,71695.51185343,14020.0,0.0,14070.0,BID
1268,1712375853.8540075,71910.03091344,14020.0,2.8495915441295548e-08,14070.0,BID
1269,1712375863.894132,71911.03091344,14020.0,1.3283628708780826e-10,14070.0,BID
1270,1712375880.788648,71911.03091344,14020.0,0.0,14070.0,BID
1271,1712375898.8241649,71911.7441802,14020.0,9.470969398798958e-11,14070.0,BID
1272,1712375910.7901149,71911.7441802,14020.0,0.0,14070.0,BID
1273,1712375920.014348,71929.9791426,14020.0,2.421289638682252e-09,14070.0,BID
1274,1712375940.5542638,71929.9791426,14020.0,0.0,14070.0,BID
1275,1712375941.9043374,71988.48729531,14020.0,7.768613499522289e-09,14070.0,BID
1276,1712375962.9250824,72006.75356939,14010.0,-2.4253649590891862e-09,14070.0,ASK
1277,1712375962.9297206,72108.48729531,14010.0,-1.3508031956779986e-08,14070.0,ASK
1278,1712375968.5345895,72109.20530488,14010.0,-9.533609556866304e-11,14070.0,ASK
1279,1712375970.5208871,72109.20530488,14010.0,-0.0,14070.0,ASK
1280,1712375970.6044314,72129.20530488,14020.0,2.654680873620601e-09,14070.0,BID
1281,1712376000.6474156,72129.20530488,14020.0,0.0,14070.0,BID
1282,1712376030.5397668,72129.20530488,14020.0,0.0,14070.0,BID
1283,1712376060.7652397,72129.20530488,14020.0,0.0,14070.0,BID
1284,1712376090.797581,72129.20530488,14020.0,0.0,14070.0,BID
1285,1712376120.5317826,72129.20530488,14020.0,0.0,14070.0,BID
1286,1712376137.3756752,72129.95370117,14030.0,9.978711211961555e-11,14070.0,BID
1287,1712376150.537268,72129.95370117,14030.0,0.0,14070.0,BID
1288,1712376159.5859947,72134.26986151,14030.0,5.754926615041655e-10,14070.0,BID
1289,1712376159.5895112,72229.95370117,14030.0,1.275794762271588e-08,14070.0,BID
1290,1712376180.7704108,72229.95370117,14030.0,0.0,14070.0,BID
1291,1712376210.7819233,72229.95370117,14030.0,0.0,14070.0,BID
1292,1712376228.4045236,72244.43609925,14020.0,-1.930640738295321e-09,14070.0,ASK
1293,1712376231.3062203,72251.93609925,14030.0,9.99820986637017e-10,14070.0,BID
1294,1712376240.5561123,72251.93609925,14030.0,0.0,14070.0,BID
1295,1712376246.8359494,72252.55987859,14030.0,8.315227287204835e-11,14070.0,BID
1296,1712376251.3760078,72474.27256413,14020.0,-2.9555184895101933e-08,14070.0,ASK
1297,1712376251.3777304,72477.71927249,14020.0,-4.594599655443103e-10,14070.0,ASK
1298,1712376251.456176,72478.37319545,14020.0,-8.717053759436876e-11,14070.0,ASK
1299,1712376251.4596255,72519.28617502,14020.0,-5.453863286422676e-09,14070.0,ASK
1300,1712376268.146329,72734.78945604,14020.0,2.8727446517253642e-08,14070.0,BID
1301,1712376270.53144,72734.78945604,14020.0,0.0,14070.0,BID
1302,1712376300.769548,72734.78945604,14020.0,0.0,14070.0,BID
1303,1712376302.67636,72908.95829173,14020.0,-2.3323378884140936e-08,14070.0,ASK
1304,1712376319.7961652,73348.01002121,14020.0,5.8794501300024094e-08,14070.0,BID
1305,1712376330.7734575,73348.01002121,14020.0,0.0,14070.0,BID
1306,1712376360.4783258,73348.01002121,14020.0,0.0,14070.0,BID
1307,1712376390.6031106,73348.01002121,14020.0,0.0,14070.0,BID
1308,1712376408.356709,73351.85913591,14030.0,5.14851709573117e-10,14070.0,BID
1309,1712376420.7707715,73351.85913591,14030.0,0.0,14070.0,BID
1310,1712376424.5070488,73417.47336619,14030.0,8.776395937683114e-09,14070.0,BID
1311,1712376424.5108304,73494.4108109,14030.0,1.0290960883440657e-08,14070.0,BID
1312,1712376450.784611,73494.4108109,14030.0,0.0,14070.0,BID
1313,1712376480.5687835,73494.4108109,14030.0,0.0,14070.0,BID
1314,1712376510.5308816,73494.4108109,14030.0,0.0,14070.0,BID
1315,1712376540.786649,73494.4108109,14030.0,0.0,14070.0,BID
1316,1712376551.8367536,74208.69652519,14000.0,-9.551552537243377e-08,14070.0,ASK
1317,1712376551.8388574,74237.63223946,14000.0,-3.8693339307130916e-09,14070.0,ASK
1318,1712376551.8467343,74277.24544431,14010.0,-5.297146502075267e-09,14070.0,ASK
1319,1712376558.4070194,74352.93541351,14000.0,1.0121394042925176e-08,14070.0,BID
1320,1712376562.2268696,74353.90054198,13990.0,-1.2905865400793548e-10,14070.0,ASK
1321,1712376570.786877,74353.90054198,13990.0,-0.0,14070.0,ASK
1322,1712376577.7495291,74397.93650124,13990.0,-5.8791047941754925e-09,14070.0,ASK
1323,1712376577.7521896,74419.73327965,13990.0,-2.910020505996683e-09,14070.0,ASK
1324,1712376577.9670796,74425.29411743,13990.0,-7.42410262010116e-10,14070.0,ASK
1325,1712376600.5497594,74425.29411743,13990.0,-0.0,14070.0,ASK
1326,1712376607.9469936,74426.0068758,14030.0,9.538875425991507e-11,14070.0,BID
1327,1712376619.8669827,74430.11159573,14030.0,5.493364051469039e-10,14070.0,BID
1328,1712376619.8686025,74561.00910411,14030.0,1.7518068935827385e-08,14070.0,BID
1329,1712376619.8769023,74641.64429561,14030.0,1.0791441799260471e-08,14070.0,BID
1330,1712376630.5417209,74641.64429561,14030.0,0.0,14070.0,BID
1331,1712376660.760288,74641.64429561,14030.0,0.0,14070.0,BID
1332,1712376677.077124,74642.35705398,14030.0,9.535002041853316e-11,14070.0,BID
1333,1712376690.773001,74642.35705398,14030.0,0.0,14070.0,BID
1334,1712376720.555239,74642.35705398,14030.0,0.0,14070.0,BID
1335,1712376736.5372214,74663.78562541,14000.0,-2.8666264418436515e-09,14070.0,ASK
1336,1712376750.5203717,74663.78562541,14000.0,-0.0,14070.0,ASK
1337,1712376780.7882054,74663.78562541,14000.0,-0.0,14070.0,ASK
1338,1712376791.7374668,74664.20989787,14040.0,5.6755152697842535e-11,14070.0,BID
1339,1712376791.741031,74666.2989281,14040.0,2.7945068529189307e-10,14070.0,BID
1340,1712376791.744485,74667.34687897,14040.0,1.401849454186719e-10,14070.0,BID
1341,1712376810.7933595,74667.34687897,14040.0,0.0,14070.0,BID
1342,1712376822.2476568,75012.24261247,14010.0,-4.613657717889544e-08,14070.0,ASK
1343,1712376822.251342,75146.59101265,14010.0,-1.7971736764802445e-08,14070.0,ASK
1344,1712376822.38732,75166.13457499,14010.0,2.61433524590266e-09,14070.0,BID
1345,1712376840.50946,75166.13457499,14010.0,0.0,14070.0,BID
1346,1712376870.5093908,75166.13457499,14010.0,0.0,14070.0,BID
1347,1712376881.9174438,75181.63980078,14010.0,-2.072191378286481e-09,14070.0,ASK
1348,1712376900.5415092,75181.63980078,14010.0,-0.0,14070.0,ASK
1349,1712376930.529834,75181.63980078,14010.0,-0.0,14070.0,ASK
1350,1712376934.6773045,75217.3285945,14010.0,-4.789204751237275e-09,14070.0,ASK
1351,1712376960.7708893,75217.3285945,14010.0,-0.0,14070.0,ASK
1352,1712376990.770308,75217.3285945,14010.0,-0.0,14070.0,ASK
1353,1712377002.0968442,75253.01738821,14010.0,-4.788883431342285e-09,14070.0,ASK
1354,1712377002.098978,75259.58626758,14010.0,-8.81441884336757e-10,14070.0,ASK
1355,1712377002.100985,75274.86178506,14010.0,-2.0497378857783087e-09,14070.0,ASK
1356,1712377020.4995918,75274.86178506,14010.0,-0.0,14070.0,ASK
1357,1712377026.1860096,75475.86178506,14000.0,-2.6968170443926244e-08,14070.0,ASK
1358,1712377050.507584,75475.86178506,14000.0,-0.0,14070.0,ASK
1359,1712377066.8602436,75476.86178506,14000.0,-1.3411936485411118e-10,14070.0,ASK
1360,1712377071.4244363,75487.05492685,14000.0,-1.3670977027433723e-09,14070.0,ASK
1361,1712377080.769807,75487.05492685,14000.0,-0.0,14070.0,ASK
1362,1712377095.6643107,75514.41179424,14000.0,-3.669008567049111e-09,14070.0,ASK
1363,1712377101.9796865,75528.21036668,14000.0,-1.8506168770581102e-09,14070.0,ASK
1364,1712377106.414295,75528.92414255,14010.0,9.572915438886707e-11,14070.0,BID
1365,1712377109.4641018,75570.11414255,14000.0,-5.524260534742343e-09,14070.0,ASK
1366,1712377110.7975185,75570.11414255,14000.0,-0.0,14070.0,ASK
1367,1712377140.5456123,75570.11414255,14000.0,-0.0,14070.0,ASK
1368,1712377158.3674166,75581.69808213,14000.0,-1.5533557124747015e-09,14070.0,ASK
1369,1712377166.2430258,75602.8205687,14010.0,2.832433210532217e-09,14070.0,BID
1370,1712377170.5154638,75602.8205687,14010.0,0.0,14070.0,BID
1371,1712377198.2423625,75627.0905687,14000.0,-3.254301107145073e-09,14070.0,ASK
1372,1712377200.5545073,75627.0905687,14000.0,-0.0,14070.0,ASK
1373,1712377207.0436456,75627.80434457,14010.0,9.584577628729402e-11,14070.0,BID
1374,1712377207.162164,75639.85328386,14000.0,-1.6179307654263502e-09,14070.0,ASK
1375,1712377211.9022627,75640.8050605,14000.0,-1.2780450383418263e-10,14070.0,ASK
1376,1712377230.503989,75640.8050605,14000.0,-0.0,14070.0,ASK
1377,1712377260.7654014,75640.8050605,14000.0,-0.0,14070.0,ASK
1378,1712377278.6113496,75650.7929288,14010.0,1.3411357115262447e-09,14070.0,BID
1379,1712377290.7543414,75650.7929288,14010.0,0.0,14070.0,BID
1380,1712377300.2408476,75667.86987557,14000.0,-2.292989069840605e-09,14070.0,ASK
1381,1712377320.5604668,75667.86987557,14000.0,-0.0,14070.0,ASK
1382,1712377326.3905425,75739.24746301,14000.0,-9.583842835517605e-09,14070.0,ASK
1383,1712377350.630767,75739.24746301,14000.0,-0.0,14070.0,ASK
1384,1712377380.7533205,75739.24746301,14000.0,-0.0,14070.0,ASK
1385,1712377410.7594523,75739.24746301,14000.0,-0.0,14070.0,ASK
1386,1712377440.5124078,75739.24746301,14000.0,-0.0,14070.0,ASK
1387,1712377470.514396,75739.24746301,14000.0,-0.0,14070.0,ASK
1388,1712377488.5381444,75836.24746301,14000.0,-1.3022407631821858e-08,14070.0,ASK
1389,1712377488.5782866,75982.24746301,14000.0,-1.9600737260267963e-08,14070.0,ASK
1390,1712377500.7381768,75982.24746301,14000.0,-0.0,14070.0,ASK
1391,1712377507.210101,75993.41225936,14000.0,-1.502037919615193e-09,14070.0,ASK
1392,1712377515.6510122,76016.38773866,14000.0,-3.090969154125094e-09,14070.0,ASK
1393,1712377516.0983903,76035.16595149,14000.0,-2.5262966604174767e-09,14070.0,ASK
1394,1712377523.8377273,76112.14269808,14000.0,-1.0355942793958931e-08,14070.0,ASK
1395,1712377530.7316356,76112.14269808,14000.0,-0.0,14070.0,ASK
1396,1712377531.5997238,76212.46269808,14000.0,-1.3493088715722452e-08,14070.0,ASK
1397,1712377538.727942,76368.46269808,14000.0,-2.0982075754115444e-08,14070.0,ASK
1398,1712377538.8302405,76389.35952937,14000.0,-2.810633956076745e-09,14070.0,ASK
1399,1712377548.177592,76460.35952937,14000.0,-9.549534477834594e-09,14070.0,ASK
1400,1712377548.8281338,76481.67651373,14000.0,-2.867144748016677e-09,14070.0,ASK
1401,1712377548.8320484,77273.95533811,14000.0,-1.0656188661232525e-07,14070.0,ASK
1402,1712377548.8351347,77274.68390953,14000.0,-9.799320978628864e-11,14070.0,ASK
1403,1712377548.8381443,77618.16923829,14000.0,-4.6198943515830334e-08,14070.0,ASK
1404,1712377548.9474845,77645.31209527,14000.0,-3.650727444471649e-09,14070.0,ASK
1405,1712377550.5676768,77667.66416924,14000.0,-3.006364803206432e-09,14070.0,ASK
1406,1712377553.9878626,77734.17309779,14000.0,-8.945483186930436e-09,14070.0,ASK
1407,1712377553.991991,77756.13915136,14000.0,-2.954444871952517e-09,14070.0,ASK
1408,1712377555.739065,77759.71313277,13990.0,-4.80702235183372e-10,14070.0,ASK
1409,1712377555.7421453,77777.25915136,13990.0,-2.3599480207597416e-09,14070.0,ASK
1410,1712377560.667827,77777.25915136,13990.0,-0.0,14070.0,ASK
1411,1712377590.4983456,77777.25915136,13990.0,-0.0,14070.0,ASK
1412,1712377620.7937918,77777.25915136,13990.0,-0.0,14070.0,ASK
1413,1712377650.7788837,77777.25915136,13990.0,-0.0,14070.0,ASK
1414,1712377671.4969125,77779.64535656,13990.0,-3.19942610982607e-10,14070.0,ASK
1415,1712377677.9361713,77792.98539277,13990.0,-1.7886332724658723e-09,14070.0,ASK
1416,1712377680.5095618,77792.98539277,13990.0,-0.0,14070.0,ASK
1417,1712377681.9861965,77794.17849537,13990.0,-1.5996658664070587e-10,14070.0,ASK
1418,1712377682.3894782,77794.89329165,13990.0,-9.58371233596197e-11,14070.0,ASK
1419,1712377682.3918147,77796.1677432,13990.0,-1.7087353953671762e-10,14070.0,ASK
1420,1712377682.3940818,77825.84382126,13990.0,-3.978853882442722e-09,14070.0,ASK
1421,1712377710.508959,77825.84382126,13990.0,-0.0,14070.0,ASK
1422,1712377740.5518067,77825.84382126,13990.0,-0.0,14070.0,ASK
1423,1712377759.6955626,77831.13024983,14000.0,7.087402346554983e-10,14070.0,BID
1424,1712377770.7035084,77831.13024983,14000.0,0.0,14070.0,BID
1425,1712377785.3552763,77831.99024983,13990.0,-1.1529722684182512e-10,14070.0,ASK
1426,1712377785.5152626,77832.69024983,13990.0,-9.384657998707836e-11,14070.0,ASK
1427,1712377785.5192995,77833.25984239,13990.0,-7.636330534631148e-11,14070.0,ASK
1428,1712377800.569718,77833.25984239,13990.0,-0.0,14070.0,ASK
1429,1712377807.2251084,77833.97463867,13990.0,9.618736512976678e-11,14070.0,BID
1430,1712377821.6759243,77834.70373087,13990.0,9.811111167908372e-11,14070.0,BID
1431,1712377830.5243654,77834.70373087,13990.0,0.0,14070.0,BID
1432,1712377838.305076,77840.70373087,13980.0,-8.07394551673455e-10,14070.0,ASK
1433,1712377838.3091466,77883.59007826,13980.0,-5.771033870643283e-09,14070.0,ASK
1434,1712377860.7576854,77883.59007826,13980.0,-0.0,14070.0,ASK
1435,1712377873.7346294,77926.73774229,13980.0,5.805664216336487e-09,14070.0,BID
1436,1712377890.7377465,77926.73774229,13980.0,0.0,14070.0,BID
1437,1712377920.534273,77926.73774229,13980.0,0.0,14070.0,BID
1438,1712377950.520049,77926.73774229,13980.0,0.0,14070.0,BID
1439,1712377980.762715,77926.73774229,13980.0,0.0,14070.0,BID
1440,1712377993.9037993,77936.73774229,13980.0,-1.345424643229175e-09,14070.0,ASK
1441,1712377999.5238466,77937.73774229,13980.0,-1.345424643229175e-10,14070.0,ASK
1442,1712377999.5272105,77952.72346116,13980.0,-2.0162155464198524e-09,14070.0,ASK
1443,1712378010.7663,77952.72346116,13980.0,-0.0,14070.0,ASK
1444,1712378018.173728,78129.33845678,13970.0,-2.3761055386699665e-08,14070.0,ASK
1445,1712378023.2937176,78157.95076007,13980.0,3.8493816497761305e-09,14070.0,BID
1446,1712378024.9036453,78158.34417924,13980.0,5.29289976518472e-11,14070.0,BID
1447,1712378040.4974773,78158.34417924,13980.0,0.0,14070.0,BID
1448,1712378062.303547,78184.73032534,13980.0,3.548512127300627e-09,14070.0,BID
1449,1712378062.3070843,78220.63513599,13980.0,4.8286193647629604e-09,14070.0,BID
1450,1712378070.5079527,78220.63513599,13980.0,0.0,14070.0,BID
1451,1712378094.4231403,78229.88402407,13980.0,-1.243680992305473e-09,14070.0,ASK
1452,1712378100.7219248,78229.88402407,13980.0,-0.0,14070.0,ASK
1453,1712378102.2047288,78242.62343822,13980.0,-1.7259328070024647e-09,14070.0,ASK
1454,1712378130.7565749,78242.62343822,13980.0,-0.0,14070.0,ASK
1455,1712378160.492782,78242.62343822,13980.0,-0.0,14070.0,ASK
1456,1712378190.47851,78242.62343822,13980.0,-0.0,14070.0,ASK
1457,1712378218.6924822,78244.05433936,13980.0,1.9385346960634447e-10,14070.0,BID
1458,1712378220.5667634,78244.05433936,13980.0,0.0,14070.0,BID
1459,1712378231.2423446,78326.9026972,13980.0,1.1223974630258156e-08,14070.0,BID
1460,1712378231.245808,78345.35201606,13980.0,2.4994422608847916e-09,14070.0,BID
1461,1712378250.5051627,78345.35201606,13980.0,0.0,14070.0,BID
1462,1712378280.7566454,78345.35201606,13980.0,0.0,14070.0,BID
1463,1712378310.7772856,78345.35201606,13980.0,0.0,14070.0,BID
1464,1712378340.526001,78345.35201606,13980.0,0.0,14070.0,BID
1465,1712378340.7518842,78346.79092464,13980.0,-1.949003689158048e-10,14070.0,ASK
1466,1712378340.811931,78466.74013303,13980.0,1.6247137095047288e-08,14070.0,BID
1467,1712378347.0818486,78588.12825,13980.0,-1.6442037463961123e-08,14070.0,ASK
1468,1712378370.548285,78588.12825,13980.0,-0.0,14070.0,ASK
1469,1712378400.5041325,78588.12825,13980.0,-0.0,14070.0,ASK
1470,1712378428.851494,78613.58995809,13980.0,-3.484613079854909e-09,14070.0,ASK
1471,1712378430.485629,78613.58995809,13980.0,-0.0,14070.0,ASK
1472,1712378430.6457436,78615.58995809,13980.0,-2.7370067422505595e-10,14070.0,ASK
1473,1712378460.7662702,78615.58995809,13980.0,-0.0,14070.0,ASK
1474,1712378490.76215,78615.58995809,13980.0,-0.0,14070.0,ASK
1475,1712378520.5109675,78615.58995809,13980.0,-0.0,14070.0,ASK
1476,1712378550.4958265,78615.58995809,13980.0,-0.0,14070.0,ASK
1477,1712378552.1108437,78616.31957182,13980.0,-9.984750286238923e-11,14070.0,ASK
1478,1712378552.1131938,78616.46549456,13980.0,-1.996949975200997e-11,14070.0,ASK
1479,1712378569.6366336,78644.39187256,14000.0,3.821719620449236e-09,14070.0,BID
1480,1712378569.638695,78715.04709432,13980.0,9.669153919191756e-09,14070.0,BID
1481,1712378569.6406898,78953.53449456,14000.0,3.2636956239990946e-08,14070.0,BID
1482,1712378580.776404,78953.53449456,14000.0,0.0,14070.0,BID
1483,1712378583.106789,79047.6593523,13980.0,-1.2872637137221105e-08,14070.0,ASK
1484,1712378583.1103327,79132.48939793,13980.0,-1.1601466625798669e-08,14070.0,ASK
1485,1712378610.7297964,79132.48939793,13980.0,-0.0,14070.0,ASK
1486,1712378640.514296,79132.48939793,13980.0,-0.0,14070.0,ASK
1487,1712378652.1806855,79167.33441613,13970.0,-4.763819771377244e-09,14070.0,ASK
1488,1712378652.185072,79248.6370033,13970.0,-1.1115243791849724e-08,14070.0,ASK
1489,1712378652.188579,79326.22402111,13970.0,-1.060727152799677e-08,14070.0,ASK
1490,1712378670.504748,79326.22402111,13970.0,-0.0,14070.0,ASK
1491,1712378673.3257828,79347.93000558,13970.0,-2.9664255251202583e-09,14070.0,ASK
1492,1712378673.3292773,79356.2142284,13970.0,-1.1321545937253403e-09,14070.0,ASK
1493,1712378700.591938,79356.2142284,13970.0,-0.0,14070.0,ASK
1494,1712378730.5201342,79356.2142284,13970.0,-0.0,14070.0,ASK
1495,1712378760.7324598,79356.2142284,13970.0,-0.0,14070.0,ASK
1496,1712378790.620103,79380.73455721,13970.0,-3.3872237604936957e-09,14070.0,ASK
1497,1712378790.7571032,79380.73455721,13970.0,-0.0,14070.0,ASK
1498,1712378820.5325203,79380.73455721,13970.0,-0.0,14070.0,ASK
1499,1712378850.5369525,79380.73455721,13970.0,-0.0,14070.0,ASK
1500,1712378880.732463,79380.73455721,13970.0,-0.0,14070.0,ASK
1501,1712378910.75899,79380.73455721,13970.0,-0.0,14070.0,ASK
1502,1712378932.7295623,79452.31651855,13970.0,-9.887822035761392e-09,14070.0,ASK
1503,1712378932.732417,79759.38493899,13970.0,-4.2416243384165046e-08,14070.0,ASK
1504,1712378932.735293,79759.74474499,13970.0,-4.9701036809775075e-11,14070.0,ASK
1505,1712378940.5348277,79759.74474499,13970.0,-0.0,14070.0,ASK
1506,1712378970.509158,79759.74474499,13970.0,-0.0,14070.0,ASK
1507,1712379000.5592053,79759.74474499,13970.0,-0.0,14070.0,ASK
1508,1712379005.1291397,79849.68113579,13970.0,1.249226328639419e-08,14070.0,BID
1509,1712379005.2091448,79864.67536734,13970.0,2.082715201638867e-09,14070.0,BID
1510,1712379005.2195852,80075.23029214,13970.0,2.9246309902495363e-08,14070.0,BID
1511,1712379005.3091185,80325.76715564,13970.0,3.4799845023241354e-08,14070.0,BID
1512,1712379020.9491212,80345.5010706,13970.0,2.741062423773217e-09,14070.0,BID
1513,1712379020.9514894,80348.61617748,13970.0,4.3269176096583476e-10,14070.0,BID
1514,1712379030.5334702,80348.61617748,13970.0,0.0,14070.0,BID
1515,1712379036.536626,80349.34631348,13970.0,-1.0130093689927023e-10,14070.0,ASK
1516,1712379036.5966997,80384.40715816,13970.0,4.864431303993163e-09,14070.0,BID
1517,1712379060.7202768,80384.40715816,13970.0,0.0,14070.0,BID
1518,1712379090.7468362,80384.40715816,13970.0,0.0,14070.0,BID
1519,1712379120.5365982,80384.40715816,13970.0,0.0,14070.0,BID
1520,1712379148.9227693,80624.40715816,13970.0,-3.3295904328411527e-08,14070.0,ASK
1521,1712379148.9276009,80663.8176864,13970.0,-5.467538240879698e-09,14070.0,ASK
