,time,acc_trade_volume,trade_price,dev,high,ask_bid
0,1712365207.2017045,107120.06883615,1403.0,0.0,1412.0,ASK
1,1712365230.7354734,107120.06883615,1403.0,-0.0,1412.0,ASK
2,1712365260.5054843,107120.06883615,1403.0,-0.0,1412.0,ASK
3,1712365290.45577,107120.06883615,1403.0,-0.0,1412.0,ASK
4,1712365320.7156067,107120.06883615,1403.0,-0.0,1412.0,ASK
5,1712365350.695595,107120.06883615,1403.0,-0.0,1412.0,ASK
6,1712365372.1457934,107335.05328975,1403.0,-1.1856845688041317e-07,1412.0,ASK
7,1712365372.147017,108120.06883615,1403.0,-4.329526177598424e-07,1412.0,ASK
8,1712365380.5057125,108120.06883615,1403.0,-0.0,1412.0,ASK
9,1712365410.495723,108120.06883615,1403.0,-0.0,1412.0,ASK
10,1712365440.7105591,108120.06883615,1403.0,-0.0,1412.0,ASK
11,1712365455.5493026,109646.68942659,1403.0,-8.413124344496569e-07,1412.0,ASK
12,1712365455.550345,111479.12161684,1402.0,-1.0098435699067903e-06,1412.0,ASK
13,1712365470.6856656,111479.12161684,1402.0,-0.0,1412.0,ASK
14,1712365500.4458046,111479.12161684,1402.0,-0.0,1412.0,ASK
15,1712365507.39186,111507.65228731,1402.0,-1.5715294729978953e-08,1412.0,ASK
16,1712365507.3930938,111846.50779604,1402.0,-1.8664875738434733e-07,1412.0,ASK
17,1712365530.7157943,111846.50779604,1402.0,-0.0,1412.0,ASK
18,1712365544.8362715,112132.0181458,1401.0,-1.5722051356786998e-07,1412.0,ASK
19,1712365557.3056817,112144.02521293,1401.0,-6.6118698051056745e-09,1412.0,ASK
20,1712365560.4763355,112144.02521293,1401.0,-0.0,1412.0,ASK
21,1712365581.015942,112257.3757475,1401.0,-6.240383147541531e-08,1412.0,ASK
22,1712365581.017314,112481.07449749,1400.0,-1.231547707171739e-07,1412.0,ASK
23,1712365581.0186934,112802.27364095,1401.0,-1.76832489538445e-07,1412.0,ASK
24,1712365581.020041,113861.32507426,1400.0,-5.830485706908002e-07,1412.0,ASK
25,1712365588.2855494,114066.37218217,1400.0,-1.1288632396025497e-07,1412.0,ASK
26,1712365590.5015264,114066.37218217,1400.0,-0.0,1412.0,ASK
27,1712365620.695747,114066.37218217,1400.0,-0.0,1412.0,ASK
28,1712365650.7256837,114066.37218217,1400.0,-0.0,1412.0,ASK
29,1712365680.445821,114066.37218217,1400.0,-0.0,1412.0,ASK
30,1712365710.5159795,114066.37218217,1400.0,-0.0,1412.0,ASK
31,1712365740.6980908,114066.37218217,1400.0,-0.0,1412.0,ASK
32,1712365770.6860151,114066.37218217,1400.0,-0.0,1412.0,ASK
33,1712365778.996142,114280.65789646,1400.0,-1.1779796801947925e-07,1412.0,ASK
34,1712365800.5958936,114280.65789646,1400.0,-0.0,1412.0,ASK
35,1712365830.4759204,114280.65789646,1400.0,-0.0,1412.0,ASK
36,1712365860.7159593,114280.65789646,1400.0,-0.0,1412.0,ASK
37,1712365872.6760364,114287.79718395,1400.0,-4.0401893987607214e-09,1412.0,ASK
38,1712365872.6774352,114572.99417843,1400.0,-1.613956400091856e-07,1412.0,ASK
39,1712365878.6259756,114603.39069989,1400.0,1.7201675087897985e-08,1412.0,BID
40,1712365890.706208,114603.39069989,1400.0,0.0,1412.0,BID
41,1712365920.4664416,114603.39069989,1400.0,0.0,1412.0,BID
42,1712365950.4762473,114603.39069989,1400.0,0.0,1412.0,BID
43,1712365980.7260954,114603.39069989,1400.0,0.0,1412.0,BID
44,1712366010.736058,114603.39069989,1400.0,0.0,1412.0,BID
45,1712366040.4363894,114603.39069989,1400.0,0.0,1412.0,BID
46,1712366070.5124583,114603.39069989,1400.0,0.0,1412.0,BID
47,1712366100.5160563,114603.39069989,1400.0,0.0,1412.0,BID
48,1712366123.7861247,115004.32003607,1401.0,-2.2831162297084578e-07,1412.0,ASK
49,1712366130.4561992,115004.32003607,1401.0,-0.0,1412.0,ASK
50,1712366144.9361415,115784.68484915,1400.0,-4.442413413694987e-07,1412.0,ASK
51,1712366155.55608,116718.60575035,1400.0,-5.316568186161537e-07,1412.0,ASK
52,1712366155.557274,116738.60575035,1400.0,-1.1385478533203856e-08,1412.0,ASK
53,1712366160.6886404,116738.60575035,1400.0,-0.0,1412.0,ASK
54,1712366187.3959596,116769.00227181,1399.0,-1.7280062675924907e-08,1412.0,ASK
55,1712366190.7065542,116769.00227181,1399.0,-0.0,1412.0,ASK
56,1712366197.2962294,116840.48190011,1399.0,-4.0634340326308485e-08,1412.0,ASK
57,1712366197.2982144,117103.73016054,1399.0,-1.4964990248306745e-07,1412.0,ASK
58,1712366213.8280704,117736.97462086,1399.0,-3.599832780662515e-07,1412.0,ASK
59,1712366213.8295598,118978.10743121,1399.0,-7.05552256011203e-07,1412.0,ASK
60,1712366213.8308816,119049.58705951,1399.0,-4.0634340326308485e-08,1412.0,ASK
61,1712366220.4662695,119049.58705951,1399.0,-0.0,1412.0,ASK
62,1712366221.2962265,119120.88807805,1399.0,4.045942240150208e-08,1412.0,BID
63,1712366235.236571,124664.46010904,1399.0,3.145673470136098e-06,1412.0,BID
64,1712366239.3459506,125096.5534129,1399.0,2.4518928138345825e-07,1412.0,BID
65,1712366250.4837503,125096.5534129,1399.0,0.0,1412.0,BID
66,1712366251.5361133,125570.12573385,1400.0,2.674425151826188e-07,1412.0,BID
67,1712366280.7403798,125570.12573385,1400.0,0.0,1412.0,BID
68,1712366310.7243822,125570.12573385,1400.0,0.0,1412.0,BID
69,1712366340.476102,125570.12573385,1400.0,0.0,1412.0,BID
70,1712366370.496227,125570.12573385,1400.0,0.0,1412.0,BID
71,1712366400.5462725,125570.12573385,1400.0,0.0,1412.0,BID
72,1712366403.3162367,127712.9828767,1400.0,-1.232745435588586e-06,1412.0,ASK
73,1712366410.566085,127973.9595212,1399.0,-1.5013495807504637e-07,1412.0,ASK
74,1712366430.4860632,127973.9595212,1399.0,-0.0,1412.0,ASK
75,1712366460.716014,127973.9595212,1399.0,-0.0,1412.0,ASK
76,1712366478.575528,128064.981874,1399.0,-5.226227502460463e-08,1412.0,ASK
77,1712366490.6958003,128064.981874,1399.0,-0.0,1412.0,ASK
78,1712366520.527902,128064.981874,1399.0,-0.0,1412.0,ASK
79,1712366550.4557123,128064.981874,1399.0,-0.0,1412.0,ASK
80,1712366580.6856115,128064.981874,1399.0,-0.0,1412.0,ASK
81,1712366610.7055817,128064.981874,1399.0,-0.0,1412.0,ASK
82,1712366640.4758298,128064.981874,1399.0,-0.0,1412.0,ASK
83,1712366670.465562,128064.981874,1399.0,-0.0,1412.0,ASK
84,1712366700.7255683,128064.981874,1399.0,-0.0,1412.0,ASK
85,1712366730.725585,128064.981874,1399.0,-0.0,1412.0,ASK
86,1712366760.466005,128064.981874,1399.0,-0.0,1412.0,ASK
87,1712366790.4661467,128064.981874,1399.0,-0.0,1412.0,ASK
88,1712366820.726169,128064.981874,1399.0,-0.0,1412.0,ASK
89,1712366850.706064,128064.981874,1399.0,-0.0,1412.0,ASK
90,1712366880.4815605,128064.981874,1399.0,-0.0,1412.0,ASK
91,1712366910.4761472,128064.981874,1399.0,-0.0,1412.0,ASK
92,1712366940.4962645,128064.981874,1399.0,-0.0,1412.0,ASK
93,1712366970.715917,128064.981874,1399.0,-0.0,1412.0,ASK
94,1712367000.566175,128064.981874,1399.0,-0.0,1412.0,ASK
95,1712367030.526014,128064.981874,1399.0,-0.0,1412.0,ASK
96,1712367060.7064753,128064.981874,1399.0,-0.0,1412.0,ASK
97,1712367090.7159357,128064.981874,1399.0,-0.0,1412.0,ASK
98,1712367120.4759684,128064.981874,1399.0,-0.0,1412.0,ASK
99,1712367150.493953,128064.981874,1399.0,-0.0,1412.0,ASK
100,1712367180.7059405,128064.981874,1399.0,-0.0,1412.0,ASK
101,1712367191.036107,128100.15383828,1400.0,-2.0646040302585505e-08,1412.0,ASK
102,1712367191.0379975,128104.10829828,1400.0,-2.321278956297898e-09,1412.0,ASK
103,1712367191.039872,129249.60856324,1399.0,-6.724118234827663e-07,1412.0,ASK
104,1712367210.7460203,129249.60856324,1399.0,-0.0,1412.0,ASK
105,1712367211.3660777,129464.04744815,1399.0,-1.2575387777123928e-07,1412.0,ASK
106,1712367211.3749378,132166.25446517,1398.0,-1.584661341032202e-06,1412.0,ASK
107,1712367211.3764398,132625.37463684,1398.0,-2.692428753056232e-07,1412.0,ASK
108,1712367240.5061772,132625.37463684,1398.0,-0.0,1412.0,ASK
109,1712367255.2403042,132921.20069758,1396.0,-1.730031237868752e-07,1412.0,ASK
110,1712367265.3859248,132981.34063664,1396.0,-3.5170658378457816e-08,1412.0,ASK
111,1712367265.3878813,134377.95228668,1396.0,-8.167575823767797e-07,1412.0,ASK
112,1712367270.4758716,134377.95228668,1396.0,-0.0,1412.0,ASK
113,1712367300.7160463,134377.95228668,1396.0,-0.0,1412.0,ASK
114,1712367327.9359634,134798.71830219,1396.0,-2.462846448864024e-07,1412.0,ASK
115,1712367330.735757,134798.71830219,1396.0,-0.0,1412.0,ASK
116,1712367360.4657245,134798.71830219,1396.0,-0.0,1412.0,ASK
117,1712367390.515694,134798.71830219,1396.0,-0.0,1412.0,ASK
118,1712367405.3856747,136237.57563105,1396.0,-8.419089434092428e-07,1412.0,ASK
119,1712367419.2861896,136300.7452739,1396.0,-3.696202966107863e-08,1412.0,ASK
120,1712367420.695879,136300.7452739,1396.0,-0.0,1412.0,ASK
121,1712367450.7157352,136300.7452739,1396.0,-0.0,1412.0,ASK
122,1712367480.518577,136300.7452739,1396.0,-0.0,1412.0,ASK
123,1712367510.475803,136300.7452739,1396.0,-0.0,1412.0,ASK
124,1712367540.7460358,136300.7452739,1396.0,-0.0,1412.0,ASK
125,1712367549.7959683,136337.6752739,1396.0,-2.1582124146744866e-08,1412.0,ASK
126,1712367570.685839,136337.6752739,1396.0,-0.0,1412.0,ASK
127,1712367600.5457776,136337.6752739,1396.0,-0.0,1412.0,ASK
128,1712367630.49589,136337.6752739,1396.0,-0.0,1412.0,ASK
129,1712367633.6358142,136619.51513285,1396.0,-1.6502337819938986e-07,1412.0,ASK
130,1712367633.6367652,136624.20822519,1397.0,-2.747907819115835e-09,1412.0,ASK
131,1712367660.7158933,136624.20822519,1397.0,-0.0,1412.0,ASK
132,1712367690.715737,136624.20822519,1397.0,-0.0,1412.0,ASK
133,1712367720.475876,136624.20822519,1397.0,-0.0,1412.0,ASK
134,1712367750.525908,136624.20822519,1397.0,-0.0,1412.0,ASK
135,1712367780.5357275,136624.20822519,1397.0,-0.0,1412.0,ASK
136,1712367810.515698,136624.20822519,1397.0,-0.0,1412.0,ASK
137,1712367840.535859,136624.20822519,1397.0,-0.0,1412.0,ASK
138,1712367870.4856975,136624.20822519,1397.0,-0.0,1412.0,ASK
139,1712367900.52111,136624.20822519,1397.0,-0.0,1412.0,ASK
140,1712367930.4959323,136624.20822519,1397.0,-0.0,1412.0,ASK
141,1712367960.7064288,136624.20822519,1397.0,-0.0,1412.0,ASK
142,1712367981.2856853,136627.85890521,1397.0,-2.137479205276817e-09,1412.0,ASK
143,1712367990.7157512,136627.85890521,1397.0,-0.0,1412.0,ASK
144,1712368020.4960902,136627.85890521,1397.0,-0.0,1412.0,ASK
145,1712368050.4759943,136627.85890521,1397.0,-0.0,1412.0,ASK
146,1712368080.7256763,136627.85890521,1397.0,-0.0,1412.0,ASK
147,1712368110.6958346,136627.85890521,1397.0,-0.0,1412.0,ASK
148,1712368138.615903,136855.47451007,1397.0,-1.332689161289684e-07,1412.0,ASK
149,1712368138.618119,137008.44587728,1397.0,-8.956472171310261e-08,1412.0,ASK
150,1712368140.5062256,137008.44587728,1397.0,-0.0,1412.0,ASK
151,1712368170.4758496,137008.44587728,1397.0,-0.0,1412.0,ASK
152,1712368171.705671,140093.62319615,1396.0,-1.8058088963432967e-06,1412.0,ASK
153,1712368200.5660214,140093.62319615,1396.0,-0.0,1412.0,ASK
154,1712368230.5436835,140093.62319615,1396.0,-0.0,1412.0,ASK
155,1712368260.7057045,140093.62319615,1396.0,-0.0,1412.0,ASK
156,1712368290.7156208,140093.62319615,1396.0,-0.0,1412.0,ASK
157,1712368320.4957635,140093.62319615,1396.0,-0.0,1412.0,ASK
158,1712368350.465665,140093.62319615,1396.0,-0.0,1412.0,ASK
159,1712368380.7156148,140093.62319615,1396.0,-0.0,1412.0,ASK
160,1712368410.7159617,140093.62319615,1396.0,-0.0,1412.0,ASK
161,1712368440.4356685,140093.62319615,1396.0,-0.0,1412.0,ASK
162,1712368470.475699,140093.62319615,1396.0,-0.0,1412.0,ASK
163,1712368483.785991,140139.64288118,1397.0,2.69664793801503e-08,1412.0,BID
164,1712368500.497982,140139.64288118,1397.0,0.0,1412.0,BID
165,1712368506.1457632,140161.11746958,1397.0,1.2584419854815913e-08,1412.0,BID
166,1712368530.5056767,140161.11746958,1397.0,0.0,1412.0,BID
167,1712368560.712116,140161.11746958,1397.0,0.0,1412.0,BID
168,1712368590.695219,140161.11746958,1397.0,0.0,1412.0,BID
169,1712368620.455099,140161.11746958,1397.0,0.0,1412.0,BID
170,1712368650.507677,140161.11746958,1397.0,0.0,1412.0,BID
171,1712368680.6953113,140161.11746958,1397.0,0.0,1412.0,BID
172,1712368710.6985462,140161.11746958,1397.0,0.0,1412.0,BID
173,1712368740.4854238,140161.11746958,1397.0,0.0,1412.0,BID
174,1712368770.47549,140161.11746958,1397.0,0.0,1412.0,BID
175,1712368800.615316,140161.11746958,1397.0,0.0,1412.0,BID
176,1712368818.355852,140168.27566571,1397.0,4.220806889226398e-09,1412.0,BID
177,1712368830.466011,140168.27566571,1397.0,0.0,1412.0,BID
178,1712368860.776578,140168.27566571,1397.0,0.0,1412.0,BID
179,1712368890.7274497,140168.27566571,1397.0,0.0,1412.0,BID
180,1712368920.48781,140168.27566571,1397.0,0.0,1412.0,BID
181,1712368950.448269,140168.27566571,1397.0,0.0,1412.0,BID
182,1712368980.7089286,140168.27566571,1397.0,0.0,1412.0,BID
183,1712369009.5792005,140859.16802923,1397.0,4.073800158547673e-07,1412.0,BID
184,1712369010.7192235,140859.16802923,1397.0,0.0,1412.0,BID
185,1712369040.459763,140859.16802923,1397.0,0.0,1412.0,BID
186,1712369071.010424,140859.16802923,1397.0,0.0,1412.0,BID
187,1712369100.7006643,140859.16802923,1397.0,0.0,1412.0,BID
188,1712369130.7107165,140859.16802923,1397.0,0.0,1412.0,BID
189,1712369160.4714377,140859.16802923,1397.0,0.0,1412.0,BID
190,1712369190.5011094,140859.16802923,1397.0,0.0,1412.0,BID
191,1712369220.7218192,140859.16802923,1397.0,0.0,1412.0,BID
192,1712369250.722395,140859.16802923,1397.0,0.0,1412.0,BID
193,1712369280.4925222,140859.16802923,1397.0,0.0,1412.0,BID
194,1712369310.462712,140859.16802923,1397.0,0.0,1412.0,BID
195,1712369340.7230363,140859.16802923,1397.0,0.0,1412.0,BID
196,1712369366.923227,140939.37598543,1397.0,-4.794594190358088e-08,1412.0,ASK
197,1712369370.7532978,140939.37598543,1397.0,-0.0,1412.0,ASK
198,1712369400.5535405,140939.37598543,1397.0,-0.0,1412.0,ASK
199,1712369430.460062,140939.37598543,1397.0,-0.0,1412.0,ASK
200,1712369460.7087274,140939.37598543,1397.0,-0.0,1412.0,ASK
201,1712369490.7043087,140939.37598543,1397.0,-0.0,1412.0,ASK
202,1712369520.5048769,140939.37598543,1397.0,-0.0,1412.0,ASK
203,1712369550.7260396,140939.37598543,1397.0,-0.0,1412.0,ASK
204,1712369580.6990416,140939.37598543,1397.0,-0.0,1412.0,ASK
205,1712369610.7251422,140939.37598543,1397.0,-0.0,1412.0,ASK
206,1712369640.5599203,140939.37598543,1397.0,-0.0,1412.0,ASK
207,1712369670.485401,140939.37598543,1397.0,-0.0,1412.0,ASK
208,1712369674.3755655,141049.64626425,1397.0,-6.597186699449452e-08,1412.0,ASK
209,1712369700.5256937,141049.64626425,1397.0,-0.0,1412.0,ASK
210,1712369716.6459546,141056.79934007,1398.0,-4.284805845624787e-09,1412.0,ASK
211,1712369716.648642,141075.74624056,1398.0,-1.134949384281126e-08,1412.0,ASK
212,1712369730.470878,141075.74624056,1398.0,-0.0,1412.0,ASK
213,1712369760.7258325,141075.74624056,1398.0,-0.0,1412.0,ASK
214,1712369790.7061198,141075.74624056,1398.0,-0.0,1412.0,ASK
215,1712369820.506395,141075.74624056,1398.0,-0.0,1412.0,ASK
216,1712369850.466252,141075.74624056,1398.0,-0.0,1412.0,ASK
217,1712369880.6976333,141075.74624056,1398.0,-0.0,1412.0,ASK
218,1712369910.7371476,141075.74624056,1398.0,-0.0,1412.0,ASK
219,1712369930.1966918,141081.74624056,1400.0,3.594016591102482e-09,1412.0,BID
220,1712369940.4766314,141081.74624056,1400.0,0.0,1412.0,BID
221,1712369970.487852,141081.74624056,1400.0,0.0,1412.0,BID
222,1712370000.5071175,141081.74624056,1400.0,0.0,1412.0,BID
223,1712370030.482756,141081.74624056,1400.0,0.0,1412.0,BID
224,1712370060.737111,141081.74624056,1400.0,0.0,1412.0,BID
225,1712370090.737402,141081.74624056,1400.0,0.0,1412.0,BID
226,1712370120.4873822,141081.74624056,1400.0,0.0,1412.0,BID
227,1712370150.5081406,141081.74624056,1400.0,0.0,1412.0,BID
228,1712370180.5281932,141081.74624056,1400.0,0.0,1412.0,BID
229,1712370210.47816,141081.74624056,1400.0,0.0,1412.0,BID
230,1712370229.6879938,141277.39161474,1398.0,-1.1761789528250665e-07,1412.0,ASK
231,1712370229.6903126,141348.87124304,1399.0,-4.297205324408864e-08,1412.0,ASK
232,1712370229.691502,143211.58227209,1398.0,-1.119822800179335e-06,1412.0,ASK
233,1712370240.7380152,143211.58227209,1398.0,-0.0,1412.0,ASK
234,1712370270.7279778,143211.58227209,1398.0,-0.0,1412.0,ASK
235,1712370300.4579968,143211.58227209,1398.0,-0.0,1412.0,ASK
236,1712370303.7681508,143215.86798637,1400.0,2.5718777165906243e-09,1412.0,BID
237,1712370305.419075,143282.81615691,1400.0,4.017591858179808e-08,1412.0,BID
238,1712370330.4684515,143282.81615691,1400.0,0.0,1412.0,BID
239,1712370360.7183175,143282.81615691,1400.0,0.0,1412.0,BID
240,1712370390.7385511,143282.81615691,1400.0,0.0,1412.0,BID
241,1712370420.4784584,143282.81615691,1400.0,0.0,1412.0,BID
242,1712370450.438455,143282.81615691,1400.0,0.0,1412.0,BID
243,1712370455.698749,143312.81615691,1401.0,1.8002066671963634e-08,1412.0,BID
244,1712370480.7285638,143312.81615691,1401.0,0.0,1412.0,BID
245,1712370510.7287247,143312.81615691,1401.0,0.0,1412.0,BID
246,1712370540.4887395,143312.81615691,1401.0,0.0,1412.0,BID
247,1712370570.4993992,143312.81615691,1401.0,0.0,1412.0,BID
248,1712370600.5992398,143312.81615691,1401.0,0.0,1412.0,BID
249,1712370630.5016484,143312.81615691,1401.0,0.0,1412.0,BID
250,1712370642.6390429,143455.86798637,1400.0,-8.609030407476593e-08,1412.0,ASK
251,1712370660.7294054,143455.86798637,1400.0,-0.0,1412.0,ASK
252,1712370690.7593403,143455.86798637,1400.0,-0.0,1412.0,ASK
253,1712370706.5892425,143513.64694299,1398.0,-3.4767877573173426e-08,1412.0,ASK
254,1712370706.5915833,144033.49217059,1398.0,-3.128113812969349e-07,1412.0,ASK
255,1712370708.959672,148363.57694924,1397.0,-2.605582832789851e-06,1412.0,ASK
256,1712370708.9625409,149772.82911375,1397.0,-8.48002622263664e-07,1412.0,ASK
257,1712370708.9692266,154321.99232061,1397.0,-2.7374109656691765e-06,1412.0,ASK
258,1712370713.659366,154325.77525061,1397.0,-2.276338217258654e-09,1412.0,ASK
259,1712370715.969435,154352.43606722,1396.0,-1.604286512118718e-08,1412.0,ASK
260,1712370715.9717295,159503.90624353,1396.0,-3.09984283014593e-06,1412.0,ASK
261,1712370720.4831746,159503.90624353,1396.0,-0.0,1412.0,ASK
262,1712370723.459592,159575.38587183,1395.0,-4.243969853425587e-08,1412.0,ASK
263,1712370723.4625854,169519.84666035,1395.0,-5.904338452617543e-06,1412.0,ASK
264,1712370723.4650264,173277.77471422,1395.0,-2.2311998189232e-06,1412.0,ASK
265,1712370750.5195384,173277.77471422,1395.0,-0.0,1412.0,ASK
266,1712370780.6996994,173277.77471422,1395.0,-0.0,1412.0,ASK
267,1712370810.7496874,173277.77471422,1395.0,-0.0,1412.0,ASK
268,1712370836.1497884,173303.26478537,1401.0,1.4963546863563442e-08,1412.0,BID
269,1712370836.1521833,173303.77471422,1404.0,2.9934574128981663e-10,1412.0,BID
270,1712370840.5194862,173303.77471422,1404.0,0.0,1412.0,BID
271,1712370843.5195749,173307.77471422,1404.0,2.348087111834326e-09,1412.0,BID
272,1712370870.509542,173307.77471422,1404.0,0.0,1412.0,BID
273,1712370900.7191734,173307.77471422,1404.0,0.0,1412.0,BID
274,1712370930.728854,173307.77471422,1404.0,0.0,1412.0,BID
275,1712370960.4887292,173307.77471422,1404.0,0.0,1412.0,BID
276,1712370990.468654,173307.77471422,1404.0,0.0,1412.0,BID
277,1712371020.7485006,173307.77471422,1404.0,0.0,1412.0,BID
278,1712371050.740217,173307.77471422,1404.0,0.0,1412.0,BID
279,1712371080.468222,173307.77471422,1404.0,0.0,1412.0,BID
280,1712371110.4795263,173307.77471422,1404.0,0.0,1412.0,BID
281,1712371140.761767,173307.77471422,1404.0,0.0,1412.0,BID
282,1712371170.719574,173307.77471422,1404.0,0.0,1412.0,BID
283,1712371200.5876703,173307.77471422,1404.0,0.0,1412.0,BID
284,1712371227.1477044,173379.25434252,1399.0,-4.2305179653609633e-08,1412.0,ASK
285,1712371230.4678123,173379.25434252,1399.0,-0.0,1412.0,ASK
286,1712371235.14817,173383.25434252,1403.0,2.367257747589628e-09,1412.0,BID
287,1712371260.7375202,173383.25434252,1403.0,0.0,1412.0,BID
288,1712371290.7473066,173383.25434252,1403.0,0.0,1412.0,BID
289,1712371320.4973366,173383.25434252,1403.0,0.0,1412.0,BID
290,1712371350.5075908,173383.25434252,1403.0,0.0,1412.0,BID
291,1712371380.7073147,173383.25434252,1403.0,0.0,1412.0,BID
292,1712371410.7471724,173383.25434252,1403.0,0.0,1412.0,BID
293,1712371440.547181,173383.25434252,1403.0,0.0,1412.0,BID
294,1712371470.4673054,173383.25434252,1403.0,0.0,1412.0,BID
295,1712371500.4993887,173383.25434252,1403.0,0.0,1412.0,BID
296,1712371530.4772072,173383.25434252,1403.0,0.0,1412.0,BID
297,1712371560.4972095,173383.25434252,1403.0,0.0,1412.0,BID
298,1712371590.4767962,173383.25434252,1403.0,0.0,1412.0,BID
299,1712371620.7070668,173383.25434252,1403.0,0.0,1412.0,BID
300,1712371642.0467632,173454.63192995,1401.0,4.239634166784223e-08,1412.0,BID
301,1712371650.7267618,173454.63192995,1401.0,0.0,1412.0,BID
302,1712371680.4666898,173454.63192995,1401.0,0.0,1412.0,BID
303,1712371684.16698,173458.20794708,1401.0,2.123930561722509e-09,1412.0,BID
304,1712371698.0468285,173526.00951739,1401.0,4.026989303446439e-08,1412.0,BID
305,1712371698.1269977,175599.5355702,1401.0,-1.2315448148038655e-06,1412.0,ASK
306,1712371710.4867754,175599.5355702,1401.0,-0.0,1412.0,ASK
307,1712371740.55978,175599.5355702,1401.0,-0.0,1412.0,ASK
308,1712371770.4766228,175599.5355702,1401.0,-0.0,1412.0,ASK
309,1712371800.5367632,175599.5355702,1401.0,-0.0,1412.0,ASK
310,1712371830.459241,175599.5355702,1401.0,-0.0,1412.0,ASK
311,1712371860.7166438,175599.5355702,1401.0,-0.0,1412.0,ASK
312,1712371865.1992111,175612.99369475,1401.0,7.980808223638237e-09,1412.0,BID
313,1712371865.2007644,175620.94884643,1401.0,4.717487916835981e-09,1412.0,BID
314,1712371890.706622,175620.94884643,1401.0,0.0,1412.0,BID
315,1712371920.4865923,175620.94884643,1401.0,0.0,1412.0,BID
316,1712371950.4870927,175620.94884643,1401.0,0.0,1412.0,BID
317,1712371980.7268384,175620.94884643,1401.0,0.0,1412.0,BID
318,1712372010.706631,175620.94884643,1401.0,0.0,1412.0,BID
319,1712372040.466569,175620.94884643,1401.0,0.0,1412.0,BID
320,1712372070.4666731,175620.94884643,1401.0,0.0,1412.0,BID
321,1712372100.716663,175620.94884643,1401.0,0.0,1412.0,BID
322,1712372101.4467258,176070.94884643,1400.0,-2.7124496259450054e-07,1412.0,ASK
323,1712372130.7068594,176070.94884643,1400.0,-0.0,1412.0,ASK
324,1712372141.0567806,176129.06131985,1399.0,-3.501496038036799e-08,1412.0,ASK
325,1712372141.060136,176359.35042993,1399.0,-1.387578877808372e-07,1412.0,ASK
326,1712372141.0849895,176403.35724551,1399.0,-2.6515768703618496e-08,1412.0,ASK
327,1712372160.4966738,176403.35724551,1399.0,-0.0,1412.0,ASK
328,1712372190.4867003,176403.35724551,1399.0,-0.0,1412.0,ASK
329,1712372220.7366896,176403.35724551,1399.0,-0.0,1412.0,ASK
330,1712372250.7236493,176403.35724551,1399.0,-0.0,1412.0,ASK
331,1712372280.5090697,176403.35724551,1399.0,-0.0,1412.0,ASK
332,1712372310.4893465,176403.35724551,1399.0,-0.0,1412.0,ASK
333,1712372340.4838772,176403.35724551,1399.0,-0.0,1412.0,ASK
334,1712372370.4769568,176403.35724551,1399.0,-0.0,1412.0,ASK
335,1712372397.7669387,176474.83687381,1399.0,4.3057111362301626e-08,1412.0,BID
336,1712372400.651544,176474.83687381,1399.0,0.0,1412.0,BID
337,1712372430.5132675,176474.83687381,1399.0,0.0,1412.0,BID
338,1712372460.7368,176474.83687381,1399.0,0.0,1412.0,BID
339,1712372480.2068462,176482.00019759,1397.0,-4.327008021524975e-09,1412.0,ASK
340,1712372490.7727509,176482.00019759,1397.0,-0.0,1412.0,ASK
341,1712372510.5672884,176993.16863472,1397.0,-3.087695915592103e-07,1412.0,ASK
342,1712372510.5713964,177903.37186485,1396.0,-5.498052289399096e-07,1412.0,ASK
343,1712372520.49484,177903.37186485,1396.0,-0.0,1412.0,ASK
344,1712372550.4474957,177903.37186485,1396.0,-0.0,1412.0,ASK
345,1712372580.7170184,177903.37186485,1396.0,-0.0,1412.0,ASK
346,1712372610.0470164,178826.84617349,1396.0,-5.571536198064776e-07,1412.0,ASK
347,1712372610.0505748,179324.74353211,1397.0,-3.003931057440687e-07,1412.0,ASK
348,1712372610.7368348,179324.74353211,1397.0,-0.0,1412.0,ASK
349,1712372640.5271928,179324.74353211,1397.0,-0.0,1412.0,ASK
350,1712372670.502538,179324.74353211,1397.0,-0.0,1412.0,ASK
351,1712372700.7368555,179324.74353211,1397.0,-0.0,1412.0,ASK
352,1712372723.8268962,179335.64435211,1397.0,-6.590731668046592e-09,1412.0,ASK
353,1712372730.7124076,179335.64435211,1397.0,-0.0,1412.0,ASK
354,1712372753.7473357,179978.96100687,1399.0,3.889513276427324e-07,1412.0,BID
355,1712372760.4902394,179978.96100687,1399.0,0.0,1412.0,BID
356,1712372790.457026,179978.96100687,1399.0,0.0,1412.0,BID
357,1712372802.6468616,180295.43457524,1399.0,-1.9123688158229979e-07,1412.0,ASK
358,1712372820.7286756,180295.43457524,1399.0,-0.0,1412.0,ASK
359,1712372848.957222,180395.43457524,1399.0,-6.04112794191246e-08,1412.0,ASK
360,1712372850.747034,180395.43457524,1399.0,-0.0,1412.0,ASK
361,1712372852.1472552,180399.43457524,1402.0,2.4162469667346406e-09,1412.0,BID
362,1712372857.6733613,180406.58253807,1402.0,4.3178108765800604e-09,1412.0,BID
363,1712372860.606988,180413.71520568,1402.0,4.308571619338301e-09,1412.0,BID
364,1712372880.4672687,180413.71520568,1402.0,0.0,1412.0,BID
365,1712372910.5310495,180413.71520568,1402.0,0.0,1412.0,BID
366,1712372940.7155173,180413.71520568,1402.0,0.0,1412.0,BID
367,1712372970.6949973,180413.71520568,1402.0,0.0,1412.0,BID
368,1712373000.5341997,180413.71520568,1402.0,0.0,1412.0,BID
369,1712373002.3341875,180485.04188185,1402.0,4.308504920308036e-08,1412.0,BID
370,1712373030.4951882,180485.04188185,1402.0,0.0,1412.0,BID
371,1712373060.6930192,180485.04188185,1402.0,0.0,1412.0,BID
372,1712373068.543301,182450.55433972,1404.0,1.1872007843791996e-06,1412.0,BID
373,1712373068.5469644,182868.24794213,1404.0,2.522935789217582e-07,1412.0,BID
374,1712373068.5504484,184921.49777837,1402.0,1.240195556304025e-06,1412.0,BID
375,1712373068.55338,193687.94558773,1404.0,5.295073899846969e-06,1412.0,BID
376,1712373068.6428354,194300.31028421,1404.0,-3.6987801582036594e-07,1412.0,ASK
377,1712373090.7124765,194300.31028421,1404.0,-0.0,1412.0,ASK
378,1712373090.9128702,194304.31028421,1405.0,2.388090959765905e-09,1412.0,BID
379,1712373101.882126,200947.69147443,1404.0,-3.966249640660818e-06,1412.0,ASK
380,1712373120.4819071,200947.69147443,1404.0,-0.0,1412.0,ASK
381,1712373128.3318744,200950.80891216,1405.0,1.8508682333238634e-09,1412.0,BID
382,1712373128.3348446,200951.69147443,1405.0,5.2399008768529e-10,1412.0,BID
383,1712373150.4914422,200951.69147443,1405.0,0.0,1412.0,BID
384,1712373180.7244654,200951.69147443,1405.0,0.0,1412.0,BID
385,1712373207.5455818,201285.97249445,1400.0,-1.9846685326790042e-07,1412.0,ASK
386,1712373210.7003825,201285.97249445,1400.0,-0.0,1412.0,ASK
387,1712373216.130519,201288.95531913,1405.0,1.770448668281139e-09,1412.0,BID
388,1712373216.140488,201292.92243913,1404.0,2.3546748717553046e-09,1412.0,BID
389,1712373240.4502032,201292.92243913,1404.0,0.0,1412.0,BID
390,1712373267.6222353,201296.92243913,1405.0,2.374176964816305e-09,1412.0,BID
391,1712373270.499872,201296.92243913,1405.0,0.0,1412.0,BID
392,1712373300.4994574,201296.92243913,1405.0,0.0,1412.0,BID
393,1712373330.4789617,201296.92243913,1405.0,0.0,1412.0,BID
394,1712373360.6886897,201296.92243913,1405.0,0.0,1412.0,BID
395,1712373390.728258,201296.92243913,1405.0,0.0,1412.0,BID
396,1712373398.7082677,201445.174932,1404.0,8.851739170615416e-08,1412.0,BID
397,1712373420.478115,201445.174932,1404.0,0.0,1412.0,BID
398,1712373450.5536466,201445.174932,1404.0,0.0,1412.0,BID
399,1712373480.5374827,201445.174932,1404.0,0.0,1412.0,BID
400,1712373488.5975149,201631.20345915,1401.0,-1.1105859658030692e-07,1412.0,ASK
401,1712373510.4771016,201631.20345915,1401.0,-0.0,1412.0,ASK
402,1712373540.7473316,201631.20345915,1401.0,-0.0,1412.0,ASK
403,1712373570.696741,201631.20345915,1401.0,-0.0,1412.0,ASK
404,1712373595.8563962,201634.79751671,1405.0,2.145310180543366e-09,1412.0,BID
405,1712373600.5263605,201634.79751671,1405.0,0.0,1412.0,BID
406,1712373630.4497747,201634.79751671,1405.0,0.0,1412.0,BID
407,1712373660.7099118,201634.79751671,1405.0,0.0,1412.0,BID
408,1712373690.6957366,201634.79751671,1405.0,0.0,1412.0,BID
409,1712373710.6762466,202111.94636234,1407.0,2.849716078671002e-07,1412.0,BID
410,1712373710.6791472,202175.577376,1405.0,3.8002884087375044e-08,1412.0,BID
411,1712373720.525988,202175.577376,1405.0,0.0,1412.0,BID
412,1712373723.0712886,202179.577376,1407.0,2.387868629941274e-09,1412.0,BID
413,1712373750.455706,202179.577376,1407.0,0.0,1412.0,BID
414,1712373759.755365,202186.68469654,1407.0,4.242822685358748e-09,1412.0,BID
415,1712373780.6852098,202186.68469654,1407.0,0.0,1412.0,BID
416,1712373810.704886,202186.68469654,1407.0,0.0,1412.0,BID
417,1712373833.3849058,202190.82533654,1407.0,2.471803030522739e-09,1412.0,BID
418,1712373833.388029,202193.79201708,1407.0,1.7709943268143227e-09,1412.0,BID
419,1712373840.4749122,202193.79201708,1407.0,0.0,1412.0,BID
420,1712373845.5948906,202211.96631735,1407.0,1.0849294387293824e-08,1412.0,BID
421,1712373845.5977995,202549.15804408,1407.0,2.0128930709350786e-07,1412.0,BID
422,1712373851.394939,202606.0166084,1407.0,3.3942176236942164e-08,1412.0,BID
423,1712373870.4746306,202606.0166084,1407.0,0.0,1412.0,BID
424,1712373900.684441,202606.0166084,1407.0,0.0,1412.0,BID
425,1712373930.704611,202606.0166084,1407.0,0.0,1412.0,BID
426,1712373936.241819,202612.89565353,1407.0,4.1154575392911695e-09,1412.0,BID
427,1712373960.504724,202612.89565353,1407.0,0.0,1412.0,BID
428,1712373990.4469645,202612.89565353,1407.0,0.0,1412.0,BID
429,1712374020.694201,202612.89565353,1407.0,0.0,1412.0,BID
430,1712374050.7242615,202612.89565353,1407.0,0.0,1412.0,BID
431,1712374080.4841316,202612.89565353,1407.0,0.0,1412.0,BID
432,1712374110.4761198,202612.89565353,1407.0,0.0,1412.0,BID
433,1712374140.7237034,202612.89565353,1407.0,0.0,1412.0,BID
434,1712374147.923915,202617.02793353,1410.0,2.472163517753426e-09,1412.0,BID
435,1712374147.9280767,202632.89565353,1410.0,9.492967198262822e-09,1412.0,BID
436,1712374170.7135437,202632.89565353,1410.0,0.0,1412.0,BID
437,1712374200.5834231,202632.89565353,1410.0,0.0,1412.0,BID
438,1712374230.4434342,202632.89565353,1410.0,0.0,1412.0,BID
439,1712374260.7132318,202632.89565353,1410.0,0.0,1412.0,BID
440,1712374290.722734,202632.89565353,1410.0,0.0,1412.0,BID
441,1712374320.4776964,202632.89565353,1410.0,0.0,1412.0,BID
442,1712374337.242728,202654.37024193,1408.0,-1.2854403241314669e-08,1412.0,ASK
443,1712374350.482631,202654.37024193,1408.0,-0.0,1412.0,ASK
444,1712374358.7125194,203009.73626893,1408.0,-2.1271353141531481e-07,1412.0,ASK
445,1712374380.7023995,203009.73626893,1408.0,-0.0,1412.0,ASK
446,1712374383.3224432,203033.41189593,1408.0,-1.4167416054558872e-08,1412.0,ASK
447,1712374410.762305,203033.41189593,1408.0,-0.0,1412.0,ASK
448,1712374417.866554,203967.2667164,1408.0,-5.588044560284995e-07,1412.0,ASK
449,1712374440.5054753,203967.2667164,1408.0,-0.0,1412.0,ASK
450,1712374460.5832694,204081.55303477,1408.0,-6.833342220148353e-08,1412.0,ASK
451,1712374470.4721189,204081.55303477,1408.0,-0.0,1412.0,ASK
452,1712374500.7123673,204081.55303477,1408.0,-0.0,1412.0,ASK
453,1712374530.732117,204081.55303477,1408.0,-0.0,1412.0,ASK
454,1712374560.4787538,204081.55303477,1408.0,-0.0,1412.0,ASK
455,1712374587.3118336,204143.55303477,1408.0,-3.710982175608783e-08,1412.0,ASK
456,1712374590.4918225,204143.55303477,1408.0,-0.0,1412.0,ASK
457,1712374620.7117984,204143.55303477,1408.0,-0.0,1412.0,ASK
458,1712374650.7416916,204143.55303477,1408.0,-0.0,1412.0,ASK
459,1712374680.4915226,204143.55303477,1408.0,-0.0,1412.0,ASK
460,1712374684.642145,204156.06891968,1408.0,-7.490935337935297e-09,1412.0,ASK
461,1712374710.471694,204156.06891968,1408.0,-0.0,1412.0,ASK
462,1712374713.2614894,204464.06891968,1408.0,-1.8434044146811973e-07,1412.0,ASK
463,1712374729.5112605,204468.06891968,1410.0,2.394031707378178e-09,1412.0,BID
464,1712374729.6120627,204472.06891968,1409.0,-2.394031707378178e-09,1412.0,ASK
465,1712374740.5021443,204472.06891968,1409.0,-0.0,1412.0,ASK
466,1712374770.53145,204472.06891968,1409.0,-0.0,1412.0,ASK
467,1712374800.5310812,204472.06891968,1409.0,-0.0,1412.0,ASK
468,1712374830.491696,204472.06891968,1409.0,-0.0,1412.0,ASK
469,1712374860.7013228,204472.06891968,1409.0,-0.0,1412.0,ASK
470,1712374888.2214217,204477.06891968,1409.0,-2.9970814283699406e-09,1412.0,ASK
471,1712374888.224835,206289.62824811,1408.0,-1.0864775802112562e-06,1412.0,ASK
472,1712374890.7114515,206289.62824811,1408.0,-0.0,1412.0,ASK
473,1712374920.461941,206289.62824811,1408.0,-0.0,1412.0,ASK
474,1712374950.471731,206289.62824811,1408.0,-0.0,1412.0,ASK
475,1712374976.0827212,206296.73052083,1408.0,-4.250697434693364e-09,1412.0,ASK
476,1712374976.0869174,206422.8428126,1408.0,-7.547797954890039e-08,1412.0,ASK
477,1712374976.09019,206449.88465836,1407.0,-1.618449599632656e-08,1412.0,ASK
478,1712374980.7128572,206449.88465836,1407.0,-0.0,1412.0,ASK
479,1712375010.7047665,206449.88465836,1407.0,-0.0,1412.0,ASK
480,1712375019.30008,206501.02333854,1407.0,-3.0602275796434776e-08,1412.0,ASK
481,1712375019.3021076,206505.02333854,1406.0,-2.393669581516814e-09,1412.0,ASK
482,1712375019.304058,206509.02333854,1404.0,-2.393669581516814e-09,1412.0,ASK
483,1712375019.305989,206513.02333854,1403.0,-2.393669581516814e-09,1412.0,ASK
484,1712375019.308036,206527.69949512,1405.0,-8.782467394787897e-09,1412.0,ASK
485,1712375019.3100946,206531.69949512,1407.0,-2.393669581516814e-09,1412.0,ASK
486,1712375019.3121333,206814.00247654,1403.0,-1.6893501484913025e-07,1412.0,ASK
487,1712375020.6037428,206818.00247654,1410.0,2.393669581516814e-09,1412.0,BID
488,1712375020.6072218,206820.00247654,1411.0,1.196834790758407e-09,1412.0,BID
489,1712375040.4830089,206820.00247654,1411.0,0.0,1412.0,BID
490,1712375070.474651,206820.00247654,1411.0,0.0,1412.0,BID
491,1712375100.4685135,206820.00247654,1411.0,0.0,1412.0,BID
492,1712375130.4360075,206820.00247654,1411.0,0.0,1412.0,BID
493,1712375160.676926,206820.00247654,1411.0,0.0,1412.0,BID
494,1712375189.274613,207185.75714299,1403.0,-2.212285045284182e-07,1412.0,ASK
495,1712375190.7371666,207185.75714299,1403.0,-0.0,1412.0,ASK
496,1712375220.5526645,207185.75714299,1403.0,-0.0,1412.0,ASK
497,1712375250.4683256,207185.75714299,1403.0,-0.0,1412.0,ASK
498,1712375280.3587685,207257.03298048,1408.0,4.309816304848711e-08,1412.0,BID
499,1712375280.688677,207257.03298048,1408.0,0.0,1412.0,BID
500,1712375310.7090986,207257.03298048,1408.0,0.0,1412.0,BID
501,1712375340.5094855,207257.03298048,1408.0,0.0,1412.0,BID
502,1712375370.471466,207257.03298048,1408.0,0.0,1412.0,BID
503,1712375400.5303493,207257.03298048,1408.0,0.0,1412.0,BID
504,1712375414.3305018,213258.94610042,1402.0,-3.630073125580648e-06,1412.0,ASK
505,1712375414.3349514,213278.94610042,1402.0,-1.2096386778810745e-08,1412.0,ASK
506,1712375414.3383732,216329.58935156,1403.0,-1.8450880344979005e-06,1412.0,ASK
507,1712375414.3417923,216404.91602773,1402.0,-4.5559030485740335e-08,1412.0,ASK
508,1712375430.4802094,216404.91602773,1402.0,-0.0,1412.0,ASK
509,1712375460.6907482,216404.91602773,1402.0,-0.0,1412.0,ASK
510,1712375490.731032,216404.91602773,1402.0,-0.0,1412.0,ASK
511,1712375500.2912958,216547.56938008,1403.0,-8.561523020071122e-08,1412.0,ASK
512,1712375500.2963488,217959.20283633,1403.0,-8.472098364667056e-07,1412.0,ASK
513,1712375500.3001657,225164.82288329,1402.0,-4.324544841720687e-06,1412.0,ASK
514,1712375500.341036,225210.58139509,1402.0,2.7462554905734424e-08,1412.0,BID
515,1712375500.3999426,227374.39653614,1402.0,1.298641275238034e-06,1412.0,BID
516,1712375520.481241,227374.39653614,1402.0,0.0,1412.0,BID
517,1712375550.4850068,227374.39653614,1402.0,0.0,1412.0,BID
518,1712375565.962011,227522.81768602,1401.0,-8.826210329649843e-08,1412.0,ASK
519,1712375565.9665177,227594.19527345,1401.0,-4.244634945825511e-08,1412.0,ASK
520,1712375565.970965,227636.8573031,1400.0,-2.5369972344586452e-08,1412.0,ASK
521,1712375565.9753623,227640.8573031,1401.0,-2.378693423891894e-09,1412.0,ASK
522,1712375580.732303,227640.8573031,1401.0,-0.0,1412.0,ASK
523,1712375610.7023797,227640.8573031,1401.0,-0.0,1412.0,ASK
524,1712375640.5024729,227640.8573031,1401.0,-0.0,1412.0,ASK
525,1712375670.4926925,227640.8573031,1401.0,-0.0,1412.0,ASK
526,1712375700.5029414,227640.8573031,1401.0,-0.0,1412.0,ASK
527,1712375730.4830017,227640.8573031,1401.0,-0.0,1412.0,ASK
528,1712375760.7232783,227640.8573031,1401.0,-0.0,1412.0,ASK
529,1712375790.6933134,227640.8573031,1401.0,-0.0,1412.0,ASK
530,1712375795.2581277,227740.8573031,1401.0,-5.9533604319848536e-08,1412.0,ASK
531,1712375797.5636578,227813.16690659,1401.0,-4.3048513226984174e-08,1412.0,ASK
532,1712375820.5003407,227813.16690659,1401.0,-0.0,1412.0,ASK
533,1712375846.8438926,227823.37098822,1401.0,-6.073984643915339e-09,1412.0,ASK
534,1712375850.5038583,227823.37098822,1401.0,-0.0,1412.0,ASK
535,1712375880.7340362,227823.37098822,1401.0,-0.0,1412.0,ASK
536,1712375910.7341084,227823.37098822,1401.0,-0.0,1412.0,ASK
537,1712375940.5044649,227823.37098822,1401.0,-0.0,1412.0,ASK
538,1712375970.4846325,227823.37098822,1401.0,-0.0,1412.0,ASK
539,1712375992.1424572,228057.7491662,1403.0,-1.3951253931694653e-07,1412.0,ASK
540,1712375992.1502914,228461.51989406,1402.0,-2.403426804965244e-07,1412.0,ASK
541,1712376000.6147609,228461.51989406,1402.0,-0.0,1412.0,ASK
542,1712376030.5178952,228461.51989406,1402.0,-0.0,1412.0,ASK
543,1712376060.7152596,228461.51989406,1402.0,-0.0,1412.0,ASK
544,1712376090.7453396,228461.51989406,1402.0,-0.0,1412.0,ASK
545,1712376120.4954724,228461.51989406,1402.0,-0.0,1412.0,ASK
546,1712376150.5054498,228461.51989406,1402.0,-0.0,1412.0,ASK
547,1712376180.7157557,228461.51989406,1402.0,-0.0,1412.0,ASK
548,1712376210.726096,228461.51989406,1402.0,-0.0,1412.0,ASK
549,1712376240.537335,228461.51989406,1402.0,-0.0,1412.0,ASK
550,1712376257.2397828,228817.89908151,1403.0,-2.1204062748798241e-07,1412.0,ASK
551,1712376257.3858082,229174.27826897,1403.0,2.120406274939392e-07,1412.0,BID
552,1712376270.486752,229174.27826897,1403.0,0.0,1412.0,BID
553,1712376300.716224,229174.27826897,1403.0,0.0,1412.0,BID
554,1712376310.7362835,229785.5934065,1402.0,-3.6418193238606194e-07,1412.0,ASK
555,1712376330.716104,229785.5934065,1402.0,-0.0,1412.0,ASK
556,1712376360.4461374,229785.5934065,1402.0,-0.0,1412.0,ASK
557,1712376390.590084,229785.5934065,1402.0,-0.0,1412.0,ASK
558,1712376420.7163925,229785.5934065,1402.0,-0.0,1412.0,ASK
559,1712376450.7266338,229785.5934065,1402.0,-0.0,1412.0,ASK
560,1712376480.52672,229785.5934065,1402.0,-0.0,1412.0,ASK
561,1712376510.4871354,229785.5934065,1402.0,-0.0,1412.0,ASK
562,1712376513.2698083,229827.59365092,1405.0,2.5008254302288056e-08,1412.0,BID
563,1712376540.726916,229827.59365092,1405.0,0.0,1412.0,BID
564,1712376547.0822372,229835.05633748,1407.0,4.443359998938992e-09,1412.0,BID
565,1712376570.7267714,229835.05633748,1407.0,0.0,1412.0,BID
566,1712376600.5073445,229835.05633748,1407.0,0.0,1412.0,BID
567,1712376604.6568432,229898.66685633,1407.0,3.797094506818911e-08,1412.0,BID
568,1712376604.7167175,230048.27595368,1407.0,-8.930596574086586e-08,1412.0,ASK
569,1712376630.4970434,230048.27595368,1407.0,-0.0,1412.0,ASK
570,1712376660.7078094,230048.27595368,1407.0,-0.0,1412.0,ASK
571,1712376690.7171853,230048.27595368,1407.0,-0.0,1412.0,ASK
572,1712376720.5329614,230048.27595368,1407.0,-0.0,1412.0,ASK
573,1712376750.4875252,230048.27595368,1407.0,-0.0,1412.0,ASK
574,1712376780.7345612,230048.27595368,1407.0,-0.0,1412.0,ASK
575,1712376788.5674632,230219.79884093,1405.0,-1.0236860408682965e-07,1412.0,ASK
576,1712376810.7373457,230219.79884093,1405.0,-0.0,1412.0,ASK
577,1712376840.4674895,230219.79884093,1405.0,-0.0,1412.0,ASK
578,1712376840.4809573,230226.61457803,1408.0,4.067195737750673e-09,1412.0,BID
579,1712376870.4766777,230226.61457803,1408.0,0.0,1412.0,BID
580,1712376900.518002,230226.61457803,1408.0,0.0,1412.0,BID
581,1712376918.4261923,230540.85081198,1403.0,-1.8752903097854226e-07,1412.0,ASK
582,1712376918.432102,230898.79710753,1403.0,-2.1361420070206213e-07,1412.0,ASK
583,1712376930.4970503,230898.79710753,1403.0,-0.0,1412.0,ASK
584,1712376960.7172685,230898.79710753,1403.0,-0.0,1412.0,ASK
585,1712376969.2077446,232395.86129675,1403.0,-8.929112941443477e-07,1412.0,ASK
586,1712376990.7170265,232395.86129675,1403.0,-0.0,1412.0,ASK
587,1712377020.466486,232395.86129675,1403.0,-0.0,1412.0,ASK
588,1712377033.4259148,232405.86129675,1403.0,5.9569529580600064e-09,1412.0,BID
589,1712377050.4810927,232405.86129675,1403.0,0.0,1412.0,BID
590,1712377080.7148142,232405.86129675,1403.0,0.0,1412.0,BID
591,1712377110.7340665,232405.86129675,1403.0,0.0,1412.0,BID
592,1712377140.4633086,232405.86129675,1403.0,0.0,1412.0,BID
593,1712377150.1632514,232409.43778594,1403.0,2.1304799802846223e-09,1412.0,BID
594,1712377154.208393,232767.44923086,1401.0,-2.132639512076736e-07,1412.0,ASK
595,1712377170.4827237,232767.44923086,1401.0,-0.0,1412.0,ASK
596,1712377184.9125607,235481.51911625,1401.0,-1.6162574100948558e-06,1412.0,ASK
597,1712377200.522381,235481.51911625,1401.0,-0.0,1412.0,ASK
598,1712377230.4720066,235481.51911625,1401.0,-0.0,1412.0,ASK
599,1712377260.7122378,235481.51911625,1401.0,-0.0,1412.0,ASK
600,1712377263.6912112,235485.41982546,1402.0,-2.324791235539892e-09,1412.0,ASK
601,1712377290.7011728,235485.41982546,1402.0,-0.0,1412.0,ASK
602,1712377320.5206294,235485.41982546,1402.0,-0.0,1412.0,ASK
603,1712377324.2105086,235961.44635679,1403.0,-2.8370704949993815e-07,1412.0,ASK
604,1712377350.6139264,235961.44635679,1403.0,-0.0,1412.0,ASK
605,1712377380.6896217,235961.44635679,1403.0,-0.0,1412.0,ASK
606,1712377410.7093058,235961.44635679,1403.0,-0.0,1412.0,ASK
607,1712377414.079254,235975.66440671,1403.0,8.470443901112467e-09,1412.0,BID
608,1712377414.0848007,235977.44635679,1407.0,1.0616018562302424e-09,1412.0,BID
609,1712377440.4788225,235977.44635679,1407.0,0.0,1412.0,BID
610,1712377470.4685247,235977.44635679,1407.0,0.0,1412.0,BID
611,1712377500.6881557,235977.44635679,1407.0,0.0,1412.0,BID
612,1712377530.6778452,235977.44635679,1407.0,0.0,1412.0,BID
613,1712377560.557484,235977.44635679,1407.0,0.0,1412.0,BID
614,1712377590.4572084,235977.44635679,1407.0,0.0,1412.0,BID
615,1712377620.726998,235977.44635679,1407.0,0.0,1412.0,BID
616,1712377650.726449,235977.44635679,1407.0,0.0,1412.0,BID
617,1712377680.4764357,235977.44635679,1407.0,0.0,1412.0,BID
618,1712377710.4732976,235977.44635679,1407.0,0.0,1412.0,BID
619,1712377740.515756,235977.44635679,1407.0,0.0,1412.0,BID
620,1712377770.6933427,235977.44635679,1407.0,0.0,1412.0,BID
621,1712377800.5573273,235977.44635679,1407.0,0.0,1412.0,BID
622,1712377830.4848793,235977.44635679,1407.0,0.0,1412.0,BID
623,1712377850.2647238,236120.09970914,1402.0,-8.567195202077577e-08,1412.0,ASK
624,1712377850.2748065,237503.76023265,1402.0,-8.309716948842124e-07,1412.0,ASK
625,1712377857.0150013,237738.13841063,1401.0,-1.4075824849424954e-07,1412.0,ASK
626,1712377860.7049026,237738.13841063,1401.0,-0.0,1412.0,ASK
627,1712377870.2761016,237745.25078616,1406.0,4.265088679713432e-09,1412.0,BID
628,1712377886.1150205,239647.3782763,1401.0,-1.1406515855835383e-06,1412.0,ASK
629,1712377890.684765,239647.3782763,1401.0,-0.0,1412.0,ASK
630,1712377897.06469,239667.3782763,1400.0,-1.1974222127076846e-08,1412.0,ASK
631,1712377897.0754998,240083.06478665,1400.0,-2.4887613050801773e-07,1412.0,ASK
632,1712377897.0795536,240558.49335807,1400.0,-2.8464436598709137e-07,1412.0,ASK
633,1712377920.4959457,240558.49335807,1400.0,-0.0,1412.0,ASK
634,1712377935.8541684,241214.36722097,1400.0,3.9237930890842987e-07,1412.0,BID
635,1712377948.3442316,241571.40814296,1399.0,-2.136012397308005e-07,1412.0,ASK
636,1712377948.3541994,243866.57522658,1399.0,-1.3730934026220282e-06,1412.0,ASK
637,1712377950.48409,243866.57522658,1399.0,-0.0,1412.0,ASK
638,1712377969.9939356,243870.57522658,1400.0,2.386408651727853e-09,1412.0,BID
639,1712377980.7040443,243870.57522658,1400.0,0.0,1412.0,BID
640,1712378009.523801,243874.50941828,1398.0,-2.347139435889268e-09,1412.0,ASK
641,1712378009.533625,244856.9940972,1398.0,-5.861505261786139e-07,1412.0,ASK
642,1712378010.713645,244856.9940972,1398.0,-0.0,1412.0,ASK
643,1712378040.463667,244856.9940972,1398.0,-0.0,1412.0,ASK
644,1712378043.4934638,245840.37564768,1399.0,5.862033188634801e-07,1412.0,BID
645,1712378070.463258,245840.37564768,1399.0,0.0,1412.0,BID
646,1712378095.3032985,245845.37564768,1400.0,2.978106351919761e-09,1412.0,BID
647,1712378100.673164,245845.37564768,1400.0,0.0,1412.0,BID
648,1712378130.702831,245845.37564768,1400.0,0.0,1412.0,BID
649,1712378160.4628863,245845.37564768,1400.0,0.0,1412.0,BID
650,1712378190.4365733,245845.37564768,1400.0,0.0,1412.0,BID
651,1712378220.5226488,245845.37564768,1400.0,0.0,1412.0,BID
652,1712378250.4626732,245845.37564768,1400.0,0.0,1412.0,BID
653,1712378280.7027717,245845.37564768,1400.0,0.0,1412.0,BID
654,1712378310.722798,245845.37564768,1400.0,0.0,1412.0,BID
655,1712378340.4918065,245845.37564768,1400.0,0.0,1412.0,BID
656,1712378370.505365,245845.37564768,1400.0,0.0,1412.0,BID
657,1712378400.4716237,245845.37564768,1400.0,0.0,1412.0,BID
658,1712378428.1614175,246590.27778831,1400.0,4.537416900151874e-07,1412.0,BID
659,1712378430.451297,246590.27778831,1400.0,0.0,1412.0,BID
660,1712378436.4265516,246594.27778831,1406.0,2.4349702551965207e-09,1412.0,BID
661,1712378460.7112508,246594.27778831,1406.0,0.0,1412.0,BID
662,1712378490.7113624,246594.27778831,1406.0,0.0,1412.0,BID
663,1712378504.7311852,247291.3451139,1405.0,4.243330981869697e-07,1412.0,BID
664,1712378504.7340071,248909.29592139,1406.0,9.84912150738442e-07,1412.0,BID
665,1712378504.7365322,248913.23011299,1404.0,2.3949016819414782e-09,1412.0,BID
666,1712378504.8310528,249653.94099086,1406.0,-4.509006951392201e-07,1412.0,ASK
667,1712378504.8511753,249990.34467524,1406.0,-2.0478254021396549e-07,1412.0,ASK
668,1712378504.8542752,250148.79924735,1406.0,-9.64577122423815e-08,1412.0,ASK
669,1712378520.4812715,250148.79924735,1406.0,-0.0,1412.0,ASK
670,1712378521.4823909,250319.02270704,1400.0,-1.033076643943206e-07,1412.0,ASK
671,1712378521.4899027,250322.61540704,1399.0,-2.180389510019357e-09,1412.0,ASK
672,1712378521.4924593,250363.42755212,1400.0,-2.4768662291412093e-08,1412.0,ASK
673,1712378521.4950318,250891.27457172,1399.0,-3.2034740012732464e-07,1412.0,ASK
674,1712378526.921457,250956.88261282,1399.0,-3.981715272307356e-08,1412.0,ASK
675,1712378533.911096,250994.76681583,1399.0,-2.299171064629334e-08,1412.0,ASK
676,1712378550.460819,250994.76681583,1399.0,-0.0,1412.0,ASK
677,1712378580.7207608,250994.76681583,1399.0,-0.0,1412.0,ASK
678,1712378610.6705685,250994.76681583,1399.0,-0.0,1412.0,ASK
679,1712378640.4807572,250994.76681583,1399.0,-0.0,1412.0,ASK
680,1712378670.4706335,250994.76681583,1399.0,-0.0,1412.0,ASK
681,1712378700.575801,250994.76681583,1399.0,-0.0,1412.0,ASK
682,1712378730.490945,250994.76681583,1399.0,-0.0,1412.0,ASK
683,1712378760.6801543,250994.76681583,1399.0,-0.0,1412.0,ASK
684,1712378790.699999,250994.76681583,1399.0,-0.0,1412.0,ASK
685,1712378820.489746,250994.76681583,1399.0,-0.0,1412.0,ASK
686,1712378850.489704,250994.76681583,1399.0,-0.0,1412.0,ASK
687,1712378880.6795895,250994.76681583,1399.0,-0.0,1412.0,ASK
688,1712378910.6996238,250994.76681583,1399.0,-0.0,1412.0,ASK
689,1712378940.4993114,250994.76681583,1399.0,-0.0,1412.0,ASK
690,1712378970.4790094,250994.76681583,1399.0,-0.0,1412.0,ASK
691,1712379000.5090227,250994.76681583,1399.0,-0.0,1412.0,ASK
692,1712379030.5096276,250994.76681583,1399.0,-0.0,1412.0,ASK
693,1712379060.6702597,250994.76681583,1399.0,-0.0,1412.0,ASK
694,1712379090.6910913,250994.76681583,1399.0,-0.0,1412.0,ASK
695,1712379120.501854,250994.76681583,1399.0,-0.0,1412.0,ASK
696,1712379150.4725945,250994.76681583,1399.0,-0.0,1412.0,ASK
697,1712379153.8228257,251050.5845708,1399.0,-3.396761762354089e-08,1412.0,ASK
698,1712379153.8280938,251164.99027552,1399.0,-6.96210235249897e-08,1412.0,ASK
699,1712379180.6733763,251164.99027552,1399.0,-0.0,1412.0,ASK
700,1712379210.6843846,251164.99027552,1399.0,-0.0,1412.0,ASK
701,1712379240.47496,251164.99027552,1399.0,-0.0,1412.0,ASK
702,1712379261.0152607,251168.99027552,1406.0,2.433827426461802e-09,1412.0,BID
703,1712379270.4775982,251168.99027552,1406.0,0.0,1412.0,BID
704,1712379300.6860948,251168.99027552,1406.0,0.0,1412.0,BID
705,1712379330.686628,251168.99027552,1406.0,0.0,1412.0,BID
706,1712379330.730347,251184.95257992,1406.0,9.752950426346373e-09,1412.0,BID
707,1712379360.4772708,251184.95257992,1406.0,0.0,1412.0,BID
708,1712379390.4675198,251184.95257992,1406.0,0.0,1412.0,BID
709,1712379420.6983678,251184.95257992,1406.0,0.0,1412.0,BID
710,1712379450.7087595,251184.95257992,1406.0,0.0,1412.0,BID
711,1712379480.4990058,251184.95257992,1406.0,0.0,1412.0,BID
712,1712379510.5095775,251184.95257992,1406.0,0.0,1412.0,BID
713,1712379540.7098365,251184.95257992,1406.0,0.0,1412.0,BID
714,1712379570.7102911,251184.95257992,1406.0,0.0,1412.0,BID
715,1712379600.5704186,251184.95257992,1406.0,0.0,1412.0,BID
716,1712379630.4809756,251184.95257992,1406.0,0.0,1412.0,BID
717,1712379645.9510646,251334.34158842,1400.0,-9.150225883588053e-08,1412.0,ASK
718,1712379660.6910636,251334.34158842,1400.0,-0.0,1412.0,ASK
719,1712379668.9812012,252099.24115134,1400.0,-4.684486074020518e-07,1412.0,ASK
720,1712379669.121219,252271.58779306,1400.0,1.0555051698023485e-07,1412.0,BID
721,1712379675.4812627,252342.76217028,1405.0,4.358943253169529e-08,1412.0,BID
722,1712379690.7316115,252342.76217028,1405.0,0.0,1412.0,BID
723,1712379720.511644,252342.76217028,1405.0,0.0,1412.0,BID
724,1712379734.2120588,252345.86741917,1405.0,1.9001090257982587e-09,1412.0,BID
725,1712379734.2217028,252347.70606515,1405.0,1.125071756110818e-09,1412.0,BID
726,1712379750.6393068,252347.70606515,1405.0,0.0,1412.0,BID
727,1712379780.722143,252347.70606515,1405.0,0.0,1412.0,BID
728,1712379810.712539,252347.70606515,1405.0,0.0,1412.0,BID
729,1712379840.4726126,252347.70606515,1405.0,0.0,1412.0,BID
730,1712379870.453019,252347.70606515,1405.0,0.0,1412.0,BID
731,1712379900.7135053,252347.70606515,1405.0,0.0,1412.0,BID
732,1712379930.7134588,252347.70606515,1405.0,0.0,1412.0,BID
733,1712379938.73331,252352.64644374,1406.0,3.0259691868317758e-09,1412.0,BID
734,1712379960.473504,252352.64644374,1406.0,0.0,1412.0,BID
735,1712379990.4836185,252352.64644374,1406.0,0.0,1412.0,BID
736,1712380020.5039606,252352.64644374,1406.0,0.0,1412.0,BID
737,1712380050.4938295,252352.64644374,1406.0,0.0,1412.0,BID
738,1712380080.8517616,252352.64644374,1406.0,0.0,1412.0,BID
739,1712380110.714245,252352.64644374,1406.0,0.0,1412.0,BID
740,1712380140.4444368,252352.64644374,1406.0,0.0,1412.0,BID
741,1712380170.5044863,252352.64644374,1406.0,0.0,1412.0,BID
742,1712380199.0648658,252371.67332647,1406.0,1.1653867180852678e-08,1412.0,BID
743,1712380199.0711875,256695.30745448,1406.0,2.648203522430745e-06,1412.0,BID
744,1712380200.534673,256695.30745448,1406.0,0.0,1412.0,BID
745,1712380230.4850075,256695.30745448,1406.0,0.0,1412.0,BID
746,1712380260.7149212,256695.30745448,1406.0,0.0,1412.0,BID
747,1712380290.6952565,256695.30745448,1406.0,0.0,1412.0,BID
748,1712380320.4950435,256695.30745448,1406.0,0.0,1412.0,BID
749,1712380342.645272,267368.44756538,1406.0,-6.524676848588087e-06,1412.0,ASK
750,1712380350.4953663,267368.44756538,1406.0,-0.0,1412.0,ASK
751,1712380380.8313863,267368.44756538,1406.0,-0.0,1412.0,ASK
752,1712380396.705793,267422.21077305,1407.0,3.256762183041848e-08,1412.0,BID
753,1712380396.712463,267618.43519829,1408.0,1.1886498503456653e-07,1412.0,BID
754,1712380396.7185147,267828.12839166,1407.0,1.270238313160907e-07,1412.0,BID
755,1712380396.7220175,268810.61307058,1408.0,5.951503056447178e-07,1412.0,BID
756,1712380410.72551,268810.61307058,1408.0,0.0,1412.0,BID
757,1712380439.415568,269025.87681525,1409.0,1.302380736300387e-07,1412.0,BID
758,1712380439.4214633,269295.56359572,1409.0,1.631648972089324e-07,1412.0,BID
759,1712380440.4956326,269295.56359572,1409.0,0.0,1412.0,BID
760,1712380461.5455575,270715.01001162,1409.0,-8.584333335689777e-07,1412.0,ASK
761,1712380464.756004,272080.37834046,1409.0,-8.257287298389903e-07,1412.0,ASK
762,1712380470.4960058,272080.37834046,1409.0,-0.0,1412.0,ASK
763,1712380490.4457283,272752.56086997,1408.0,-4.055509641144221e-07,1412.0,ASK
764,1712380500.515766,272752.56086997,1408.0,-0.0,1412.0,ASK
765,1712380501.065571,272762.56086997,1409.0,6.1959412051109265e-09,1412.0,BID
766,1712380505.9762602,272806.63895703,1409.0,2.731052358576061e-08,1412.0,BID
767,1712380505.9830391,272833.53319076,1409.0,1.6663509094747556e-08,1412.0,BID
768,1712380530.6127672,272833.53319076,1409.0,0.0,1412.0,BID
769,1712380560.7054272,272833.53319076,1409.0,0.0,1412.0,BID
770,1712380561.4763842,273189.91237821,1408.0,-2.207948413410962e-07,1412.0,ASK
771,1712380567.415601,277551.23171853,1408.0,-2.702056813906812e-06,1412.0,ASK
772,1712380567.5152545,277831.56068947,1408.0,-1.736779050002442e-07,1412.0,ASK
773,1712380590.705563,277831.56068947,1408.0,-0.0,1412.0,ASK
774,1712380620.4974778,277831.56068947,1408.0,-0.0,1412.0,ASK
775,1712380627.3056612,278167.06975181,1406.0,-2.0696241031858654e-07,1412.0,ASK
776,1712380650.4755645,278167.06975181,1406.0,-0.0,1412.0,ASK
777,1712380680.7056386,278167.06975181,1406.0,-0.0,1412.0,ASK
778,1712380710.7203171,278167.06975181,1406.0,-0.0,1412.0,ASK
779,1712380740.495802,278167.06975181,1406.0,-0.0,1412.0,ASK
780,1712380770.5259247,278167.06975181,1406.0,-0.0,1412.0,ASK
781,1712380800.515926,278167.06975181,1406.0,-0.0,1412.0,ASK
782,1712380823.4760768,278170.63085905,1408.0,2.2186839970786877e-09,1412.0,BID
783,1712380830.48622,278170.63085905,1408.0,0.0,1412.0,BID
784,1712380860.7067697,278170.63085905,1408.0,0.0,1412.0,BID
785,1712380890.74676,278170.63085905,1408.0,0.0,1412.0,BID
786,1712380920.5165238,278170.63085905,1408.0,0.0,1412.0,BID
787,1712380920.542285,278174.90571026,1408.0,2.663361056369855e-09,1412.0,BID
788,1712380950.5167742,278174.90571026,1408.0,0.0,1412.0,BID
789,1712380980.716684,278174.90571026,1408.0,0.0,1412.0,BID
790,1712381004.6871858,278182.00798298,1408.0,4.42491322166538e-09,1412.0,BID
791,1712381010.7068284,278182.00798298,1408.0,0.0,1412.0,BID
792,1712381020.1512752,278891.73119093,1409.0,4.421745213881336e-07,1412.0,BID
793,1712381020.1575172,279587.02023249,1408.0,4.331816907413966e-07,1412.0,BID
794,1712381020.1603591,280306.68220394,1410.0,4.483666085914017e-07,1412.0,BID
795,1712381040.4967475,280306.68220394,1410.0,0.0,1412.0,BID
796,1712381070.4669242,280306.68220394,1410.0,0.0,1412.0,BID
797,1712381100.7065682,280306.68220394,1410.0,0.0,1412.0,BID
798,1712381130.7155304,280306.68220394,1410.0,0.0,1412.0,BID
799,1712381160.4850109,280306.68220394,1410.0,0.0,1412.0,BID
800,1712381190.466638,280306.68220394,1410.0,0.0,1412.0,BID
801,1712381220.5137029,280306.68220394,1410.0,0.0,1412.0,BID
802,1712381250.488799,280306.68220394,1410.0,0.0,1412.0,BID
803,1712381280.7326195,280306.68220394,1410.0,0.0,1412.0,BID
804,1712381310.7022254,280306.68220394,1410.0,0.0,1412.0,BID
805,1712381340.4717436,280306.68220394,1410.0,0.0,1412.0,BID
806,1712381370.4910872,280306.68220394,1410.0,0.0,1412.0,BID
807,1712381400.570954,280306.68220394,1410.0,0.0,1412.0,BID
808,1712381430.43049,280306.68220394,1410.0,0.0,1412.0,BID
809,1712381460.7099726,280306.68220394,1410.0,0.0,1412.0,BID
810,1712381484.6597817,280413.01796437,1409.0,-6.651747956926668e-08,1412.0,ASK
811,1712381490.6997497,280413.01796437,1409.0,-0.0,1412.0,ASK
812,1712381520.5404756,280413.01796437,1409.0,-0.0,1412.0,ASK
813,1712381550.449373,280413.01796437,1409.0,-0.0,1412.0,ASK
814,1712381553.329129,281122.03180379,1409.0,4.434763399325665e-07,1412.0,BID
815,1712381580.6887991,281122.03180379,1409.0,0.0,1412.0,BID
816,1712381596.0757692,281153.25802806,1409.0,1.9519286070592592e-08,1412.0,BID
817,1712381610.7402472,281153.25802806,1409.0,0.0,1412.0,BID
818,1712381617.7383947,282708.18504799,1409.0,9.719468593440063e-07,1412.0,BID
819,1712381619.9282954,283034.99404799,1410.0,2.042803148212496e-07,1412.0,BID
820,1712381621.5083282,283252.40404799,1410.0,1.358976749271945e-07,1412.0,BID
821,1712381640.4483786,283252.40404799,1410.0,0.0,1412.0,BID
822,1712381654.6681185,283410.55549286,1410.0,9.867414036562798e-08,1412.0,BID
823,1712381654.6749568,285349.75652687,1410.0,1.20990987584324e-06,1412.0,BID
824,1712381658.5484252,285490.61366972,1411.0,8.788384764051993e-08,1412.0,BID
825,1712381658.5535843,285574.90689427,1411.0,5.259238369875532e-08,1412.0,BID
826,1712381658.5780015,286120.02619776,1411.0,3.401118384521074e-07,1412.0,BID
827,1712381661.9781294,286148.0031423,1411.0,1.745542669439071e-08,1412.0,BID
828,1712381662.0645535,286151.67388277,1412.0,2.290255145504647e-09,1412.0,BID
829,1712381662.071412,286259.25645928,1412.0,6.712311900892011e-08,1412.0,BID
830,1712381666.1179895,286289.25645928,1411.0,-1.8717655177936183e-08,1412.0,ASK
831,1712381670.447818,286289.25645928,1411.0,-0.0,1412.0,ASK
832,1712381673.287777,286302.03577374,1411.0,-7.952043414078291e-09,1412.0,ASK
833,1712381677.5582986,286319.25645928,1411.0,1.071572653313281e-08,1412.0,BID
834,1712381700.7129543,286319.25645928,1411.0,0.0,1412.0,BID
835,1712381730.7174022,286319.25645928,1411.0,0.0,1412.0,BID
836,1712381760.4869826,286319.25645928,1411.0,0.0,1412.0,BID
837,1712381790.4665434,286319.25645928,1411.0,0.0,1412.0,BID
838,1712381820.7067327,286319.25645928,1411.0,0.0,1412.0,BID
839,1712381850.6760952,286319.25645928,1411.0,0.0,1412.0,BID
840,1712381880.4259431,286319.25645928,1411.0,0.0,1412.0,BID
841,1712381910.521608,286319.25645928,1411.0,0.0,1412.0,BID
842,1712381940.7156086,286319.25645928,1411.0,0.0,1412.0,BID
843,1712381953.2853703,286601.19229637,1412.0,1.7696143996333914e-07,1412.0,BID
844,1712381953.2954848,286663.72122556,1412.0,3.9247260876939455e-08,1412.0,BID
845,1712381970.7154176,286663.72122556,1412.0,0.0,1412.0,BID
846,1712382000.5254586,286663.72122556,1412.0,0.0,1412.0,BID
847,1712382021.3351965,286670.80337853,1412.0,4.7184935791784295e-09,1412.0,BID
848,1712382030.465275,286670.80337853,1412.0,0.0,1412.0,BID
849,1712382046.1231172,286700.80337853,1412.0,1.9987405647710205e-08,1412.0,BID
850,1712382046.1299274,286787.95097272,1412.0,5.8061810543232e-08,1412.0,BID
851,1712382058.126295,286858.72238108,1413.0,4.715122823835952e-08,1413.0,BID
852,1712382058.1324246,286888.72238108,1413.0,1.9987405647710205e-08,1413.0,BID
853,1712382058.137801,287399.89395719,1414.0,3.405664549096686e-07,1414.0,BID
854,1712382058.142505,287403.65837719,1413.0,2.5080329856259967e-09,1414.0,BID
855,1712382060.7155116,287403.65837719,1413.0,0.0,1414.0,BID
856,1712382090.72534,287403.65837719,1413.0,0.0,1414.0,BID
857,1712382093.1353023,287474.32975529,1415.0,4.705210909929709e-08,1415.0,BID
858,1712382093.1418512,287619.62770317,1415.0,9.67375347609589e-08,1415.0,BID
859,1712382120.485019,287626.68985006,1416.0,4.7018880185451995e-09,1416.0,BID
860,1712382120.4917018,287626.68985006,1416.0,0.0,1416.0,BID
861,1712382142.8669257,287631.68985006,1414.0,-3.328259542897547e-09,1416.0,ASK
862,1712382146.7549126,291429.18191806,1414.0,-2.5278078428797623e-06,1416.0,ASK
863,1712382146.8149648,291454.59524615,1414.0,-1.6916430346455195e-08,1416.0,ASK
864,1712382150.4750564,291454.59524615,1414.0,-0.0,1416.0,ASK
865,1712382180.7246938,291454.59524615,1414.0,-0.0,1416.0,ASK
866,1712382210.7046018,291454.59524615,1414.0,-0.0,1416.0,ASK
867,1712382240.4586682,291454.59524615,1414.0,-0.0,1416.0,ASK
868,1712382270.484327,291454.59524615,1414.0,-0.0,1416.0,ASK
869,1712382300.5040154,291454.59524615,1414.0,-0.0,1416.0,ASK
870,1712382330.5734649,291454.59524615,1414.0,-0.0,1416.0,ASK
871,1712382338.044726,291471.71944061,1414.0,1.1542461045222366e-08,1416.0,BID
872,1712382338.0511055,291478.86229775,1414.0,4.814600212769683e-09,1416.0,BID
873,1712382338.056383,291482.59524615,1415.0,2.5161715834914194e-09,1416.0,BID
874,1712382341.684256,291486.38728455,1416.0,2.556000845263245e-09,1416.0,BID
875,1712382341.691384,291486.59524615,1415.0,1.4017527494867868e-10,1416.0,BID
876,1712382360.704225,291486.59524615,1415.0,0.0,1416.0,BID
877,1712382389.8841684,291490.63607726,1411.0,-2.723614997085201e-09,1416.0,ASK
878,1712382389.8877,291738.3938426,1411.0,-1.669945481385917e-07,1416.0,ASK
879,1712382390.7238717,291738.3938426,1411.0,-0.0,1416.0,ASK
880,1712382420.4833326,291738.3938426,1411.0,-0.0,1416.0,ASK
881,1712382450.493215,291738.3938426,1411.0,-0.0,1416.0,ASK
882,1712382480.713173,291738.3938426,1411.0,-0.0,1416.0,ASK
883,1712382510.7030473,291738.3938426,1411.0,-0.0,1416.0,ASK
884,1712382540.4665904,291738.3938426,1411.0,-0.0,1416.0,ASK
885,1712382570.6564186,291738.3938426,1411.0,-0.0,1416.0,ASK
886,1712382600.630537,291738.3938426,1411.0,-0.0,1416.0,ASK
887,1712382630.4825916,291738.3938426,1411.0,-0.0,1416.0,ASK
888,1712382660.692845,291738.3938426,1411.0,-0.0,1416.0,ASK
889,1712382682.992244,292013.95747922,1410.0,-1.8649749153667977e-07,1416.0,ASK
890,1712382690.7020986,292013.95747922,1410.0,-0.0,1416.0,ASK
891,1712382720.4819832,292013.95747922,1410.0,-0.0,1416.0,ASK
892,1712382750.4721303,292013.95747922,1410.0,-0.0,1416.0,ASK
893,1712382780.734638,292013.95747922,1410.0,-0.0,1416.0,ASK
894,1712382810.7019062,292013.95747922,1410.0,-0.0,1416.0,ASK
895,1712382840.5317466,292013.95747922,1410.0,-0.0,1416.0,ASK
896,1712382870.4717443,292013.95747922,1410.0,-0.0,1416.0,ASK
897,1712382900.6721652,292013.95747922,1410.0,-0.0,1416.0,ASK
898,1712382930.7015102,292013.95747922,1410.0,-0.0,1416.0,ASK
899,1712382960.4731548,292013.95747922,1410.0,-0.0,1416.0,ASK
900,1712382988.472275,292018.06809996,1412.0,2.791465107444112e-09,1416.0,BID
901,1712382990.4823332,292018.06809996,1412.0,0.0,1416.0,BID
902,1712383020.6920514,292018.06809996,1412.0,0.0,1416.0,BID
903,1712383050.6920693,292018.06809996,1412.0,0.0,1416.0,BID
904,1712383080.4920354,292018.06809996,1412.0,0.0,1416.0,BID
905,1712383110.4918256,292018.06809996,1412.0,0.0,1416.0,BID
906,1712383140.5022864,292018.06809996,1412.0,0.0,1416.0,BID
907,1712383170.4730062,292018.06809996,1412.0,0.0,1416.0,BID
908,1712383200.5638225,292018.06809996,1412.0,0.0,1416.0,BID
909,1712383227.69454,292022.18161754,1411.0,2.795709816283133e-09,1416.0,BID
910,1712383230.4744627,292022.18161754,1411.0,0.0,1416.0,BID
911,1712383260.7151406,292022.18161754,1411.0,0.0,1416.0,BID
912,1712383290.685801,292022.18161754,1411.0,0.0,1416.0,BID
913,1712383320.4565473,292022.18161754,1411.0,0.0,1416.0,BID
914,1712383341.4577537,292071.13369242,1408.0,-3.326964179621128e-08,1416.0,ASK
915,1712383341.465805,292121.13369242,1408.0,-3.3981850491320625e-08,1416.0,ASK
916,1712383350.476783,292121.13369242,1408.0,-0.0,1416.0,ASK
917,1712383380.717563,292121.13369242,1408.0,-0.0,1416.0,ASK
918,1712383410.7117872,292121.13369242,1408.0,-0.0,1416.0,ASK
919,1712383433.6384242,292125.25301596,1409.0,2.799379659699071e-09,1416.0,BID
920,1712383440.4573472,292125.25301596,1409.0,0.0,1416.0,BID
921,1712383469.778764,292132.71570252,1408.0,-5.071417760630927e-09,1416.0,ASK
922,1712383470.5189846,292132.71570252,1408.0,-0.0,1416.0,ASK
923,1712383500.719272,292132.71570252,1408.0,-0.0,1416.0,ASK
924,1712383530.7096682,292132.71570252,1408.0,-0.0,1416.0,ASK
925,1712383543.3147411,292297.2416457,1410.0,1.1273503777968021e-07,1416.0,BID
926,1712383543.3209352,292323.12232216,1409.0,1.7733732334771153e-08,1416.0,BID
927,1712383543.3263266,292353.12232216,1410.0,2.0556339432072467e-08,1416.0,BID
928,1712383560.459882,292353.12232216,1410.0,0.0,1416.0,BID
929,1712383590.5300262,292353.12232216,1410.0,0.0,1416.0,BID
930,1712383620.7002914,292353.12232216,1410.0,0.0,1416.0,BID
931,1712383650.6908233,292353.12232216,1410.0,0.0,1416.0,BID
932,1712383669.180758,292360.21452074,1410.0,4.858620176313667e-09,1416.0,BID
933,1712383680.4711025,292360.21452074,1410.0,0.0,1416.0,BID
934,1712383696.7713058,292364.33093925,1410.0,2.819996759613271e-09,1416.0,BID
935,1712383699.0614552,292431.65911261,1408.0,-4.6123889065930217e-08,1416.0,ASK
936,1712383710.5013692,292431.65911261,1408.0,-0.0,1416.0,ASK
937,1712383740.701485,292431.65911261,1408.0,-0.0,1416.0,ASK
938,1712383758.4719718,292520.98435962,1408.0,-6.118900381782175e-08,1416.0,ASK
939,1712383758.479322,292633.21651435,1408.0,-7.68805458044949e-08,1416.0,ASK
940,1712383770.6918788,292633.21651435,1408.0,-0.0,1416.0,ASK
941,1712383792.4087262,292691.43890507,1408.0,-3.987537422399132e-08,1416.0,ASK
942,1712383798.5923407,294868.23465786,1407.0,-1.4908447450925712e-06,1416.0,ASK
943,1712383798.5999155,294907.05571744,1407.0,-2.6587782799341908e-08,1416.0,ASK
944,1712383798.6921527,294919.23465786,1407.0,-8.341117581995892e-09,1416.0,ASK
945,1712383798.6994655,294954.77126057,1407.0,-2.4338322665639018e-08,1416.0,ASK
946,1712383798.8320537,295027.90013179,1407.0,5.008453054597496e-08,1416.0,BID
947,1712383800.4721775,295027.90013179,1407.0,0.0,1416.0,BID
948,1712383806.961933,295034.99233037,1410.0,4.8850048435238684e-09,1416.0,BID
949,1712383830.4921064,295034.99233037,1410.0,0.0,1416.0,BID
950,1712383851.512561,295064.99233037,1409.0,2.066342816597659e-08,1416.0,BID
951,1712383851.5199957,295358.45428244,1410.0,2.021309988681952e-07,1416.0,BID
952,1712383851.5252633,295567.37348244,1410.0,1.4389956272311257e-07,1416.0,BID
953,1712383851.6722467,296311.58807505,1410.0,-5.126008258155827e-07,1416.0,ASK
954,1712383860.7122476,296311.58807505,1410.0,-0.0,1416.0,ASK
955,1712383890.692541,296311.58807505,1410.0,-0.0,1416.0,ASK
956,1712383920.4429154,296311.58807505,1410.0,-0.0,1416.0,ASK
957,1712383950.4628105,296311.58807505,1410.0,-0.0,1416.0,ASK
958,1712383980.7130563,296311.58807505,1410.0,-0.0,1416.0,ASK
959,1712384010.7038682,296311.58807505,1410.0,-0.0,1416.0,ASK
960,1712384040.5401895,296311.58807505,1410.0,-0.0,1416.0,ASK
961,1712384070.5041103,296311.58807505,1410.0,-0.0,1416.0,ASK
962,1712384100.557282,296311.58807505,1410.0,-0.0,1416.0,ASK
963,1712384130.4747996,296311.58807505,1410.0,-0.0,1416.0,ASK
964,1712384160.6947365,296311.58807505,1410.0,-0.0,1416.0,ASK
965,1712384190.7452896,296311.58807505,1410.0,-0.0,1416.0,ASK
966,1712384220.504996,296311.58807505,1410.0,-0.0,1416.0,ASK
967,1712384239.0651534,296321.58807505,1410.0,-7.020214609420263e-09,1416.0,ASK
968,1712384250.4550557,296321.58807505,1410.0,-0.0,1416.0,ASK
969,1712384280.7053385,296321.58807505,1410.0,-0.0,1416.0,ASK
970,1712384295.3584733,296325.58807505,1406.0,-2.808058048198216e-09,1416.0,ASK
971,1712384310.7153077,296325.58807505,1406.0,-0.0,1416.0,ASK
972,1712384340.465549,296325.58807505,1406.0,-0.0,1416.0,ASK
973,1712384370.495603,296325.58807505,1406.0,-0.0,1416.0,ASK
974,1712384397.175827,296329.58807505,1409.0,2.8080469616648442e-09,1416.0,BID
1174,1712384397.175827,296329.58807505,1409.0,2.808046961664844e-09,1416.0,BID
975,1712384400.5857224,296329.58807505,1409.0,0.0,1416.0,BID
976,1712384407.1558428,296336.68530712,1409.0,4.984481425020383e-09,1416.0,BID
977,1712384430.4955084,296336.68530712,1409.0,0.0,1416.0,BID
978,1712384460.5457864,296336.68530712,1409.0,0.0,1416.0,BID
979,1712384490.4756267,296336.68530712,1409.0,0.0,1416.0,BID
980,1712384520.7213583,296336.68530712,1409.0,0.0,1416.0,BID
981,1712384550.7158556,296336.68530712,1409.0,0.0,1416.0,BID
982,1712384580.466273,296336.68530712,1409.0,0.0,1416.0,BID
983,1712384610.515989,296336.68530712,1409.0,0.0,1416.0,BID
984,1712384637.4459767,296789.7788111,1407.0,-3.182114197371033e-07,1416.0,ASK
985,1712384637.4545145,297007.53033917,1407.0,-1.5292874933854437e-07,1416.0,ASK
986,1712384637.5460863,297192.81771582,1407.0,-1.3012889980817157e-07,1416.0,ASK
987,1712384640.6960795,297192.81771582,1407.0,-0.0,1416.0,ASK
988,1712384670.706056,297192.81771582,1407.0,-0.0,1416.0,ASK
989,1712384700.4764905,297192.81771582,1407.0,-0.0,1416.0,ASK
990,1712384730.5061092,297192.81771582,1407.0,-0.0,1416.0,ASK
991,1712384750.1063251,297706.24472655,1407.0,3.6101626276383603e-07,1416.0,BID
992,1712384760.6762905,297706.24472655,1407.0,0.0,1416.0,BID
993,1712384768.556619,297871.11658155,1407.0,1.1587080760171376e-07,1416.0,BID
994,1712384790.7363503,297871.11658155,1407.0,0.0,1416.0,BID
995,1712384820.5005944,297871.11658155,1407.0,0.0,1416.0,BID
996,1712384827.682251,298020.50559006,1407.0,-1.0497245571831348e-07,1416.0,ASK
997,1712384833.2164228,298699.30869243,1407.0,-4.769803971233432e-07,1416.0,ASK
998,1712384850.456527,298699.30869243,1407.0,-0.0,1416.0,ASK
999,1712384880.706568,298699.30869243,1407.0,-0.0,1416.0,ASK
1000,1712384891.6768658,298747.30869243,1406.0,-3.3700977013167466e-08,1416.0,ASK
1201,1712384891.6898663,299071.11815187,1406.0,-2.273478156090357e-07,1416.0,ASK
1202,1712384891.796655,299071.47075334,1406.0,2.4756279241447537e-10,1416.0,BID
1203,1712384910.7267182,299071.47075334,1406.0,0.0,1416.0,BID
1204,1712384940.4767034,299071.47075334,1406.0,0.0,1416.0,BID
1205,1712384970.4669683,299071.47075334,1406.0,0.0,1416.0,BID
1206,1712385000.6227667,299071.47075334,1406.0,0.0,1416.0,BID
1207,1712385007.3076048,299078.57302606,1408.0,5.024829937242647e-09,1416.0,BID
1208,1712385030.4667444,299078.57302606,1408.0,0.0,1416.0,BID
1209,1712385060.7172816,299078.57302606,1408.0,0.0,1416.0,BID
1210,1712385090.7074094,299078.57302606,1408.0,0.0,1416.0,BID
1211,1712385110.037552,299716.95390669,1407.0,4.5164875980188243e-07,1416.0,BID
1212,1712385110.0402908,300839.67636412,1408.0,7.943160907318479e-07,1416.0,BID
1213,1712385120.4605153,300839.67636412,1408.0,0.0,1416.0,BID
1214,1712385150.4577,300839.67636412,1408.0,0.0,1416.0,BID
1215,1712385161.9075418,300889.32175419,1408.0,3.5062174782508183e-08,1416.0,BID
1216,1712385180.71725,300889.32175419,1408.0,0.0,1416.0,BID
1217,1712385210.736527,300889.32175419,1408.0,0.0,1416.0,BID
1218,1712385240.4855318,300889.32175419,1408.0,0.0,1416.0,BID
1219,1712385270.5349593,300889.32175419,1408.0,0.0,1416.0,BID
1220,1712385300.698853,300889.32175419,1408.0,0.0,1416.0,BID
1221,1712385330.693679,300889.32175419,1408.0,0.0,1416.0,BID
1222,1712385360.48301,300889.32175419,1408.0,0.0,1416.0,BID
1223,1712385390.4730852,300889.32175419,1408.0,0.0,1416.0,BID
1224,1712385397.3525035,301101.78634342,1408.0,1.512037370249694e-07,1416.0,BID
1225,1712385420.6720712,301101.78634342,1408.0,0.0,1416.0,BID
1226,1712385450.711526,301101.78634342,1408.0,0.0,1416.0,BID
1227,1712385463.7712998,301108.88861614,1408.0,5.0533672622374906e-09,1416.0,BID
1228,1712385480.4726484,301108.88861614,1408.0,0.0,1416.0,BID
1229,1712385506.0006137,301123.09316159,1408.0,1.0106662621226392e-08,1416.0,BID
1230,1712385506.8606682,301144.39997977,1408.0,1.5159993935422006e-08,1416.0,BID
1231,1712385510.4606209,301144.39997977,1408.0,0.0,1416.0,BID
1232,1712385540.7201457,301144.39997977,1408.0,0.0,1416.0,BID
1233,1712385570.7197745,301144.39997977,1408.0,0.0,1416.0,BID
1234,1712385586.6610067,301170.23939711,1406.0,-1.838432522147537e-08,1416.0,ASK
1235,1712385586.6625009,301180.3082788,1407.0,-7.163845576291613e-09,1416.0,ASK
1236,1712385600.5692818,301180.3082788,1407.0,-0.0,1416.0,ASK
1237,1712385630.4984777,301180.3082788,1407.0,-0.0,1416.0,ASK
1238,1712385660.687992,301180.3082788,1407.0,-0.0,1416.0,ASK
1239,1712385675.2678697,301187.41055152,1408.0,5.059812581393944e-09,1416.0,BID
1240,1712385690.7076912,301187.41055152,1408.0,0.0,1416.0,BID
1241,1712385695.437665,301258.53430686,1406.0,-5.066973946201152e-08,1416.0,ASK
1242,1712385720.4776564,301258.53430686,1406.0,-0.0,1416.0,ASK
1243,1712385750.5072253,301258.53430686,1406.0,-0.0,1416.0,ASK
1244,1712385780.6967502,301258.53430686,1406.0,-0.0,1416.0,ASK
1245,1712385810.6863444,301258.53430686,1406.0,-0.0,1416.0,ASK
1246,1712385840.4563496,301258.53430686,1406.0,-0.0,1416.0,ASK
1247,1712385852.0164824,301265.62386797,1407.0,-5.050360777222474e-09,1416.0,ASK
1248,1712385852.018757,301324.96956147,1406.0,-4.2275841635094815e-08,1416.0,ASK
1249,1712385870.5058146,301324.96956147,1406.0,-0.0,1416.0,ASK
1250,1712385882.7257204,304444.0793377,1408.0,2.2217992382635887e-06,1416.0,BID
1251,1712385882.727875,304870.21570135,1408.0,3.035447663206066e-07,1416.0,BID
1252,1712385882.825746,305158.30810742,1409.0,2.0521351740606322e-07,1416.0,BID
1253,1712385882.8283722,305177.21087615,1409.0,1.346478969270972e-08,1416.0,BID
1254,1712385882.925791,305242.11348915,1410.0,4.623132447073956e-08,1416.0,BID
1255,1712385882.9292006,305272.11348915,1410.0,2.136955154828528e-08,1416.0,BID
1256,1712385900.488114,305272.11348915,1410.0,0.0,1416.0,BID
1257,1712385919.9358869,305700.66161139,1408.0,-3.040589008330401e-07,1416.0,ASK
1258,1712385920.035638,306444.52360173,1409.0,5.277770393019978e-07,1416.0,BID
1259,1712385920.1354043,306695.86959686,1409.0,1.78332334321186e-07,1416.0,BID
1260,1712385920.1376562,306865.3148563,1409.0,1.2022299635194758e-07,1416.0,BID
1261,1712385930.5254135,306865.3148563,1409.0,0.0,1416.0,BID
1262,1712385956.965219,306899.3148563,1411.0,2.4084964680502523e-08,1416.0,BID
1263,1712385956.975508,306928.08097085,1414.0,2.037737802741461e-08,1416.0,BID
1264,1712385956.977748,306958.08097085,1412.0,2.1251439423972813e-08,1416.0,BID
1265,1712385956.9800358,306958.08097147,1410.0,4.391750190886948e-16,1416.0,BID
1266,1712385956.9822645,307035.3148563,1411.0,5.4711040831447626e-08,1416.0,BID
1267,1712385956.984524,307065.3148563,1413.0,2.1251439423972813e-08,1416.0,BID
1268,1712385960.7250996,307065.3148563,1413.0,0.0,1416.0,BID
1269,1712385960.7650745,307068.08097085,1414.0,1.959071986619251e-09,1416.0,BID
1270,1712385960.7666514,307069.3148563,1414.0,8.738865929414713e-10,1416.0,BID
1271,1712385990.6857142,307069.3148563,1414.0,0.0,1416.0,BID
1272,1712386020.495146,307069.3148563,1414.0,0.0,1416.0,BID
1273,1712386022.235021,307775.03514988,1413.0,4.998170879478677e-07,1416.0,BID
1274,1712386022.2451413,307805.03514988,1415.0,2.1247104234982373e-08,1416.0,BID
1275,1712386022.2481847,307835.03514988,1417.0,2.1247104234982373e-08,1417.0,BID
1276,1712386022.2511666,308706.48730421,1413.0,6.17194491961674e-07,1417.0,BID
1277,1712386022.254076,308725.63311892,1416.0,1.3559770693571629e-08,1417.0,BID
1278,1712386022.335066,308897.97976064,1417.0,-1.2206223537245365e-07,1417.0,ASK
1279,1712386022.345004,309186.47972857,1417.0,-2.043262963465681e-07,1417.0,ASK
1280,1712386050.4648983,309186.47972857,1417.0,-0.0,1417.0,ASK
1281,1712386080.6944697,309186.47972857,1417.0,-0.0,1417.0,ASK
1282,1712386110.7108674,309186.47972857,1417.0,-0.0,1417.0,ASK
1283,1712386140.454049,309186.47972857,1417.0,-0.0,1417.0,ASK
1284,1712386170.464309,309186.47972857,1417.0,-0.0,1417.0,ASK
1285,1712386200.5237532,309186.47972857,1417.0,-0.0,1417.0,ASK
1286,1712386230.6835008,309186.47972857,1417.0,-0.0,1417.0,ASK
1287,1712386255.4999852,309196.28918516,1417.0,-6.9327684503859515e-09,1417.0,ASK
1288,1712386255.503841,309215.90809834,1417.0,-1.3865536900689628e-08,1417.0,ASK
1289,1712386260.450292,309215.90809834,1417.0,-0.0,1417.0,ASK
1290,1712386290.4328544,309215.90809834,1417.0,-0.0,1417.0,ASK
1291,1712386320.6926403,309215.90809834,1417.0,-0.0,1417.0,ASK
1292,1712386325.2528212,309921.62839134,1411.0,4.987484424646497e-07,1417.0,BID
1293,1712386325.2627745,309921.62839192,1411.0,4.098857433777655e-16,1417.0,BID
1294,1712386350.6924922,309921.62839192,1411.0,0.0,1417.0,BID
1295,1712386380.5211997,309921.62839192,1411.0,0.0,1417.0,BID
1296,1712386396.422502,310697.91632417,1410.0,-5.482343729665431e-07,1417.0,ASK
1297,1712386396.4263563,310742.11078832,1409.0,-3.121125981134697e-08,1417.0,ASK
1298,1712386396.4301407,310837.69348335,1410.0,-6.750294149791056e-08,1417.0,ASK
1299,1712386396.4337518,311333.07297061,1409.0,-3.498496515221042e-07,1417.0,ASK
1300,1712386410.4621625,311333.07297061,1409.0,-0.0,1417.0,ASK
1301,1712386429.832195,311337.01903164,1416.0,2.782898863087549e-09,1417.0,BID
1302,1712386440.692388,311337.01903164,1416.0,0.0,1417.0,BID
1303,1712386470.6917827,311337.01903164,1416.0,0.0,1417.0,BID
1304,1712386500.4916928,311337.01903164,1416.0,0.0,1417.0,BID
1305,1712386530.4715457,311337.01903164,1416.0,0.0,1417.0,BID
1306,1712386560.6914587,311337.01903164,1416.0,0.0,1417.0,BID
1307,1712386590.7026088,311337.01903164,1416.0,0.0,1417.0,BID
1308,1712386620.4716096,311337.01903164,1416.0,0.0,1417.0,BID
1309,1712386650.451073,311337.01903164,1416.0,0.0,1417.0,BID
1310,1712386680.7110226,311337.01903164,1416.0,0.0,1417.0,BID
1311,1712386710.7007048,311337.01903164,1416.0,0.0,1417.0,BID
1312,1712386740.4509768,311337.01903164,1416.0,0.0,1417.0,BID
1313,1712386770.484332,311337.01903164,1416.0,0.0,1417.0,BID
1314,1712386800.5604613,311337.01903164,1416.0,0.0,1417.0,BID
1315,1712386830.4901748,311337.01903164,1416.0,0.0,1417.0,BID
1316,1712386860.702566,311337.01903164,1416.0,0.0,1417.0,BID
1317,1712386890.680061,311337.01903164,1416.0,0.0,1417.0,BID
1318,1712386920.4704602,311337.01903164,1416.0,0.0,1417.0,BID
1319,1712386950.5398269,311337.01903164,1416.0,0.0,1417.0,BID
1320,1712386980.675597,311337.01903164,1416.0,0.0,1417.0,BID
1321,1712387010.6896358,311337.01903164,1416.0,0.0,1417.0,BID
1322,1712387012.9599526,312593.73928829,1409.0,-8.90876014651441e-07,1417.0,ASK
1323,1712387012.9634354,313979.25377022,1409.0,-9.821769111878585e-07,1417.0,ASK
1324,1712387012.9661329,314558.3183659,1408.0,-4.104929131964168e-07,1417.0,ASK
1325,1712387040.469617,314558.3183659,1408.0,-0.0,1417.0,ASK
1326,1712387070.4996436,314558.3183659,1408.0,-0.0,1417.0,ASK
1327,1712387100.679318,314558.3183659,1408.0,-0.0,1417.0,ASK
1328,1712387130.7094047,314558.3183659,1408.0,-0.0,1417.0,ASK
1329,1712387160.4593005,314558.3183659,1408.0,-0.0,1417.0,ASK
1330,1712387190.4794972,314558.3183659,1408.0,-0.0,1417.0,ASK
1331,1712387220.6793902,314558.3183659,1408.0,-0.0,1417.0,ASK
1332,1712387250.6395824,314558.3183659,1408.0,-0.0,1417.0,ASK
1333,1712387280.4698422,314558.3183659,1408.0,-0.0,1417.0,ASK
1334,1712387310.4800968,314558.3183659,1408.0,-0.0,1417.0,ASK
1335,1712387340.6803248,314558.3183659,1408.0,-0.0,1417.0,ASK
1336,1712387370.6705475,314558.3183659,1408.0,-0.0,1417.0,ASK
1337,1712387400.5508325,314558.3183659,1408.0,-0.0,1417.0,ASK
1338,1712387403.8808472,314562.3183659,1416.0,2.831933274433478e-09,1417.0,BID
1339,1712387430.460466,314562.3183659,1416.0,0.0,1417.0,BID
1340,1712387460.6706848,314562.3183659,1416.0,0.0,1417.0,BID
1341,1712387483.7512162,314567.63616251,1416.0,3.764896194335802e-09,1417.0,BID
1342,1712387490.700999,314567.63616251,1416.0,0.0,1417.0,BID
1343,1712387491.7209425,314574.69332553,1416.0,4.9963070236654975e-09,1417.0,BID
1344,1712387506.7244654,314841.04602488,1416.0,1.885715065348238e-07,1417.0,BID
1345,1712387520.441409,314841.04602488,1416.0,0.0,1417.0,BID
1346,1712387550.511304,314841.04602488,1416.0,0.0,1417.0,BID
1347,1712387580.0480857,314877.05485636,1408.0,-2.5486428246371505e-08,1417.0,ASK
1348,1712387580.6813557,314877.05485636,1408.0,-0.0,1417.0,ASK
1349,1712387610.6813266,314877.05485636,1408.0,-0.0,1417.0,ASK
1350,1712387640.481687,314877.05485636,1408.0,-0.0,1417.0,ASK
1351,1712387670.451861,314877.05485636,1408.0,-0.0,1417.0,ASK
1352,1712387700.5730083,314877.05485636,1408.0,-0.0,1417.0,ASK
1353,1712387730.4818554,314877.05485636,1408.0,-0.0,1417.0,ASK
1354,1712387733.1125135,315525.71369241,1409.0,-4.603880012144907e-07,1417.0,ASK
1355,1712387733.1219163,320333.39962013,1408.0,-3.4122728184952845e-06,1417.0,ASK
1356,1712387760.701857,320333.39962013,1408.0,-0.0,1417.0,ASK
1357,1712387790.7221775,320333.39962013,1408.0,-0.0,1417.0,ASK
1358,1712387820.4623632,320333.39962013,1408.0,-0.0,1417.0,ASK
1359,1712387850.4723058,320333.39962013,1408.0,-0.0,1417.0,ASK
1360,1712387880.7022123,320333.39962013,1408.0,-0.0,1417.0,ASK
1361,1712387910.6923723,320333.39962013,1408.0,-0.0,1417.0,ASK
1362,1712387940.4527636,320333.39962013,1408.0,-0.0,1417.0,ASK
1363,1712387970.4724636,320333.39962013,1408.0,-0.0,1417.0,ASK
1364,1712388000.5524125,320333.39962013,1408.0,-0.0,1417.0,ASK
1365,1712388030.472314,320333.39962013,1408.0,-0.0,1417.0,ASK
1366,1712388060.6926458,320333.39962013,1408.0,-0.0,1417.0,ASK
1367,1712388090.6824164,320333.39962013,1408.0,-0.0,1417.0,ASK
1368,1712388120.482407,320333.39962013,1408.0,-0.0,1417.0,ASK
1369,1712388150.472241,320333.39962013,1408.0,-0.0,1417.0,ASK
1370,1712388158.102466,320349.87336037,1409.0,-1.1628883649865065e-08,1417.0,ASK
1371,1712388158.1123292,320404.4223474,1409.0,-3.8506363105715794e-08,1417.0,ASK
1372,1712388180.6824062,320404.4223474,1409.0,-0.0,1417.0,ASK
1373,1712388210.6624112,320404.4223474,1409.0,-0.0,1417.0,ASK
1374,1712388233.7127714,320408.4223474,1415.0,2.823417649572477e-09,1417.0,BID
1375,1712388240.48253,320408.4223474,1415.0,0.0,1417.0,BID
1376,1712388270.4722583,320408.4223474,1415.0,0.0,1417.0,BID
1377,1712388300.6725087,320408.4223474,1415.0,0.0,1417.0,BID
1378,1712388330.7023077,320408.4223474,1415.0,0.0,1417.0,BID
1379,1712388360.47251,320408.4223474,1415.0,0.0,1417.0,BID
1380,1712388371.7027264,320415.51957947,1409.0,-5.019314251166451e-09,1417.0,ASK
1381,1712388371.7071657,320422.59171547,1410.0,-5.001565773961229e-09,1417.0,ASK
1382,1712388371.7100232,320488.4223474,1408.0,-4.65568302897065e-08,1417.0,ASK
1383,1712388387.2324543,320492.4223474,1412.0,2.828885515741709e-09,1417.0,BID
1384,1712388390.4723654,320492.4223474,1412.0,0.0,1417.0,BID
1385,1712388409.6225293,321707.40609473,1409.0,-8.591905919852829e-07,1417.0,ASK
1386,1712388409.6255822,324919.83760137,1408.0,-2.271710163998149e-06,1417.0,ASK
1387,1712388420.6923602,324919.83760137,1408.0,-0.0,1417.0,ASK
1388,1712388450.6925735,324919.83760137,1408.0,-0.0,1417.0,ASK
1389,1712388480.4622366,324919.83760137,1408.0,-0.0,1417.0,ASK
1390,1712388506.1321735,326013.26222876,1409.0,-7.698342479600336e-07,1417.0,ASK
1391,1712388506.23232,326301.76219611,1409.0,2.0312068142411974e-07,1417.0,BID
1392,1712388510.46223,326301.76219611,1409.0,0.0,1417.0,BID
1393,1712388515.722258,326957.67533229,1409.0,4.6116861278452963e-07,1417.0,BID
1394,1712388540.6722004,326957.67533229,1409.0,0.0,1417.0,BID
1395,1712388570.6822064,326957.67533229,1409.0,0.0,1417.0,BID
1396,1712388597.1822023,326964.78770782,1409.0,-4.997421544353002e-09,1417.0,ASK
1397,1712388600.8021903,326964.78770782,1409.0,-0.0,1417.0,ASK
1398,1712388630.6922903,326964.78770782,1409.0,-0.0,1417.0,ASK
1399,1712388660.4624386,326964.78770782,1409.0,-0.0,1417.0,ASK
1400,1712388690.49221,326964.78770782,1409.0,-0.0,1417.0,ASK
1401,1712388706.4321244,326968.73376885,1415.0,2.7727766978207606e-09,1417.0,BID
1402,1712388720.6721523,326968.73376885,1415.0,0.0,1417.0,BID
1403,1712388750.662076,326968.73376885,1415.0,0.0,1417.0,BID
1404,1712388780.4724605,326968.73376885,1415.0,0.0,1417.0,BID
1405,1712388790.7021067,327035.45908592,1415.0,4.688566066868424e-08,1417.0,BID
1406,1712388790.7053654,328382.17316887,1415.0,9.46291187266504e-07,1417.0,BID
1407,1712388810.4520364,328382.17316887,1415.0,0.0,1417.0,BID
1408,1712388825.4622142,330485.67045789,1415.0,1.47598330545353e-06,1417.0,BID
1409,1712388825.5619326,330502.31451162,1415.0,-1.1678810126692277e-08,1417.0,ASK
1410,1712388840.6720543,330502.31451162,1415.0,-0.0,1417.0,ASK
1411,1712388864.7820652,330556.79382931,1416.0,3.814678145014837e-08,1417.0,BID
1412,1712388864.901853,330862.49742931,1416.0,-2.140556987897384e-07,1417.0,ASK
1413,1712388864.9280863,331212.06028616,1416.0,-2.447662428376967e-07,1417.0,ASK
1414,1712388870.671915,331212.06028616,1416.0,-0.0,1417.0,ASK
1415,1712388900.4628148,331212.06028616,1416.0,-0.0,1417.0,ASK
1416,1712388930.4419158,331212.06028616,1416.0,-0.0,1417.0,ASK
1417,1712388960.5020337,331212.06028616,1416.0,-0.0,1417.0,ASK
1418,1712388990.471973,331212.06028616,1416.0,-0.0,1417.0,ASK
1419,1712388997.3821645,331233.24672683,1414.0,1.4827365662739117e-08,1417.0,BID
1420,1712389020.701787,331233.24672683,1414.0,0.0,1417.0,BID
1421,1712389050.71181,331233.24672683,1414.0,0.0,1417.0,BID
1422,1712389080.451664,331233.24672683,1414.0,0.0,1417.0,BID
1423,1712389110.4449503,331233.24672683,1414.0,0.0,1417.0,BID
1424,1712389140.6916685,331233.24672683,1414.0,0.0,1417.0,BID
1425,1712389170.721564,331233.24672683,1414.0,0.0,1417.0,BID
1426,1712389200.521423,331233.24672683,1414.0,0.0,1417.0,BID
1427,1712389230.461412,331233.24672683,1414.0,0.0,1417.0,BID
1428,1712389260.6816082,331233.24672683,1414.0,0.0,1417.0,BID
1429,1712389290.7421246,331233.24672683,1414.0,0.0,1417.0,BID
1430,1712389320.462843,331233.24672683,1414.0,0.0,1417.0,BID
1431,1712389350.4636097,331233.24672683,1414.0,0.0,1417.0,BID
1432,1712389380.744288,331233.24672683,1414.0,0.0,1417.0,BID
1433,1712389385.0444746,331944.99049908,1409.0,-4.98228659467977e-07,1417.0,ASK
1434,1712389410.6650662,331944.99049908,1409.0,-0.0,1417.0,ASK
1435,1712389440.4756987,331944.99049908,1409.0,-0.0,1417.0,ASK
1436,1712389470.4860852,331944.99049908,1409.0,-0.0,1417.0,ASK
1437,1712389485.2969298,331997.99049908,1405.0,-3.707457062327424e-08,1417.0,ASK
1438,1712389485.3019562,332148.02290064,1405.0,-1.049506956116098e-07,1417.0,ASK
1439,1712389485.3060107,333712.16275737,1408.0,-1.0941474260946158e-06,1417.0,ASK
1440,1712389485.3088748,333972.80229638,1405.0,-1.823226225706449e-07,1417.0,ASK
1441,1712389485.3107324,334065.13184183,1408.0,-6.458638213963095e-08,1417.0,ASK
1442,1712389500.497014,334065.13184183,1408.0,-0.0,1417.0,ASK
1443,1712389530.4475937,334065.13184183,1408.0,-0.0,1417.0,ASK
1444,1712389560.6976986,334065.13184183,1408.0,-0.0,1417.0,ASK
1445,1712389568.2580516,334136.30621905,1408.0,-4.972911741220082e-08,1417.0,ASK
1446,1712389590.688259,334136.30621905,1408.0,-0.0,1417.0,ASK
1447,1712389602.0785277,335444.64424861,1410.0,9.140640601600886e-07,1417.0,BID
1448,1712389620.488708,335444.64424861,1410.0,0.0,1417.0,BID
1449,1712389650.459237,335444.64424861,1410.0,0.0,1417.0,BID
1450,1712389663.8991582,335623.73415454,1408.0,-1.2495924856911154e-07,1417.0,ASK
1451,1712389680.689497,335623.73415454,1408.0,-0.0,1417.0,ASK
1452,1712389710.6898286,335623.73415454,1408.0,-0.0,1417.0,ASK
1453,1712389740.470286,335623.73415454,1408.0,-0.0,1417.0,ASK
1454,1712389746.7503724,336312.29348754,1409.0,4.803549403487384e-07,1417.0,BID
1455,1712389770.460563,336312.29348754,1409.0,0.0,1417.0,BID
1456,1712389777.7207892,336347.77964793,1414.0,2.4739223478280577e-08,1417.0,BID
1457,1712389800.500856,336347.77964793,1414.0,0.0,1417.0,BID
1458,1712389830.4311683,336347.77964793,1414.0,0.0,1417.0,BID
1459,1712389860.7115476,336347.77964793,1414.0,0.0,1417.0,BID
1460,1712389890.603711,336452.88101793,1410.0,7.329852831277595e-08,1417.0,BID
1461,1712389890.6916866,336452.88101793,1410.0,0.0,1417.0,BID
1462,1712389920.4721198,336452.88101793,1410.0,0.0,1417.0,BID
1463,1712389950.46923,336452.88101793,1410.0,0.0,1417.0,BID
1464,1712389980.7025738,336452.88101793,1410.0,0.0,1417.0,BID
1465,1712389998.6728494,337135.31396037,1408.0,-4.758849588402366e-07,1417.0,ASK
1466,1712390010.7027378,337135.31396037,1408.0,-0.0,1417.0,ASK
1467,1712390040.4947023,337135.31396037,1408.0,-0.0,1417.0,ASK
1468,1712390067.133232,337165.31396037,1409.0,-2.090606759811185e-08,1417.0,ASK
1469,1712390070.4634006,337165.31396037,1409.0,-0.0,1417.0,ASK
1470,1712390090.853542,337213.38351324,1409.0,-3.3497190675379087e-08,1417.0,ASK
1471,1712390090.8580828,337229.82779998,1408.0,-1.145917479073104e-08,1417.0,ASK
1472,1712390095.733414,337259.82779998,1410.0,2.0905451793551045e-08,1417.0,BID
1473,1712390100.693456,337259.82779998,1410.0,0.0,1417.0,BID
1474,1712390130.7035096,337259.82779998,1410.0,0.0,1417.0,BID
1475,1712390159.894069,337654.34476236,1409.0,-2.751256672495335e-07,1417.0,ASK
1476,1712390159.8988476,338373.54078655,1408.0,-5.015482346939207e-07,1417.0,ASK
1477,1712390160.453884,338373.54078655,1408.0,-0.0,1417.0,ASK
1478,1712390190.5140707,338373.54078655,1408.0,-0.0,1417.0,ASK
1479,1712390220.7141612,338373.54078655,1408.0,-0.0,1417.0,ASK
1480,1712390250.724414,338373.54078655,1408.0,-0.0,1417.0,ASK
1481,1712390280.4944997,338373.54078655,1408.0,-0.0,1417.0,ASK
1482,1712390310.5037704,338373.54078655,1408.0,-0.0,1417.0,ASK
1483,1712390322.6052854,338403.54078655,1413.0,2.0898345142718004e-08,1417.0,BID
1484,1712390322.6096983,338433.54078655,1412.0,2.0898345142718004e-08,1417.0,BID
1485,1712390322.6139777,338463.54078655,1411.0,2.0898345142718004e-08,1417.0,BID
1486,1712390322.6162496,338623.54078655,1414.0,1.114578407611627e-07,1417.0,BID
1487,1712390340.704802,338623.54078655,1414.0,0.0,1417.0,BID
1488,1712390370.7149618,338623.54078655,1414.0,0.0,1417.0,BID
1489,1712390400.5786538,338623.54078655,1414.0,0.0,1417.0,BID
1490,1712390403.3255074,338630.64305927,1414.0,4.960233777929869e-09,1417.0,BID
1491,1712390403.3308823,339596.64305927,1414.0,6.746552854799628e-07,1417.0,BID
1492,1712390403.3352325,342197.99242998,1415.0,1.8167847850201813e-06,1417.0,BID
1493,1712390430.4564185,342197.99242998,1415.0,0.0,1417.0,BID
1494,1712390440.6454146,342205.05956778,1415.0,4.918325336096249e-09,1417.0,BID
1495,1712390460.6952546,342205.05956778,1415.0,0.0,1417.0,BID
1496,1712390490.7154531,342205.05956778,1415.0,0.0,1417.0,BID
1497,1712390520.4555523,342205.05956778,1415.0,0.0,1417.0,BID
1498,1712390550.450279,342205.05956778,1415.0,0.0,1417.0,BID
1499,1712390559.3957546,342578.0645847,1414.0,2.595884373174737e-07,1417.0,BID
1500,1712390580.675865,342578.0645847,1414.0,0.0,1417.0,BID
1501,1712390610.7659135,342578.0645847,1414.0,0.0,1417.0,BID
1502,1712390640.4552486,342578.0645847,1414.0,0.0,1417.0,BID
1503,1712390670.4761975,342578.0645847,1414.0,0.0,1417.0,BID
1504,1712390700.6962848,342578.0645847,1414.0,0.0,1417.0,BID
1505,1712390730.7262075,342578.0645847,1414.0,0.0,1417.0,BID
1506,1712390760.449565,342578.0645847,1414.0,0.0,1417.0,BID
1507,1712390790.4463327,342578.0645847,1414.0,0.0,1417.0,BID
1508,1712390820.706476,342578.0645847,1414.0,0.0,1417.0,BID
1509,1712390850.7065125,342578.0645847,1414.0,0.0,1417.0,BID
1510,1712390880.4899902,342578.0645847,1414.0,0.0,1417.0,BID
1511,1712390910.4566607,342578.0645847,1414.0,0.0,1417.0,BID
1512,1712390919.1474805,343078.0645847,1409.0,-3.48253283837531e-07,1417.0,ASK
1513,1712390919.1522834,343113.57594833,1408.0,-2.47338979953982e-08,1417.0,ASK
1514,1712390919.1566696,343567.10155288,1406.0,-3.158835621778976e-07,1417.0,ASK
1515,1712390919.1602452,343588.40837106,1408.0,-1.4840338798601128e-08,1417.0,ASK
1516,1712390919.163833,344099.40908079,1409.0,-3.55915350413581e-07,1417.0,ASK
1517,1712390919.1675508,347307.10679665,1406.0,-2.2341825262127684e-06,1417.0,ASK
1518,1712390919.1695626,348461.04704168,1408.0,-8.037269593679935e-07,1417.0,ASK
1519,1712390919.171739,348547.31140867,1406.0,-6.00836981648357e-08,1417.0,ASK
1520,1712390919.2467268,350010.98538308,1406.0,1.0194585361116596e-06,1417.0,BID
1521,1712390919.3468688,350167.44668308,1406.0,1.089763230369547e-07,1417.0,BID
1522,1712390919.3668642,350397.03668308,1406.0,1.5991094287253537e-07,1417.0,BID
1523,1712390931.0768526,352127.06270008,1406.0,1.2049744830892057e-06,1417.0,BID
1524,1712390940.7168405,352127.06270008,1406.0,0.0,1417.0,BID
1525,1712390951.9668038,353547.54509312,1406.0,9.802054736108996e-07,1417.0,BID
1526,1712390970.7071073,353547.54509312,1406.0,0.0,1417.0,BID
1527,1712391000.4670887,353547.54509312,1406.0,0.0,1417.0,BID
1528,1712391030.4934142,353547.54509312,1406.0,0.0,1417.0,BID
1529,1712391060.7072194,353547.54509312,1406.0,0.0,1417.0,BID
1530,1712391089.137391,353552.86288973,1407.0,-3.6652758951759244e-09,1417.0,ASK
1531,1712391090.6972673,353552.86288973,1407.0,-0.0,1417.0,ASK
1532,1712391099.4432964,354261.08348615,1412.0,-4.881364753467326e-07,1417.0,ASK
1533,1712391099.4469724,355677.52997795,1412.0,-9.76276602967422e-07,1417.0,ASK
1534,1712391099.537372,355972.93507381,1407.0,-2.0360605582706962e-07,1417.0,ASK
1535,1712391120.4375043,355972.93507381,1407.0,-0.0,1417.0,ASK
1536,1712391150.5011556,355972.93507381,1407.0,-0.0,1417.0,ASK
1537,1712391180.4627595,355972.93507381,1407.0,-0.0,1417.0,ASK
1538,1712391210.470194,355972.93507381,1407.0,-0.0,1417.0,ASK
1539,1712391232.5275202,355980.00221161,1407.0,-4.859538671162214e-09,1417.0,ASK
1540,1712391240.707746,355980.00221161,1407.0,-0.0,1417.0,ASK
1541,1712391270.717469,355980.00221161,1407.0,-0.0,1417.0,ASK
1542,1712391300.49648,355980.00221161,1407.0,-0.0,1417.0,ASK
1543,1712391330.4676769,355980.00221161,1407.0,-0.0,1417.0,ASK
1544,1712391360.7173147,355980.00221161,1407.0,-0.0,1417.0,ASK
1545,1712391389.3274677,356047.36838647,1408.0,-4.642799418334392e-08,1417.0,ASK
1546,1712391389.4704154,356360.40479934,1408.0,2.157411013182388e-07,1417.0,BID
1547,1712391389.4729176,358104.66929983,1408.0,1.202127065269905e-06,1417.0,BID
1548,1712391390.6774552,358104.66929983,1408.0,0.0,1417.0,BID
1549,1712391420.447302,358104.66929983,1408.0,0.0,1417.0,BID
1550,1712391450.51033,358104.66929983,1408.0,0.0,1417.0,BID
1551,1712391480.707188,358104.66929983,1408.0,0.0,1417.0,BID
1552,1712391498.457358,358172.03547469,1407.0,-4.6332469188237947e-08,1417.0,ASK
1553,1712391510.707653,358172.03547469,1407.0,-0.0,1417.0,ASK
1554,1712391540.50692,358172.03547469,1407.0,-0.0,1417.0,ASK
1555,1712391570.4569638,358172.03547469,1407.0,-0.0,1417.0,ASK
1556,1712391600.5173268,358172.03547469,1407.0,-0.0,1417.0,ASK
1557,1712391630.4367137,358172.03547469,1407.0,-0.0,1417.0,ASK
1558,1712391660.6770637,358172.03547469,1407.0,-0.0,1417.0,ASK
1559,1712391675.6866014,358215.76725311,1407.0,-3.008192337884163e-08,1417.0,ASK
1560,1712391690.7168071,358215.76725311,1407.0,-0.0,1417.0,ASK
1561,1712391720.4526396,358215.76725311,1407.0,-0.0,1417.0,ASK
1562,1712391750.510954,358215.76725311,1407.0,-0.0,1417.0,ASK
1563,1712391780.696632,358215.76725311,1407.0,-0.0,1417.0,ASK
1564,1712391803.3966072,358219.32091339,1407.0,-2.4443646176952448e-09,1417.0,ASK
1565,1712391810.7065666,358219.32091339,1407.0,-0.0,1417.0,ASK
1566,1712391840.4803176,358219.32091339,1407.0,-0.0,1417.0,ASK
1567,1712391870.446202,358219.32091339,1407.0,-0.0,1417.0,ASK
1568,1712391888.6365385,358422.3566041,1407.0,-1.3965644224229674e-07,1417.0,ASK
1569,1712391888.6417987,358456.14758626,1407.0,-2.324285120433708e-08,1417.0,ASK
1570,1712391900.7165196,358456.14758626,1407.0,-0.0,1417.0,ASK
1571,1712391930.7164197,358456.14758626,1407.0,-0.0,1417.0,ASK
1572,1712391960.436438,358456.14758626,1407.0,-0.0,1417.0,ASK
1573,1712391985.2565432,362952.24069215,1407.0,3.0983872994806493e-06,1417.0,BID
1574,1712391985.3465295,363332.64327988,1407.0,2.621463832606286e-07,1417.0,BID
1575,1712391990.4264405,363332.64327988,1407.0,0.0,1417.0,BID
1576,1712392006.3568144,364681.2464071,1407.0,9.249876782397216e-07,1417.0,BID
1577,1712392010.4964566,365894.92181577,1407.0,8.324426777182969e-07,1417.0,BID
1578,1712392020.4967031,365894.92181577,1407.0,0.0,1417.0,BID
1579,1712392050.446329,365894.92181577,1407.0,0.0,1417.0,BID
1580,1712392080.716609,365894.92181577,1407.0,0.0,1417.0,BID
1581,1712392110.706377,365894.92181577,1407.0,0.0,1417.0,BID
1582,1712392140.4568374,365894.92181577,1407.0,0.0,1417.0,BID
1583,1712392170.457463,365894.92181577,1407.0,0.0,1417.0,BID
1584,1712392179.703459,366248.23282689,1407.0,2.4173325578215804e-07,1417.0,BID
1585,1712392200.5665278,366248.23282689,1407.0,0.0,1417.0,BID
1586,1712392230.4321892,366248.23282689,1407.0,0.0,1417.0,BID
1587,1712392260.716437,366248.23282689,1407.0,0.0,1417.0,BID
1588,1712392288.20648,366269.55478851,1407.0,-1.4623404398713626e-08,1417.0,ASK
1589,1712392288.211968,366316.24377739,1407.0,-3.2021067176018215e-08,1417.0,ASK
1590,1712392290.686486,366316.24377739,1407.0,-0.0,1417.0,ASK
1591,1712392310.3565986,366319.79814839,1407.0,2.4375615377106104e-09,1417.0,BID
1592,1712392320.5433407,366319.79814839,1407.0,0.0,1417.0,BID
1593,1712392350.5308568,366319.79814839,1407.0,0.0,1417.0,BID
1594,1712392380.6864886,366319.79814839,1407.0,0.0,1417.0,BID
1595,1712392410.7180357,366319.79814839,1407.0,0.0,1417.0,BID
1596,1712392440.4792805,366319.79814839,1407.0,0.0,1417.0,BID
1597,1712392470.4464183,366319.79814839,1407.0,0.0,1417.0,BID
1598,1712392500.696565,366319.79814839,1407.0,0.0,1417.0,BID
1599,1712392530.7166202,366319.79814839,1407.0,0.0,1417.0,BID
1600,1712392560.4863763,366319.79814839,1407.0,0.0,1417.0,BID
1601,1712392590.4766605,366319.79814839,1407.0,0.0,1417.0,BID
1602,1712392599.9878187,366404.33956312,1405.0,-5.7977682725122337e-08,1417.0,ASK
1603,1712392599.9938774,366461.73364188,1405.0,-3.9360302867853e-08,1417.0,ASK
1604,1712392599.9982605,366511.73364188,1406.0,-3.4289515328264435e-08,1417.0,ASK
1605,1712392600.0025778,366864.01714839,1405.0,-2.415926139274032e-07,1417.0,ASK
1606,1712392620.7266517,366864.01714839,1405.0,-0.0,1417.0,ASK
1607,1712392650.6766472,366864.01714839,1405.0,-0.0,1417.0,ASK
1608,1712392653.0267568,367219.38317539,1406.0,-2.435788417717881e-07,1417.0,ASK
1609,1712392680.4470136,367219.38317539,1406.0,-0.0,1417.0,ASK
1610,1712392710.436643,367219.38317539,1406.0,-0.0,1417.0,ASK
1611,1712392740.696693,367219.38317539,1406.0,-0.0,1417.0,ASK
1612,1712392770.716676,367219.38317539,1406.0,-0.0,1417.0,ASK
1613,1712392800.4967532,367219.38317539,1406.0,-0.0,1417.0,ASK
1614,1712392815.4867103,367344.38998395,1406.0,-8.642722721817926e-08,1417.0,ASK
1615,1712392830.4567034,367344.38998395,1406.0,-0.0,1417.0,ASK
1616,1712392860.7068808,367344.38998395,1406.0,-0.0,1417.0,ASK
1617,1712392890.706868,367344.38998395,1406.0,-0.0,1417.0,ASK
1618,1712392920.4896305,367344.38998395,1406.0,-0.0,1417.0,ASK
1619,1712392929.2068312,367348.11373674,1406.0,-2.574215987040858e-09,1417.0,ASK
1620,1712392950.4667466,367348.11373674,1406.0,-0.0,1417.0,ASK
1621,1712392980.5068393,367348.11373674,1406.0,-0.0,1417.0,ASK
1622,1712393010.4369676,367348.11373674,1406.0,-0.0,1417.0,ASK
1623,1712393040.6969192,367348.11373674,1406.0,-0.0,1417.0,ASK
1624,1712393047.937333,367936.81746844,1406.0,-4.06967153381911e-07,1417.0,ASK
1625,1712393047.9423535,368009.42560863,1405.0,-5.019354648926408e-08,1417.0,ASK
1626,1712393047.9464276,369583.98037391,1406.0,-1.0884797159677312e-06,1417.0,ASK
1627,1712393047.950461,374754.37950775,1405.0,-3.574264106108251e-06,1417.0,ASK
1628,1712393070.70692,374754.37950775,1405.0,-0.0,1417.0,ASK
1629,1712393100.46607,374754.37950775,1405.0,-0.0,1417.0,ASK
1630,1712393130.4669514,374754.37950775,1405.0,-0.0,1417.0,ASK
1631,1712393160.5270293,374754.37950775,1405.0,-0.0,1417.0,ASK
1632,1712393190.4569523,374754.37950775,1405.0,-0.0,1417.0,ASK
1633,1712393220.7271476,374754.37950775,1405.0,-0.0,1417.0,ASK
1634,1712393250.7071276,374754.37950775,1405.0,-0.0,1417.0,ASK
1635,1712393280.4771044,374754.37950775,1405.0,-0.0,1417.0,ASK
1636,1712393310.456243,374754.37950775,1405.0,-0.0,1417.0,ASK
1637,1712393340.7072537,374754.37950775,1405.0,-0.0,1417.0,ASK
1638,1712393370.7323036,374754.37950775,1405.0,-0.0,1417.0,ASK
1639,1712393400.4961278,374754.37950775,1405.0,-0.0,1417.0,ASK
1640,1712393430.4416175,374754.37950775,1405.0,-0.0,1417.0,ASK
1641,1712393460.6948817,374754.37950775,1405.0,-0.0,1417.0,ASK
1642,1712393480.454827,374761.33479518,1409.0,4.810793065591797e-09,1417.0,BID
1643,1712393490.706555,374761.33479518,1409.0,0.0,1417.0,BID
1644,1712393520.4634304,374761.33479518,1409.0,0.0,1417.0,BID
1645,1712393550.4595876,374761.33479518,1409.0,0.0,1417.0,BID
1646,1712393580.7124245,374761.33479518,1409.0,0.0,1417.0,BID
1647,1712393610.7927845,374761.33479518,1409.0,0.0,1417.0,BID
1648,1712393640.4714422,374761.33479518,1409.0,0.0,1417.0,BID
1649,1712393670.440786,374761.33479518,1409.0,0.0,1417.0,BID
1650,1712393688.5006754,374784.37950775,1409.0,1.593932573939865e-08,1417.0,BID
1651,1712393700.6803055,374784.37950775,1409.0,0.0,1417.0,BID
1652,1712393704.7703967,375081.0531505,1409.0,-2.075599760738035e-07,1417.0,ASK
1653,1712393730.7098892,375081.0531505,1409.0,-0.0,1417.0,ASK
1654,1712393760.443766,375081.0531505,1409.0,-0.0,1417.0,ASK
