,time,acc_trade_volume,trade_price,dev,high,ask_bid
0,1712365207.165497,714567.96405697,436.7,0.0,437.7,BID
1,1712365214.5254982,714581.24548586,436.7,2.443910138272627e-09,437.7,BID
2,1712365220.6941562,714764.05538615,436.7,3.363877278515819e-08,437.7,BID
3,1712365221.1354778,714777.33681504,436.7,2.443910138251204e-09,437.7,BID
4,1712365226.755719,714961.15579832,436.7,-3.3824453721300794e-08,437.7,ASK
5,1712365229.8854754,715018.40698404,436.7,1.0534766580278331e-08,437.7,BID
6,1712365230.0055096,715031.68841293,436.7,2.443910138251204e-09,437.7,BID
7,1712365230.3254747,715031.68841293,436.7,0.0,437.7,BID
8,1712365234.3254542,715045.35895291,435.4,-2.5154165729151902e-09,437.7,ASK
9,1712365235.0867436,715058.6403818,436.7,2.443819073022997e-09,437.7,BID
10,1712365239.225447,715982.52581015,435.4,-1.699974339957888e-07,437.7,ASK
11,1712365241.655476,715995.80723904,436.7,2.443819073044418e-09,437.7,BID
12,1712365260.2683384,715995.80723904,436.7,0.0,437.7,BID
13,1712365282.918223,716009.09170995,436.6,2.4441900077995303e-09,437.7,BID
14,1712365284.3069675,720129.09170995,436.9,7.580326608697486e-07,437.7,BID
15,1712365284.3082547,724115.80723904,436.6,7.335098496715679e-07,437.7,BID
16,1712365284.3095713,729633.80723904,436.9,1.0152485977376876e-06,437.7,BID
17,1712365284.310789,731659.44472944,436.8,3.726940234964634e-07,437.7,BID
18,1712365284.3120637,732249.86494399,437.0,1.0863053550160561e-07,437.7,BID
19,1712365284.3133602,732271.96888399,436.8,4.066870983947041e-09,437.7,BID
20,1712365284.314603,736465.40602621,436.7,7.71544251239595e-07,437.7,BID
21,1712365284.3158405,741983.40602621,436.7,1.0152485977376876e-06,437.7,BID
22,1712365284.3170564,743068.05036,436.9,1.995620947670107e-07,437.7,BID
23,1712365287.775419,743081.32267121,437.0,2.441952762729558e-09,437.7,BID
24,1712365290.2290363,743081.32267121,437.0,0.0,437.7,BID
25,1712365301.030944,743094.59498242,437.0,2.436649023136188e-09,437.7,BID
26,1712365320.3255591,743094.59498242,437.0,0.0,437.7,BID
27,1712365328.1658163,743107.86729363,437.0,2.4366464285783754e-09,437.7,BID
28,1712365345.3616664,743121.13960484,437.0,2.4366464285570027e-09,437.7,BID
29,1712365350.3154998,743121.13960484,437.0,0.0,437.7,BID
30,1712365378.0857887,743134.41191605,437.0,2.436641239436581e-09,437.7,BID
31,1712365380.259105,743134.41191605,437.0,0.0,437.7,BID
32,1712365403.9956963,743147.68422726,437.0,2.4366386448526e-09,437.7,BID
33,1712365404.136022,743170.56752245,437.0,4.2011011119091615e-09,437.7,BID
34,1712365410.2599175,743170.56752245,437.0,0.0,437.7,BID
35,1712365412.635608,743183.83983366,437.0,2.4366315769555834e-09,437.7,BID
36,1712365423.0357282,743197.11214487,437.0,2.436631576934211e-09,437.7,BID
37,1712365430.205659,743210.38445608,437.0,2.4366315769555834e-09,437.7,BID
38,1712365440.3236167,743210.38445608,437.0,0.0,437.7,BID
39,1712365440.915694,743223.65676729,437.0,2.436623793324693e-09,437.7,BID
40,1712365455.7058427,743236.9290785,437.0,2.436623793346065e-09,437.7,BID
41,1712365469.4864116,743250.20138971,437.0,2.436623793324693e-09,437.7,BID
42,1712365470.3066382,743250.20138971,437.0,0.0,437.7,BID
43,1712365475.8981893,743479.03434165,437.0,4.20106208662041e-08,437.7,BID
44,1712365496.2358809,743492.30665286,437.0,2.4366160097862756e-09,437.7,BID
45,1712365500.2680616,743492.30665286,437.0,0.0,437.7,BID
46,1712365508.7955637,743505.57896407,437.0,2.4389674983026944e-09,437.7,BID
47,1712365520.6462913,743528.46749692,436.9,4.206078867664548e-09,437.7,BID
48,1712365520.647863,743584.51350286,436.9,1.0299215015008324e-08,437.7,BID
49,1712365523.0058136,743597.78581407,437.0,2.4389674983240873e-09,437.7,BID
50,1712365530.3280394,743597.78581407,437.0,0.0,437.7,BID
51,1712365558.7358823,744142.47206505,437.0,1.000926508682565e-07,437.7,BID
52,1712365558.737421,744741.95057379,437.0,1.1016138734982364e-07,437.7,BID
53,1712365560.3130686,744741.95057379,437.0,0.0,437.7,BID
54,1712365561.1058116,745199.61647768,437.0,8.40938886557887e-08,437.7,BID
55,1712365582.9261389,747365.0665875,437.0,3.97890948128442e-07,437.7,BID
56,1712365582.9276874,747387.95512035,436.9,4.205656826560005e-09,437.7,BID
57,1712365582.9292362,762254.68226715,437.0,2.731688960730117e-06,437.7,BID
58,1712365586.0160077,762431.85640902,437.0,3.255488869164296e-08,437.7,BID
59,1712365590.254238,762431.85640902,437.0,0.0,437.7,BID
60,1712365598.796003,762562.47742301,435.9,-2.396693380262332e-08,437.7,ASK
61,1712365598.7972617,762945.00096295,435.9,-7.01871473788113e-08,437.7,ASK
62,1712365598.855888,763173.83391489,437.0,4.1987303906715866e-08,437.7,BID
63,1712365604.261985,775963.00267919,437.0,2.3466144673166723e-06,437.7,BID
64,1712365617.9760425,780682.81617989,437.0,8.66012705586904e-07,437.7,BID
65,1712365617.9777057,781049.18645435,437.0,6.722327324686045e-08,437.7,BID
66,1712365617.9793148,781206.18561546,436.9,2.8806915414688644e-08,437.7,BID
67,1712365618.0377164,782614.02096775,437.0,-2.583159911459875e-07,437.7,ASK
68,1712365618.0558913,783287.26038413,437.0,-1.235290098645813e-07,437.7,ASK
69,1712365618.0568728,783526.79327894,437.0,-4.3950577767697335e-08,437.7,ASK
70,1712365618.095791,785553.28071122,437.0,-3.718290698999825e-07,437.7,ASK
71,1712365620.3262968,785553.28071122,437.0,-0.0,437.7,ASK
72,1712365644.8561358,785757.18972294,436.4,3.734491552603718e-08,437.7,BID
73,1712365644.8574636,786154.01918857,436.5,7.267733165489417e-08,437.7,BID
74,1712365644.8590095,786490.20116681,436.6,6.15700477033877e-08,437.7,BID
75,1712365644.8606284,787320.39347833,437.1,1.5204556916128445e-07,437.7,BID
76,1712365644.862252,787722.99347833,436.6,7.373417616004467e-08,437.7,BID
77,1712365644.8639505,788090.68862245,436.5,6.734152640273286e-08,437.7,BID
78,1712365644.86616,788430.38410592,436.6,6.221352861139829e-08,437.7,BID
79,1712365644.8669243,792310.38410592,437.1,7.106025919050912e-07,437.7,BID
80,1712365644.9360223,792743.15373792,437.1,-7.925959334974741e-08,437.7,ASK
81,1712365644.9558446,792743.15373798,437.1,-1.1001576078527209e-17,437.7,ASK
82,1712365646.6458237,793100.73529432,436.1,-6.548927338985747e-08,437.7,ASK
83,1712365650.3479865,793100.73529432,436.1,-0.0,437.7,ASK
84,1712365668.7958434,793114.00153402,437.2,2.428179017370385e-09,437.7,BID
85,1712365674.1755998,793136.8743611,437.2,4.186515549253523e-09,437.7,BID
86,1712365680.2288785,793136.8743611,437.2,0.0,437.7,BID
87,1712365684.8959026,793179.8700013,435.8,-7.869661020174687e-09,437.7,ASK
88,1712365684.8970046,795054.61774572,435.8,-3.4314244835756186e-07,437.7,ASK
89,1712365684.8978505,798058.11610451,435.7,-5.497421098602324e-07,437.7,ASK
90,1712365698.6162198,798962.32179781,435.5,-1.655003220253532e-07,437.7,ASK
91,1712365698.6188312,799058.11610451,435.6,-1.7533608474842502e-08,437.7,ASK
92,1712365699.04214,799071.38841572,436.9,2.429283287575997e-09,437.7,BID
93,1712365710.2393603,799071.38841572,436.9,0.0,437.7,BID
94,1712365725.0470908,799084.66072693,437.0,2.4281341291751e-09,437.7,BID
95,1712365726.9359348,799661.01557045,436.9,-1.0544258975833137e-07,437.7,ASK
96,1712365726.955865,800512.80880945,436.9,-1.558333135716701e-07,437.7,ASK
97,1712365726.9576766,801373.51401143,436.9,-1.5746373355859358e-07,437.7,ASK
98,1712365740.335721,801373.51401143,436.9,-0.0,437.7,ASK
99,1712365740.661486,802156.0581695,435.9,-1.4313803930101476e-07,437.7,ASK
100,1712365740.6962483,802944.26977663,435.9,-1.4417469331973408e-07,437.7,ASK
101,1712365746.2600117,803741.24277663,435.9,-1.4577727201644144e-07,437.7,ASK
102,1712365746.2816274,804021.65824406,435.9,-5.129182779487394e-08,437.7,ASK
103,1712365746.777481,804372.93475239,435.9,-6.425328224144476e-08,437.7,ASK
104,1712365746.82033,804728.51951861,435.9,-6.504132158824554e-08,437.7,ASK
105,1712365754.01972,805635.67678328,435.9,-1.659314824134456e-07,437.7,ASK
106,1712365755.6858282,808327.26356428,435.9,-4.923280692441259e-07,437.7,ASK
107,1712365762.4299507,808327.26356473,435.9,-8.230114014202794e-17,437.7,ASK
108,1712365762.4327257,809569.76954728,435.9,-2.272713537350215e-07,437.7,ASK
109,1712365762.6860993,810653.71447095,435.9,-1.982683654134712e-07,437.7,ASK
110,1712365763.2199197,811051.3001549,436.4,7.27238644207781e-08,437.7,BID
111,1712365763.2214448,812958.4830319,436.4,3.488498569531709e-07,437.7,BID
112,1712365763.955967,813347.23877111,435.5,-7.110874664858208e-08,437.7,ASK
113,1712365767.0461285,813541.61664071,435.5,-3.5554373323396695e-08,437.7,ASK
114,1712365770.3514647,813541.61664071,435.5,-0.0,437.7,ASK
115,1712365770.9261422,813638.80557551,435.5,-1.7759953180625296e-08,437.7,ASK
116,1712365776.2859182,815943.57413646,436.4,4.2116504125586585e-07,437.7,BID
117,1712365800.3026917,815943.57413646,436.4,0.0,437.7,BID
118,1712365801.4561467,818248.34269741,436.4,4.223759176833219e-07,437.7,BID
119,1712365809.3366797,828177.45680487,436.4,1.8196268180576376e-06,437.7,BID
120,1712365809.4385614,828857.77934848,436.4,-1.246770992743307e-07,437.7,ASK
121,1712365809.4561946,832886.60560078,436.4,-7.383297456992332e-07,437.7,ASK
122,1712365830.264212,832886.60560078,436.4,-0.0,437.7,ASK
123,1712365838.646283,833357.57274621,435.5,-8.619346842009414e-08,437.7,ASK
124,1712365838.6478832,833609.02524186,435.3,-4.601926684963408e-08,437.7,ASK
125,1712365838.6494565,836966.70567003,435.4,-6.145017221657358e-07,437.7,ASK
126,1712365838.6510148,838669.88464053,435.3,-3.117051884235265e-07,437.7,ASK
127,1712365838.6525474,838922.58392837,435.3,-4.6247446977077856e-08,437.7,ASK
128,1712365842.627994,839279.02535821,435.3,6.52336865206776e-08,437.7,BID
129,1712365846.5202093,839457.24607313,435.3,-3.2616843260360114e-08,437.7,ASK
130,1712365852.0360212,839546.35643059,435.3,1.63084216301694e-08,437.7,BID
131,1712365860.3286865,839546.35643059,435.3,0.0,437.7,BID
132,1712365867.3362997,839596.15743059,435.8,-9.10943452068308e-09,437.7,ASK
133,1712365870.9876046,839644.55289799,435.3,-8.852339137327883e-09,437.7,ASK
134,1712365870.9885583,839644.75189799,435.8,-3.640042308026662e-11,437.7,ASK
135,1712365890.3078036,839644.75189799,435.8,-0.0,437.7,ASK
136,1712365900.776301,839656.21978789,436.0,2.097652119698985e-09,437.7,BID
137,1712365920.2444825,839656.21978789,436.0,0.0,437.7,BID
138,1712365922.65597,840680.75189799,436.0,1.8740239099535708e-07,437.7,BID
139,1712365922.657462,845025.29157432,436.0,7.946818992710287e-07,437.7,BID
140,1712365925.8494742,845128.82139083,436.0,1.8937166499716523e-08,437.7,BID
141,1712365932.1230962,845312.52586742,436.0,3.3602322279739985e-08,437.7,BID
142,1712365947.146237,845992.84841103,436.2,1.2444126451840534e-07,437.7,BID
143,1712365947.16601,846312.52586742,436.2,5.8473833161705546e-08,437.7,BID
144,1712365950.2403471,846312.52586742,436.2,0.0,437.7,BID
145,1712365966.146185,846885.65745843,436.5,1.0477879561592729e-07,437.7,BID
146,1712365969.2762945,846999.18185276,436.5,2.0754307557818e-08,437.7,BID
147,1712365969.2784953,847031.49748228,436.5,5.907880133963186e-09,437.7,BID
148,1712365980.326461,847031.49748228,436.5,0.0,437.7,BID
149,1712366004.8859584,847622.23801366,436.0,-1.0799183170428205e-07,437.7,ASK
150,1712366010.3475506,847622.23801366,436.0,-0.0,437.7,ASK
151,1712366040.2446764,847622.23801366,436.0,-0.0,437.7,ASK
152,1712366045.9662914,848238.65883137,436.0,-1.1268107651402597e-07,437.7,ASK
153,1712366045.9680312,849640.06042414,436.0,-2.561747357729368e-07,437.7,ASK
154,1712366046.0659332,851751.67730825,436.0,3.860013433203909e-07,437.7,BID
155,1712366046.5062406,857269.67730825,435.9,-1.0086845906896678e-06,437.7,ASK
156,1712366046.508386,857396.38251586,435.2,-2.3161578556792264e-08,437.7,ASK
157,1712366046.5101397,857811.53593053,435.3,-7.588960713118083e-08,437.7,ASK
158,1712366046.5119588,858041.420988,435.0,-4.202274648418695e-08,437.7,ASK
159,1712366046.5137026,863559.420988,435.3,-1.0086845906896678e-06,437.7,ASK
160,1712366046.5154655,865961.94306881,435.6,-4.391785070142744e-07,437.7,ASK
161,1712366046.5175648,872274.97050119,435.1,-1.154014768329626e-06,437.7,ASK
162,1712366046.5193844,872765.28302034,435.0,-8.962861230315486e-08,437.7,ASK
163,1712366046.521145,873914.18007916,435.2,-2.1001717280181545e-07,437.7,ASK
164,1712366046.5226395,874994.38184883,435.0,-1.974597462670976e-07,437.7,ASK
165,1712366070.2506714,874994.38184883,435.0,-0.0,437.7,ASK
166,1712366080.4660969,875094.38184883,435.0,-1.8240149813897767e-08,437.7,ASK
167,1712366092.3361733,875944.04045309,435.0,-1.5497900232368798e-07,437.7,ASK
168,1712366100.3010204,875944.04045309,435.0,-0.0,437.7,ASK
169,1712366130.2305045,875944.04045309,435.0,-0.0,437.7,ASK
170,1712366148.4860516,880892.56607528,434.9,-9.053753580930492e-07,437.7,ASK
171,1712366160.343299,880892.56607528,434.9,-0.0,437.7,ASK
172,1712366169.0668926,880998.2981976,434.9,-1.933698799535616e-08,437.7,ASK
173,1712366169.146074,880998.29819828,434.9,1.2438086524468299e-16,437.7,BID
174,1712366169.148945,881148.56607528,434.9,2.7481980592816457e-08,437.7,BID
175,1712366173.426129,881723.41086718,434.9,-1.0513140752555169e-07,437.7,ASK
176,1712366190.3160243,881723.41086718,434.9,-0.0,437.7,ASK
177,1712366195.7465982,884297.49793661,436.0,4.707349156303801e-07,437.7,BID
178,1712366195.7962463,886234.98282759,436.0,3.543166031646817e-07,437.7,BID
179,1712366197.1132631,887843.78724599,436.0,2.942093222701345e-07,437.7,BID
180,1712366203.2077792,887912.59458543,436.0,1.2583108594381552e-08,437.7,BID
181,1712366218.5361438,888774.06385307,436.0,1.5754077157556557e-07,437.7,BID
182,1712366218.5385528,888809.06989643,436.0,6.401713082403774e-09,437.7,BID
183,1712366218.556137,888809.06989702,436.0,1.0789465447585175e-16,437.7,BID
184,1712366220.2511766,888809.06989702,436.0,0.0,437.7,BID
185,1712366228.7163966,888826.39031481,435.2,-3.1656744554245e-09,437.7,ASK
186,1712366250.265354,888826.39031481,435.2,-0.0,437.7,ASK
187,1712366268.7061152,888838.39031481,436.0,2.1932520098273183e-09,437.7,BID
188,1712366280.3446803,888838.39031481,436.0,0.0,437.7,BID
189,1712366281.166213,889067.74811297,436.0,4.191991422909404e-08,437.7,BID
190,1712366297.0760074,889676.04891897,436.0,1.1117964079518513e-07,437.7,BID
191,1712366310.3597057,889676.04891897,436.0,0.0,437.7,BID
192,1712366320.464259,889676.04891907,436.0,1.827600182619665e-17,437.7,BID
193,1712366326.3265314,889689.986648,436.4,2.547240197818091e-09,437.7,BID
194,1712366340.2580707,889689.986648,436.4,0.0,437.7,BID
195,1712366370.286307,889689.986648,436.4,0.0,437.7,BID
196,1712366389.626121,891791.20912099,436.4,3.840161065664614e-07,437.7,BID
197,1712366391.0859935,893355.32108386,436.4,2.858546364967449e-07,437.7,BID
198,1712366393.436052,893691.90318372,436.4,6.151321394552535e-08,437.7,BID
199,1712366393.4380455,903429.28657273,436.4,1.7795888370980226e-06,437.7,BID
200,1712366393.4560778,914095.98867073,436.4,1.9494296592732368e-06,437.7,BID
201,1712366393.4642043,968091.38979573,436.4,9.86811438534192e-06,437.7,BID
202,1712366393.556694,994229.7073122,436.4,4.776997702004056e-06,437.7,BID
203,1712366393.559287,994773.90468573,436.5,9.94566540540134e-08,437.7,BID
204,1712366393.6188843,994773.90468665,436.5,1.6814328507117294e-16,437.7,BID
205,1712366400.2921011,994773.90468665,436.5,0.0,437.7,BID
206,1712366418.3235517,994866.20857765,436.5,1.6907237378844492e-08,437.7,BID
207,1712366418.3960257,994866.20857814,436.5,8.975149890604012e-17,437.7,BID
208,1712366430.2885957,994866.20857814,436.5,0.0,437.7,BID
209,1712366460.30672,994866.20857814,436.5,0.0,437.7,BID
210,1712366490.3180106,994866.20857814,436.5,0.0,437.7,BID
211,1712366520.267943,994866.20857814,436.5,0.0,437.7,BID
212,1712366550.251515,994866.20857814,436.5,0.0,437.7,BID
213,1712366580.3404489,994866.20857814,436.5,0.0,437.7,BID
214,1712366610.3228912,994866.20857814,436.5,0.0,437.7,BID
215,1712366634.9555535,995077.06411114,436.5,3.8621971414500656e-08,437.7,BID
216,1712366635.055988,995077.06411133,436.5,3.4800039258703024e-17,437.7,BID
217,1712366639.095611,997552.06411133,436.5,-4.533406256448809e-07,437.7,ASK
218,1712366640.283435,997552.06411133,436.5,-0.0,437.7,ASK
219,1712366644.035666,1004513.62250264,436.3,-1.274860471330705e-06,437.7,ASK
220,1712366670.256619,1004513.62250264,436.3,-0.0,437.7,ASK
221,1712366671.5009334,1004582.25046635,436.3,-1.2560756639569866e-08,437.7,ASK
222,1712366671.6354153,1006492.24023035,436.3,3.49579315963012e-07,437.7,BID
223,1712366671.6555328,1006492.24023053,436.3,3.294081356768727e-17,437.7,BID
224,1712366675.2254114,1006721.44023052,437.3,4.194974272919916e-08,437.7,BID
225,1712366700.351585,1006721.44023052,437.3,0.0,437.7,BID
226,1712366730.3490598,1006721.44023052,437.3,0.0,437.7,BID
227,1712366760.2448547,1006721.44023052,437.3,0.0,437.7,BID
228,1712366784.7560422,1006949.68938798,436.5,-4.191764423488022e-08,437.7,ASK
229,1712366790.269681,1006949.68938798,436.5,-0.0,437.7,ASK
230,1712366791.366376,1006963.59518062,437.1,2.5537329909577547e-09,437.7,BID
231,1712366796.086198,1007507.12291662,437.1,9.981629575988041e-08,437.7,BID
232,1712366796.0989656,1007507.12291758,437.1,1.762922463252281e-16,437.7,BID
233,1712366806.7060838,1007735.38130558,437.1,4.1918572424587794e-08,437.7,BID
234,1712366808.286001,1007735.38130607,437.1,8.998472772045662e-17,437.7,BID
235,1712366809.076266,1007824.13870251,437.1,-1.6299875695642262e-08,437.7,ASK
236,1712366820.365026,1007824.13870251,437.1,-0.0,437.7,ASK
237,1712366850.3326786,1007824.13870251,437.1,-0.0,437.7,ASK
238,1712366870.346103,1008310.13870251,437.2,8.924533495106537e-08,437.7,BID
239,1712366880.2554154,1008310.13870251,437.2,0.0,437.7,BID
240,1712366880.8562596,1008797.03943444,437.2,8.940724999841129e-08,437.7,BID
241,1712366891.2062397,1008917.30253212,437.1,-2.2083336776358945e-08,437.7,ASK
242,1712366891.2090502,1009231.85637942,437.1,-5.77600168150108e-08,437.7,ASK
243,1712366901.68604,1009689.41757823,437.1,8.401977201682632e-08,437.7,BID
244,1712366910.2904046,1009689.41757823,437.1,0.0,437.7,BID
245,1712366926.0761757,1022704.11757823,436.2,-2.389562486630712e-06,437.7,ASK
246,1712366926.0791028,1028222.11757823,436.2,-1.0131317511143797e-06,437.7,ASK
247,1712366926.135934,1028508.60846432,436.2,5.260112597003365e-08,437.7,BID
248,1712366926.1381748,1034566.70066983,436.2,1.1122953179740358e-06,437.7,BID
249,1712366935.2358816,1036470.07559731,436.6,-3.4946893318322293e-07,437.7,ASK
250,1712366940.2900977,1036470.07559731,436.6,-0.0,437.7,ASK
251,1712366968.0964313,1037574.56605471,436.6,2.023557972187748e-07,437.7,BID
252,1712366968.0991144,1037615.28860692,436.5,7.460856236508212e-09,437.7,BID
253,1712366968.676623,1040049.20797371,436.3,-4.459229960142983e-07,437.7,ASK
254,1712366968.685725,1049898.30121821,436.0,-1.8044711043176448e-06,437.7,ASK
255,1712366968.687569,1057053.65330348,436.2,-1.3109456635816613e-06,437.7,ASK
256,1712366968.688875,1057817.30880894,436.0,-1.399107774743777e-07,437.7,ASK
257,1712366970.3416364,1057817.30880894,436.0,-0.0,437.7,ASK
258,1712367000.3058903,1057817.30880894,436.0,-0.0,437.7,ASK
259,1712367030.288771,1057817.30880894,436.0,-0.0,437.7,ASK
260,1712367051.7563794,1057871.2413932,436.1,-9.881663816551293e-09,437.7,ASK
261,1712367060.3326216,1057871.2413932,436.1,-0.0,437.7,ASK
262,1712367090.35421,1057871.2413932,436.1,-0.0,437.7,ASK
263,1712367120.2710652,1057871.2413932,436.1,-0.0,437.7,ASK
264,1712367150.2743502,1057871.2413932,436.1,-0.0,437.7,ASK
265,1712367180.34544,1057871.2413932,436.1,-0.0,437.7,ASK
266,1712367190.3961575,1057871.24139388,437.0,1.2460878694758776e-16,437.7,BID
267,1712367190.3993597,1058197.02181088,437.0,5.969005064414891e-08,437.7,BID
268,1712367210.347799,1058197.02181088,437.0,0.0,437.7,BID
269,1712367212.5258243,1059122.6421787,436.3,-1.695893387293835e-07,437.7,ASK
270,1712367240.294281,1059122.6421787,436.3,-0.0,437.7,ASK
271,1712367270.2788012,1059122.6421787,436.3,-0.0,437.7,ASK
272,1712367300.3637533,1059122.6421787,436.3,-0.0,437.7,ASK
273,1712367330.335761,1059122.6421787,436.3,-0.0,437.7,ASK
274,1712367360.2476654,1059122.6421787,436.3,-0.0,437.7,ASK
275,1712367390.2741778,1059122.6421787,436.3,-0.0,437.7,ASK
276,1712367420.3140476,1059122.6421787,436.3,-0.0,437.7,ASK
277,1712367450.332447,1059122.6421787,436.3,-0.0,437.7,ASK
278,1712367480.2659173,1059122.6421787,436.3,-0.0,437.7,ASK
279,1712367510.2777514,1059122.6421787,436.3,-0.0,437.7,ASK
280,1712367540.361097,1059122.6421787,436.3,-0.0,437.7,ASK
281,1712367569.4957726,1059342.37410574,436.3,-4.100123295518092e-08,437.7,ASK
282,1712367570.331601,1059342.37410574,436.3,-0.0,437.7,ASK
283,1712367593.7360249,1059939.17867323,436.3,-1.1135971773840194e-07,437.7,ASK
284,1712367593.7375708,1060089.31625635,436.1,-2.801466307213908e-08,437.7,ASK
285,1712367593.738956,1066792.07009545,436.3,-1.2506887786254537e-06,437.7,ASK
286,1712367593.7403333,1069085.12214773,436.1,-4.278680881671686e-07,437.7,ASK
287,1712367593.741734,1082939.62214773,436.0,-2.5851565042396e-06,437.7,ASK
288,1712367593.74381,1082954.48112503,436.1,-2.772585211529739e-09,437.7,ASK
289,1712367593.7462058,1117792.77119697,436.0,-6.500590578949922e-06,437.7,ASK
290,1712367593.8558393,1124112.64250829,436.0,1.1792454744968152e-06,437.7,BID
291,1712367593.858992,1128965.80611182,436.0,9.055676823995494e-07,437.7,BID
292,1712367596.2492902,1130133.40311182,436.0,2.1786574606668005e-07,437.7,BID
293,1712367598.0679483,1130633.40211182,436.0,9.329645003160504e-08,437.7,BID
294,1712367600.3026462,1130633.40211182,436.0,0.0,437.7,BID
295,1712367630.2665403,1130633.40211182,436.0,0.0,437.7,BID
296,1712367660.322474,1130633.40211182,436.0,0.0,437.7,BID
297,1712367665.9658768,1132211.56311182,436.0,-2.929250334842928e-07,437.7,ASK
298,1712367665.9690852,1132990.53776417,436.0,-1.44586753900909e-07,437.7,ASK
299,1712367687.8663633,1133003.43478251,436.0,-2.393836578826477e-09,437.7,ASK
300,1712367690.349219,1133003.43478251,436.0,-0.0,437.7,ASK
301,1712367720.2584827,1133003.43478251,436.0,-0.0,437.7,ASK
302,1712367750.2613704,1133003.43478251,436.0,-0.0,437.7,ASK
303,1712367755.5461135,1134003.43478251,435.9,1.8557603538094498e-07,437.7,BID
304,1712367767.6357806,1134760.90119357,435.9,-1.4056761349878286e-07,437.7,ASK
305,1712367767.6559358,1142188.27978825,435.9,-1.378343472874007e-06,437.7,ASK
306,1712367767.659353,1146205.67357857,435.9,-7.455320121715748e-07,437.7,ASK
307,1712367767.73587,1146531.45399657,435.9,-6.045703837722119e-08,437.7,ASK
308,1712367767.7392125,1151163.6432888,435.9,-8.596233239860986e-07,437.7,ASK
309,1712367767.7557683,1151373.12479399,435.9,-3.8874747218797184e-08,437.7,ASK
310,1712367780.300444,1151373.12479399,435.9,-0.0,437.7,ASK
311,1712367810.269292,1151373.12479399,435.9,-0.0,437.7,ASK
312,1712367840.296008,1151373.12479399,435.9,-0.0,437.7,ASK
313,1712367870.2677302,1151373.12479399,435.9,-0.0,437.7,ASK
314,1712367900.2938857,1151373.12479399,435.9,-0.0,437.7,ASK
315,1712367928.5298605,1151665.4922343,435.5,-5.424412902292839e-08,437.7,ASK
316,1712367928.5314636,1151691.02151099,435.5,-4.736551297156666e-09,437.7,ASK
317,1712367930.263162,1151691.02151099,435.5,-0.0,437.7,ASK
318,1712367960.3145864,1151691.02151099,435.5,-0.0,437.7,ASK
319,1712367990.373847,1151691.02151099,435.5,-0.0,437.7,ASK
320,1712367991.255939,1151716.56251719,435.3,-4.738605804885099e-09,437.7,ASK
321,1712367991.2593908,1159055.17730496,435.3,-1.3615282953668189e-06,437.7,ASK
322,1712367991.2765474,1161557.91810856,435.3,-4.643318280922626e-07,437.7,ASK
323,1712368010.7366157,1163855.18436172,435.3,-4.262102721185513e-07,437.7,ASK
324,1712368020.2589748,1163855.18436172,435.3,-0.0,437.7,ASK
325,1712368035.829002,1164038.79693918,435.7,3.4032085997023815e-08,437.7,BID
326,1712368050.2437136,1164038.79693918,435.7,0.0,437.7,BID
327,1712368063.085805,1164084.67714344,435.7,8.503643523784017e-09,437.7,BID
328,1712368069.2257364,1164884.67714344,435.6,-1.4827560009232508e-07,437.7,ASK
329,1712368080.349278,1164884.67714344,435.6,-0.0,437.7,ASK
330,1712368091.1657567,1165573.85701844,435.3,-1.2772697644952026e-07,437.7,ASK
331,1712368110.3370435,1165573.85701844,435.3,-0.0,437.7,ASK
332,1712368118.9160798,1165573.85701938,435.3,-1.7419062883295884e-16,437.7,ASK
333,1712368118.9251635,1178324.75701938,435.3,-2.363016415312365e-06,437.7,ASK
334,1712368119.0756636,1178676.32834162,435.3,6.515373860715961e-08,437.7,BID
335,1712368119.1956232,1184166.69158062,435.3,1.0174825667038468e-06,437.7,BID
336,1712368121.9441178,1191060.07393356,435.3,-1.277492228550276e-06,437.7,ASK
337,1712368121.9458132,1193459.24191478,435.3,-4.446175032911437e-07,437.7,ASK
338,1712368140.2768407,1193459.24191478,435.3,-0.0,437.7,ASK
339,1712368146.6467953,1193918.8007383,435.2,-8.497499502300274e-08,437.7,ASK
340,1712368146.6485631,1195297.47720888,435.2,-2.549249850727968e-07,437.7,ASK
341,1712368147.031726,1195323.02995537,435.1,-4.7248456447219985e-09,437.7,ASK
342,1712368147.0359092,1196789.08387388,435.1,-2.710815635628357e-07,437.7,ASK
343,1712368170.261999,1196789.08387388,435.1,-0.0,437.7,ASK
344,1712368200.29714,1196789.08387388,435.1,-0.0,437.7,ASK
345,1712368230.2573233,1196789.08387388,435.1,-0.0,437.7,ASK
346,1712368260.32306,1196789.08387388,435.1,-0.0,437.7,ASK
347,1712368290.3355453,1196789.08387388,435.1,-0.0,437.7,ASK
348,1712368320.288051,1196789.08387388,435.1,-0.0,437.7,ASK
349,1712368350.2969615,1196789.08387388,435.1,-0.0,437.7,ASK
350,1712368380.3604152,1196789.08387388,435.1,-0.0,437.7,ASK
351,1712368402.2061136,1196789.08387394,435.1,-1.1171480179477689e-17,437.7,ASK
352,1712368402.2097886,1196817.75490234,435.1,-5.352796441587746e-09,437.7,ASK
353,1712368410.3223846,1196817.75490234,435.1,-0.0,437.7,ASK
354,1712368440.2467113,1196817.75490234,435.1,-0.0,437.7,ASK
355,1712368469.3157656,1196886.49829466,435.1,-1.2834158707480092e-08,437.7,ASK
356,1712368469.3195868,1202040.54618143,435.1,-9.62243298337024e-07,437.7,ASK
357,1712368470.27157,1202040.54618143,435.1,-0.0,437.7,ASK
358,1712368500.2843058,1202040.54618143,435.1,-0.0,437.7,ASK
359,1712368520.066136,1202052.04273315,435.0,-2.153418872684778e-09,437.7,ASK
360,1712368520.0698605,1202304.23994294,435.0,-4.723905432070503e-08,437.7,ASK
361,1712368520.0734882,1202350.21695443,435.0,-8.611953102479899e-09,437.7,ASK
362,1712368530.264142,1202350.21695443,435.0,-0.0,437.7,ASK
363,1712368560.3611314,1202350.21695443,435.0,-0.0,437.7,ASK
364,1712368582.4961283,1202361.71879435,434.8,-2.154355046792696e-09,437.7,ASK
365,1712368582.497961,1202373.21798956,434.9,-2.153859678712734e-09,437.7,ASK
366,1712368582.4996336,1211083.34715143,434.8,-1.6314529543702275e-06,437.7,ASK
367,1712368590.3421538,1211083.34715143,434.8,-0.0,437.7,ASK
368,1712368600.605142,1215083.34715143,434.9,-7.486885265732236e-07,437.7,ASK
369,1712368601.1051545,1216232.50826381,435.1,2.150909350057537e-07,437.7,BID
370,1712368616.1454132,1220049.13302488,434.9,-7.143657922120748e-07,437.7,ASK
371,1712368616.225196,1221199.47187139,434.9,-2.153113740133865e-07,437.7,ASK
372,1712368616.2353106,1223921.67139862,434.9,-5.095198882700164e-07,437.7,ASK
373,1712368616.305442,1228344.8429909,434.9,-8.278944555511699e-07,437.7,ASK
374,1712368617.1354096,1228585.94126616,434.7,-4.5126878115951536e-08,437.7,ASK
375,1712368617.139325,1228611.51752564,434.7,-4.787163006350908e-09,437.7,ASK
376,1712368617.515328,1229381.53801264,434.7,-1.4412637596080682e-07,437.7,ASK
377,1712368617.595208,1229912.34033164,434.7,-9.935140152844185e-08,437.7,ASK
378,1712368618.84521,1230682.36081864,434.7,-1.4412637596080682e-07,437.7,ASK
379,1712368620.2528412,1230682.36081864,434.7,-0.0,437.7,ASK
380,1712368633.9853983,1230682.36081927,434.7,-1.1769453576684478e-16,437.7,ASK
381,1712368634.0854902,1230707.94296377,434.6,-4.780637785124442e-09,437.7,ASK
382,1712368634.0884244,1231870.20073028,434.5,-2.1719576303053858e-07,437.7,ASK
383,1712368634.091435,1231881.70786327,434.6,-2.150384021586704e-09,437.7,ASK
384,1712368641.905538,1231881.7078643,434.5,-1.9248821672181936e-16,437.7,ASK
385,1712368650.285663,1231881.7078643,434.5,-0.0,437.7,ASK
386,1712368673.605665,1231893.22559806,434.2,-2.1521554448716782e-09,437.7,ASK
387,1712368673.610131,1231904.73802899,434.4,-2.151164580307346e-09,437.7,ASK
388,1712368673.613593,1232862.63109413,434.0,-1.789878824005237e-07,437.7,ASK
389,1712368673.6170368,1232874.63109413,434.4,-2.242269692695421e-09,437.7,ASK
390,1712368673.6205003,1234026.17416184,434.2,-2.1517251004663865e-07,437.7,ASK
391,1712368673.6231306,1234407.28764109,434.0,-7.121326700001905e-08,437.7,ASK
392,1712368675.935394,1235670.07752948,434.0,-2.3595962458157085e-07,437.7,ASK
393,1712368678.4653928,1250329.76818948,434.1,2.73924833926736e-06,437.7,BID
394,1712368678.4851832,1251782.41225491,434.1,2.714349801822816e-07,437.7,BID
395,1712368680.3229415,1251782.41225491,434.1,0.0,437.7,BID
396,1712368710.3551133,1251782.41225491,434.1,0.0,437.7,BID
397,1712368739.59552,1252032.41225491,435.0,4.6638667687321664e-08,437.7,BID
398,1712368739.6565754,1257580.75351281,435.0,-1.0350689765722169e-06,437.7,ASK
399,1712368740.2523837,1257580.75351281,435.0,-0.0,437.7,ASK
400,1712368740.282998,1257881.89805949,435.0,-5.6153499127688176e-08,437.7,ASK
401,1712368741.3657992,1258628.25421306,435.0,-1.3917074069745654e-07,437.7,ASK
402,1712368744.2353208,1258759.34844427,435.1,2.4444738844024932e-08,437.7,BID
403,1712368749.865147,1259273.14553336,435.0,-9.58061658831751e-08,437.7,ASK
404,1712368755.365199,1260766.11146958,435.0,-2.783887748307983e-07,437.7,ASK
405,1712368757.5553348,1261334.28009136,435.0,-1.0594465866721269e-07,437.7,ASK
406,1712368762.0627215,1261804.315344,435.0,-8.764603058596326e-08,437.7,ASK
407,1712368770.2520328,1261804.315344,435.0,-0.0,437.7,ASK
408,1712368772.259877,1261921.55672331,435.0,-2.1854153091585567e-08,437.7,ASK
409,1712368775.4651637,1262205.65241422,435.0,-5.295630909796179e-08,437.7,ASK
410,1712368777.835179,1262962.34980876,435.0,-1.410507177723435e-07,437.7,ASK
411,1712368780.615207,1263246.44549967,435.0,-5.295630909796179e-08,437.7,ASK
412,1712368780.7353077,1263716.95214161,435.0,-8.770388274248937e-08,437.7,ASK
413,1712368780.7443376,1264140.72110305,435.0,-7.899183558983149e-08,437.7,ASK
414,1712368780.8558702,1264484.75412956,435.0,-6.412881249063974e-08,437.7,ASK
415,1712368781.2351978,1264820.39414769,435.0,-6.256432995798507e-08,437.7,ASK
416,1712368781.8352938,1265106.58490028,435.0,-5.33468350279879e-08,437.7,ASK
417,1712368781.8557186,1265390.68059119,435.0,-5.295630909796179e-08,437.7,ASK
418,1712368781.995123,1267525.31399111,435.0,-3.979022201107912e-07,437.7,ASK
419,1712368782.7559805,1267992.37628544,435.0,-8.70618457721585e-08,437.7,ASK
420,1712368782.8352206,1268462.88292738,435.0,-8.770388274248937e-08,437.7,ASK
421,1712368784.2851398,1268960.61792738,435.0,-9.27793322891923e-08,437.7,ASK
422,1712368787.8252983,1270356.54282155,435.0,-2.602046864435908e-07,437.7,ASK
423,1712368787.915355,1270827.04946349,435.0,-8.770388274248937e-08,437.7,ASK
424,1712368788.3810174,1272380.64746349,435.0,-2.895954375036157e-07,437.7,ASK
425,1712368798.9976528,1272847.70975782,435.0,-8.70618457721585e-08,437.7,ASK
426,1712368799.7255075,1273133.90051041,435.0,-5.33468350279879e-08,437.7,ASK
427,1712368800.4128022,1273133.90051041,435.0,-0.0,437.7,ASK
428,1712368803.0767286,1273818.72513823,435.0,-1.27893992678684e-07,437.7,ASK
429,1712368804.5856173,1274748.93313823,435.0,-1.7372041002724717e-07,437.7,ASK
430,1712368807.3156064,1276016.25440594,435.0,-2.366777863261495e-07,437.7,ASK
431,1712368810.4856298,1276687.97494348,435.1,1.2544674653969297e-07,437.7,BID
432,1712368810.4890208,1281400.76195161,435.1,8.801335738066559e-07,437.7,BID
433,1712368812.7957995,1283065.13595161,435.0,-3.108291196364066e-07,437.7,ASK
434,1712368830.2554867,1283065.13595161,435.0,-0.0,437.7,ASK
435,1712368834.7961588,1283910.02359161,435.3,1.57659245276283e-07,437.7,BID
436,1712368834.8162346,1284469.85442353,435.3,1.0446656130857901e-07,437.7,BID
437,1712368834.8203654,1289142.96678353,435.3,8.720205301725311e-07,437.7,BID
438,1712368834.956343,1289739.00419534,435.0,-1.1122284674728326e-07,437.7,ASK
439,1712368835.0162745,1290183.80196688,435.0,-8.300095496909117e-08,437.7,ASK
440,1712368835.0198164,1290899.91892897,435.0,-1.3363014728521512e-07,437.7,ASK
441,1712368837.3062928,1291855.97792897,435.0,-1.78404243645514e-07,437.7,ASK
442,1712368839.072618,1293648.52095,435.0,-3.344953416775165e-07,437.7,ASK
443,1712368860.367771,1293648.52095,435.0,-0.0,437.7,ASK
444,1712368861.0805066,1294019.04675781,435.0,-6.908215350777045e-08,437.7,ASK
445,1712368873.6268897,1294456.85835516,435.0,-8.162715616054046e-08,437.7,ASK
446,1712368876.616951,1294899.7638197,435.0,-8.257687493247741e-08,437.7,ASK
447,1712368876.6769145,1295200.82755145,435.0,-5.6131396232027975e-08,437.7,ASK
448,1712368877.7971382,1295490.78633164,435.0,-5.406094944479688e-08,437.7,ASK
449,1712368879.7675214,1296429.33833164,435.0,-1.7498698328798566e-07,437.7,ASK
450,1712368883.7874322,1304594.4592864,435.0,-1.5223342809509631e-06,437.7,ASK
451,1712368890.3418145,1304594.4592864,435.0,-0.0,437.7,ASK
452,1712368920.2685957,1304594.4592864,435.0,-0.0,437.7,ASK
453,1712368950.2485423,1304594.4592864,435.0,-0.0,437.7,ASK
454,1712368950.320935,1304605.94034265,435.5,2.138670487206349e-09,437.7,BID
455,1712368951.928119,1305295.05940131,435.0,-1.2836785752236274e-07,437.7,ASK
456,1712368952.3280656,1305592.71722723,435.0,-5.54471638941727e-08,437.7,ASK
457,1712368957.3082106,1307890.01322723,435.0,-4.279361627120144e-07,437.7,ASK
458,1712368959.7584083,1309087.88452653,435.0,-2.231373089255264e-07,437.7,ASK
459,1712368966.4283874,1309595.75375807,435.0,-9.460496605781124e-08,437.7,ASK
460,1712368966.728413,1311299.57706549,435.0,-3.1738513805648376e-07,437.7,ASK
461,1712368969.1386013,1311749.32958488,435.0,-8.377908955479127e-08,437.7,ASK
462,1712368971.9309263,1312102.83913048,435.0,-6.585112167790273e-08,437.7,ASK
463,1712368972.548416,1312651.97760347,435.0,-1.0229252605186605e-07,437.7,ASK
464,1712368972.568405,1313776.98171726,435.0,-2.09563740802492e-07,437.7,ASK
465,1712368972.7686188,1315179.01519102,435.0,-2.611682711999848e-07,437.7,ASK
466,1712368972.9305637,1316169.80113306,435.0,-1.845618214220533e-07,437.7,ASK
467,1712368973.032786,1316954.3947494,435.0,-1.461526862297831e-07,437.7,ASK
468,1712368980.334215,1316954.3947494,435.0,-0.0,437.7,ASK
469,1712369009.559145,1318637.76222129,435.0,-3.132609187513897e-07,437.7,ASK
470,1712369010.3568668,1318637.76222129,435.0,-0.0,437.7,ASK
471,1712369040.245529,1318637.76222129,435.0,-0.0,437.7,ASK
472,1712369042.1798055,1319853.45793645,435.0,-2.262002058109565e-07,437.7,ASK
473,1712369043.440193,1319928.34830412,435.0,-1.3934586071960393e-08,437.7,ASK
474,1712369043.4447088,1330417.34431384,435.0,-1.951650422521188e-06,437.7,ASK
475,1712369043.4484234,1332515.9409925,435.0,-3.904784681787396e-07,437.7,ASK
476,1712369043.5600646,1333667.23068154,435.0,2.1421640412267306e-07,437.7,BID
477,1712369056.729832,1333678.83987694,435.0,2.1600819646229634e-09,437.7,BID
478,1712369070.3109856,1333678.83987694,435.0,0.0,437.7,BID
479,1712369096.3421967,1333690.4586068,434.6,-2.1592273462409354e-09,437.7,ASK
480,1712369100.381569,1333690.4586068,434.6,-0.0,437.7,ASK
481,1712369119.8406904,1333805.53340541,434.5,-2.1454602108373533e-08,437.7,ASK
482,1712369130.3402417,1333805.53340541,434.5,-0.0,437.7,ASK
483,1712369137.7109573,1333951.53732155,434.1,-2.7220788255416563e-08,437.7,ASK
484,1712369137.7131505,1334402.31768607,434.1,-8.404292964659242e-08,437.7,ASK
485,1712369160.279537,1334402.31768607,434.1,-0.0,437.7,ASK
486,1712369167.0408845,1334978.22185561,434.7,1.0736567027729657e-07,437.7,BID
487,1712369190.2429774,1334978.22185561,434.7,0.0,437.7,BID
488,1712369220.342137,1334978.22185561,434.7,0.0,437.7,BID
489,1712369233.4421847,1335553.60737511,434.9,1.0726397227134514e-07,437.7,BID
490,1712369233.452051,1335753.52258107,435.0,3.726840245707903e-08,437.7,BID
491,1712369233.455685,1335897.46997811,434.9,2.683482479371708e-08,437.7,BID
492,1712369250.335595,1335897.46997811,434.9,0.0,437.7,BID
493,1712369280.2913454,1335897.46997811,434.9,0.0,437.7,BID
494,1712369282.7828157,1338401.9648571,435.0,4.668557678175878e-07,437.7,BID
495,1712369310.2795126,1338401.9648571,435.0,0.0,437.7,BID
496,1712369321.7728677,1338631.84991457,435.0,4.284351903039864e-08,437.7,BID
497,1712369340.393783,1338631.84991457,435.0,0.0,437.7,BID
498,1712369357.7937438,1339390.84991456,434.9,1.414516683806371e-07,437.7,BID
499,1712369364.2947812,1342113.04944179,434.9,5.073249865569531e-07,437.7,BID
500,1712369364.3030615,1343264.33913083,434.9,2.145610636446473e-07,437.7,BID
501,1712369364.3531852,1347080.00517305,434.9,7.111097861165906e-07,437.7,BID
502,1712369364.4331686,1351340.00517305,434.9,7.939184549531786e-07,437.7,BID
503,1712369364.543218,1354539.15087958,434.9,5.96211459271916e-07,437.7,BID
504,1712369364.623165,1354806.78413316,435.0,4.987769464232242e-08,437.7,BID
505,1712369370.36453,1354806.78413316,435.0,0.0,437.7,BID
506,1712369400.3186505,1354806.78413316,435.0,0.0,437.7,BID
507,1712369424.9537156,1354995.00482281,435.0,3.5173182846299475e-08,437.7,BID
508,1712369430.2954593,1354995.00482281,435.0,0.0,437.7,BID
509,1712369435.8938696,1357293.85539752,435.0,4.295843066833751e-07,437.7,BID
510,1712369460.384297,1357293.85539752,435.0,0.0,437.7,BID
511,1712369464.033991,1357436.7818343,434.8,2.6703555027904927e-08,437.7,BID
512,1712369490.3264315,1357436.7818343,434.8,0.0,437.7,BID
513,1712369520.3209455,1357436.7818343,434.8,0.0,437.7,BID
514,1712369520.7746005,1357953.7593943,434.5,-9.658799832362697e-08,437.7,ASK
515,1712369520.7944012,1357953.75939455,434.5,-4.6719253364746345e-17,437.7,ASK
516,1712369550.3005524,1357953.75939455,434.5,-0.0,437.7,ASK
517,1712369552.1849236,1357976.8008692,434.0,-4.304706221456559e-09,437.7,ASK
518,1712369552.189871,1358463.67414108,434.0,-9.095973388709821e-08,437.7,ASK
519,1712369552.194752,1358578.80193292,434.3,-2.1508663370142733e-08,437.7,ASK
520,1712369552.1995096,1371070.04105962,434.0,-2.333666382008421e-06,437.7,ASK
521,1712369552.2015748,1376588.04105962,434.1,-1.0308962117615348e-06,437.7,ASK
522,1712369552.264583,1378989.38985897,434.0,4.486301885407752e-07,437.7,BID
523,1712369552.2847917,1380046.98985897,434.0,1.975853268501441e-07,437.7,BID
524,1712369552.4247956,1381876.27469339,434.0,3.417547673135633e-07,437.7,BID
525,1712369556.8146353,1386957.3470508,434.1,-9.492675326096996e-07,437.7,ASK
526,1712369580.3535175,1386957.3470508,434.1,-0.0,437.7,ASK
527,1712369610.3621173,1386957.3470508,434.1,-0.0,437.7,ASK
528,1712369640.434187,1386957.3470508,434.1,-0.0,437.7,ASK
529,1712369670.2804146,1386957.3470508,434.1,-0.0,437.7,ASK
530,1712369700.319935,1386957.3470508,434.1,-0.0,437.7,ASK
531,1712369724.165667,1387100.27348757,434.1,2.685221849282156e-08,437.7,BID
532,1712369724.268025,1387418.07038643,434.1,5.970590156292894e-08,437.7,BID
533,1712369724.8756838,1388316.72100173,434.1,-1.68833444785136e-07,437.7,ASK
534,1712369730.3059354,1388316.72100173,434.1,-0.0,437.7,ASK
535,1712369760.3653748,1388316.72100173,434.1,-0.0,437.7,ASK
536,1712369790.3661523,1388316.72100173,434.1,-0.0,437.7,ASK
537,1712369803.346141,1388426.5504162,433.8,-2.0631847940483743e-08,437.7,ASK
538,1712369803.3506556,1393059.57546825,433.8,-8.703303103246265e-07,437.7,ASK
539,1712369820.2848678,1393059.57546825,433.8,-0.0,437.7,ASK
540,1712369850.3243158,1393059.57546825,433.8,-0.0,437.7,ASK
541,1712369880.36573,1393059.57546825,433.8,-0.0,437.7,ASK
542,1712369910.358385,1393059.57546825,433.8,-0.0,437.7,ASK
543,1712369940.2932494,1393059.57546825,433.8,-0.0,437.7,ASK
544,1712369946.016646,1393111.3480615,434.8,9.721909119132789e-09,437.7,BID
545,1712369946.0866976,1393207.0030205,434.8,-1.7962183460797273e-08,437.7,ASK
546,1712369946.0969896,1393207.00302114,434.8,-1.2014577552819164e-16,437.7,ASK
547,1712369946.9167204,1393302.08202114,433.8,-1.785402930619082e-08,437.7,ASK
548,1712369966.6318042,1393315.87829614,434.9,2.5906782587896996e-09,437.7,BID
549,1712369970.290577,1393315.87829614,434.9,0.0,437.7,BID
550,1712369993.2269168,1393545.8162129,434.9,4.317706821605132e-08,437.7,BID
551,1712370000.3047788,1393545.8162129,434.9,0.0,437.7,BID
552,1712370030.2844844,1393545.8162129,434.9,0.0,437.7,BID
553,1712370034.6874115,1394286.83179964,434.9,1.3943735232700174e-07,437.7,BID
554,1712370034.6926594,1396205.22690764,434.9,3.609855708344209e-07,437.7,BID
555,1712370060.3505611,1396205.22690764,434.9,0.0,437.7,BID
556,1712370090.367348,1396205.22690764,434.9,0.0,437.7,BID
557,1712370120.294273,1396205.22690764,434.9,0.0,437.7,BID
558,1712370150.284417,1396205.22690764,434.9,0.0,437.7,BID
559,1712370180.3132002,1396205.22690764,434.9,0.0,437.7,BID
560,1712370210.2884817,1396205.22690764,434.9,0.0,437.7,BID
561,1712370240.3879693,1396205.22690764,434.9,0.0,437.7,BID
562,1712370244.2583551,1398866.00760279,434.8,5.005717755669496e-07,437.7,BID
563,1712370244.263379,1404812.80827452,434.9,1.118769606460557e-06,437.7,BID
564,1712370244.3777754,1407214.15707386,434.9,-4.517649404298026e-07,437.7,ASK
565,1712370246.1480832,1408149.35707386,434.9,-1.7593886086271885e-07,437.7,ASK
566,1712370247.494341,1409034.88437286,434.9,-1.6659395236195385e-07,437.7,ASK
567,1712370247.707808,1415891.88437286,434.9,-1.2900050993752385e-06,437.7,ASK
568,1712370247.77174,1419133.11773878,434.9,-6.097721409219992e-07,437.7,ASK
569,1712370247.837738,1419655.71067981,434.9,-9.831523389618073e-08,437.7,ASK
570,1712370247.961522,1420665.71067981,434.9,-1.9001095965713738e-07,437.7,ASK
571,1712370247.9979298,1421137.51039613,434.9,-8.875952164743293e-08,437.7,ASK
572,1712370248.1578355,1421183.52939613,434.9,-8.657538962849941e-09,437.7,ASK
573,1712370249.1179163,1426919.52939613,434.9,-1.0791117471221188e-06,437.7,ASK
574,1712370250.364847,1427133.91390513,434.9,-4.033208543634992e-08,437.7,ASK
575,1712370253.6418412,1430893.68125378,434.9,-7.073237643609313e-07,437.7,ASK
576,1712370256.0278578,1431193.20125378,434.9,-5.6348596669811216e-08,437.7,ASK
577,1712370257.608568,1433408.20125378,434.9,-4.167072036045141e-07,437.7,ASK
578,1712370258.458049,1434386.18325378,434.9,-1.8398742410635745e-07,437.7,ASK
579,1712370260.5081687,1435328.76425378,434.9,-1.7732744590553e-07,437.7,ASK
580,1712370262.170447,1435361.82725378,434.9,-6.220131048672777e-09,437.7,ASK
581,1712370264.1226182,1435411.74625378,434.9,-9.391244648637206e-09,437.7,ASK
582,1712370268.0180614,1435534.75025378,434.9,-2.3140701070948892e-08,437.7,ASK
583,1712370270.3499851,1435534.75025378,434.9,-0.0,437.7,ASK
584,1712370270.4524367,1436857.69625378,434.9,-2.48087091339922e-07,437.7,ASK
585,1712370271.4879818,1437178.52302463,434.9,-6.016343857130548e-08,437.7,ASK
586,1712370272.4680498,1438111.09302463,434.9,-1.748813472136337e-07,437.7,ASK
587,1712370274.1181448,1439020.02102463,434.9,-1.7044785180753673e-07,437.7,ASK
588,1712370276.827856,1439572.57202463,434.9,-1.0361781237250808e-07,437.7,ASK
589,1712370279.2182598,1439844.45402463,434.9,-5.098500964338431e-08,437.7,ASK
590,1712370281.616261,1439943.10002463,434.9,-1.849871363786829e-08,437.7,ASK
591,1712370283.57809,1440889.70402463,434.9,-1.775130904894764e-07,437.7,ASK
592,1712370284.2578514,1441186.40402463,434.9,-5.5639035909705544e-08,437.7,ASK
593,1712370284.69811,1441517.33586106,434.9,-6.205840354156075e-08,437.7,ASK
594,1712370285.587875,1442446.29586106,434.9,-1.7420437748111057e-07,437.7,ASK
595,1712370289.0380793,1442555.38786106,434.9,-2.045761275852638e-08,437.7,ASK
596,1712370300.313385,1442555.38786106,434.9,-0.0,437.7,ASK
597,1712370300.443604,1442854.69386106,434.9,-5.632816983905237e-08,437.7,ASK
598,1712370302.0413606,1443153.95086106,434.9,-5.6318948238654735e-08,437.7,ASK
599,1712370304.4282107,1443183.72786106,434.9,-5.603910089664137e-09,437.7,ASK
600,1712370305.7381072,1443660.63932084,434.9,-8.975279381188465e-08,437.7,ASK
601,1712370306.3630016,1444605.92632084,434.9,-1.7789916233764565e-07,437.7,ASK
602,1712370306.3655117,1444817.98869914,434.9,-3.9909275662227466e-08,437.7,ASK
603,1712370308.788434,1445079.44669914,434.9,-4.9205330430284216e-08,437.7,ASK
604,1712370308.928064,1445422.20307991,434.9,-6.450535448481488e-08,437.7,ASK
605,1712370311.2180698,1445448.51907991,434.9,-4.952563989619265e-09,437.7,ASK
606,1712370325.3480294,1445928.51907991,435.2,9.03340444987278e-08,437.7,BID
607,1712370325.3582623,1451446.51907991,435.4,1.0384651198832916e-06,437.7,BID
608,1712370325.3613489,1455946.51907991,435.5,8.468816671755731e-07,437.7,BID
609,1712370325.364581,1462644.26506785,436.0,1.2604885085744953e-06,437.7,BID
610,1712370325.3675916,1464599.35918544,435.4,3.679407479532821e-07,437.7,BID
611,1712370325.3708024,1466892.93716709,436.0,4.316420321993003e-07,437.7,BID
612,1712370325.3738022,1469102.39364076,435.8,4.1581070710526294e-07,437.7,BID
613,1712370325.3764436,1474620.39364076,435.7,1.0384651198832916e-06,437.7,BID
614,1712370325.3788912,1479020.2187997,435.6,8.280291701964619e-07,437.7,BID
615,1712370325.381406,1483280.2187997,435.9,8.017146449262091e-07,437.7,BID
616,1712370325.718111,1483572.57718996,435.3,-5.502065799026098e-08,437.7,ASK
617,1712370326.0814323,1486294.77672696,435.4,-5.123068627286812e-07,437.7,ASK
618,1712370326.0980532,1486294.77672716,435.4,-3.7639471811129467e-17,437.7,ASK
619,1712370326.278246,1487153.70802516,435.3,-1.6164737103101166e-07,437.7,ASK
620,1712370326.298174,1488141.7594959,435.2,-1.859472615101262e-07,437.7,ASK
621,1712370330.2892542,1488141.7594959,435.2,-0.0,437.7,ASK
622,1712370355.7983096,1488371.5917179,435.1,-4.309244425690199e-08,437.7,ASK
623,1712370357.2882462,1491356.4412049,435.2,-5.596450272050528e-07,437.7,ASK
624,1712370357.2925792,1491356.44120492,435.2,-3.754298524051023e-18,437.7,ASK
625,1712370360.3461404,1491356.44120492,435.2,-0.0,437.7,ASK
626,1712370360.4382534,1491356.44120539,435.1,-8.811559270704352e-17,437.7,ASK
627,1712370360.44107,1491560.39712792,435.1,-3.8230733466051766e-08,437.7,ASK
628,1712370373.9182796,1575728.78035501,434.9,-1.577703155420529e-05,437.7,ASK
629,1712370373.9213874,1575958.61257748,434.9,-4.308114385778717e-08,437.7,ASK
630,1712370373.9251578,1576188.44479995,435.0,-4.308114385778717e-08,437.7,ASK
631,1712370373.9783456,1576418.27702195,434.8,-4.308114376967157e-08,437.7,ASK
632,1712370389.0785725,1576648.10924348,434.7,-4.308114368155597e-08,437.7,ASK
633,1712370389.0927627,1576648.10924395,434.8,-8.811559270704352e-17,437.7,ASK
634,1712370389.166535,1576877.94146601,434.6,-4.308114378088786e-08,437.7,ASK
635,1712370389.171888,1576877.94146695,434.7,-1.7623118541408703e-16,437.7,ASK
636,1712370390.1882465,1577107.77368895,434.7,-4.308114376967157e-08,437.7,ASK
637,1712370390.3826249,1577107.77368895,434.7,-0.0,437.7,ASK
638,1712370408.6985438,1577107.77368942,434.7,-8.746056075699055e-17,437.7,ASK
639,1712370408.704635,1577142.50229995,434.7,-6.464550979730388e-09,437.7,ASK
640,1712370420.272174,1577142.50229995,434.7,-0.0,437.7,ASK
641,1712370450.2682486,1577142.50229995,434.7,-0.0,437.7,ASK
642,1712370479.7964787,1577142.50230027,434.7,-5.954929275728974e-17,437.7,ASK
643,1712370479.8889573,1577142.50230123,434.5,-1.7873455846511128e-16,437.7,ASK
644,1712370479.8945246,1577603.44152528,434.5,-8.580120809373555e-08,437.7,ASK
645,1712370479.8997602,1577834.54852823,434.5,-4.301925073290944e-08,437.7,ASK
646,1712370480.3683183,1577834.54852823,434.5,-0.0,437.7,ASK
647,1712370487.6843617,1577834.54852868,434.5,-8.377171749648871e-17,437.7,ASK
648,1712370487.6891518,1578149.86153168,434.5,-5.8690432163205736e-08,437.7,ASK
649,1712370493.84896,1578274.23964113,434.5,2.315097990191405e-08,437.7,BID
650,1712370510.3764129,1578274.23964113,434.5,0.0,437.7,BID
651,1712370540.3412645,1578274.23964113,434.5,0.0,437.7,BID
652,1712370570.290436,1578274.23964113,434.5,0.0,437.7,BID
653,1712370579.6792085,1578589.93711323,434.5,-5.875990538019336e-08,437.7,ASK
654,1712370600.4092224,1578589.93711323,434.5,-0.0,437.7,ASK
655,1712370630.2851353,1578589.93711323,434.5,-0.0,437.7,ASK
656,1712370660.487192,1578589.93711323,434.5,-0.0,437.7,ASK
657,1712370664.279454,1578658.9819924,434.5,-1.2877792735856701e-08,437.7,ASK
658,1712370664.2851498,1579599.8569753,434.5,-1.7548575891171493e-07,437.7,ASK
659,1712370664.419258,1579830.05955304,434.4,-4.2935857358663627e-08,437.7,ASK
660,1712370664.4248412,1580060.2621313,434.4,-4.2935857455677374e-08,437.7,ASK
661,1712370690.3633568,1580060.2621313,434.4,-0.0,437.7,ASK
662,1712370718.1964674,1581854.15410314,434.8,3.345449678383205e-07,437.7,BID
663,1712370720.2741096,1581854.15410314,434.8,0.0,437.7,BID
664,1712370730.7493513,1585801.96242704,434.5,-7.361242178318453e-07,437.7,ASK
665,1712370750.3219748,1585801.96242704,434.5,-0.0,437.7,ASK
666,1712370771.2394388,1601637.62029989,434.6,-2.951836323713307e-06,437.7,ASK
667,1712370780.3786962,1601637.62029989,434.6,-0.0,437.7,ASK
668,1712370781.8297112,1601637.62030041,434.4,-9.68328433409784e-17,437.7,ASK
669,1712370781.8332026,1601867.71694048,434.4,-4.283607338434591e-08,437.7,ASK
670,1712370785.9096117,1603194.47973976,434.6,2.469975598787361e-07,437.7,BID
671,1712370796.6770265,1603194.47974008,434.5,-5.955609970926784e-17,437.7,ASK
672,1712370796.6890547,1604348.16988708,434.5,-2.147773899899917e-07,437.7,ASK
673,1712370796.789512,1604578.37246489,434.4,-4.285579534463324e-08,437.7,ASK
674,1712370796.7996058,1604578.47840353,434.4,-1.9722127902645923e-11,437.7,ASK
675,1712370796.8571675,1604808.68098179,434.3,-4.285579542841922e-08,437.7,ASK
676,1712370796.8613048,1606778.39312374,434.3,-3.666925941767626e-07,437.7,ASK
677,1712370796.9796383,1607008.595702,434.2,-4.285579542841922e-08,437.7,ASK
678,1712370796.9822073,1607699.20343678,434.2,-1.2856738628534437e-07,437.7,ASK
679,1712370797.0396743,1613217.20343678,434.1,-1.0272616447721454e-06,437.7,ASK
680,1712370797.0450566,1613908.34524005,434.1,-1.286668114530444e-07,437.7,ASK
681,1712370797.0495608,1614138.17746252,434.1,-4.2786847929730784e-08,437.7,ASK
682,1712370798.2206428,1614828.95127272,434.4,1.2859830381143518e-07,437.7,BID
683,1712370810.3805993,1614828.95127272,434.4,0.0,437.7,BID
684,1712370814.629732,1616860.37699972,434.4,3.77778667287044e-07,437.7,BID
685,1712370814.6896112,1617158.82696272,434.4,-5.5501920535621844e-08,437.7,ASK
686,1712370814.712094,1617158.82696332,434.4,-1.1158120295289608e-16,437.7,ASK
687,1712370840.2923732,1617158.82696332,434.4,-0.0,437.7,ASK
688,1712370851.4697032,1617178.82696332,434.4,3.718645198266229e-09,437.7,BID
689,1712370870.3113277,1617178.82696332,434.4,0.0,437.7,BID
690,1712370900.3724055,1617178.82696332,434.4,0.0,437.7,BID
691,1712370930.3860948,1617178.82696332,434.4,0.0,437.7,BID
692,1712370933.349142,1617211.08502784,434.0,-6.025986735978226e-09,437.7,ASK
693,1712370935.7591512,1617666.71449974,434.4,8.511413176946032e-08,437.7,BID
694,1712370960.2837925,1617666.71449974,434.4,0.0,437.7,BID
695,1712370987.760049,1617721.68931435,434.4,1.026919606625807e-08,437.7,BID
696,1712370990.276265,1617721.68931435,434.4,0.0,437.7,BID
697,1712371020.4669745,1617721.68931435,434.4,0.0,437.7,BID
698,1712371050.3395624,1617721.68931435,434.4,0.0,437.7,BID
699,1712371080.2537043,1617721.68931435,434.4,0.0,437.7,BID
700,1712371090.6279123,1617919.2634723,434.0,-3.690633118315003e-08,437.7,ASK
701,1712371090.6308286,1618261.54481635,434.0,-6.393725157377368e-08,437.7,ASK
702,1712371090.63359,1618738.84321837,434.0,-8.915808160800267e-08,437.7,ASK
703,1712371090.636334,1618856.96703084,434.0,-2.2065216366672528e-08,437.7,ASK
704,1712371090.6581056,1619087.1696091,433.9,-4.3001233970244855e-08,437.7,ASK
705,1712371090.6609387,1619100.8982891,433.9,-2.5644811854066627e-09,437.7,ASK
706,1712371090.6636918,1624849.10086736,433.9,-1.073749068513201e-06,437.7,ASK
707,1712371090.716434,1690135.43213041,433.8,-1.2195314348431668e-05,437.7,ASK
708,1712371090.7192426,1690144.01014136,433.8,-1.602349802719004e-09,437.7,ASK
709,1712371090.7458923,1690374.21271962,433.8,-4.300123397020137e-08,437.7,ASK
710,1712371090.7520316,1690825.67225263,433.8,-8.433144908187017e-08,437.7,ASK
711,1712371093.868214,1691121.42161855,433.7,-5.5245200886138526e-08,437.7,ASK
712,1712371093.871702,1691351.62419681,433.7,-4.300123397020137e-08,437.7,ASK
713,1712371100.5587845,1691581.45641855,433.5,-4.293205234992292e-08,437.7,ASK
714,1712371100.5635948,1691823.65899681,433.6,-4.524280229468777e-08,437.7,ASK
715,1712371110.2680917,1691823.65899681,433.6,-0.0,437.7,ASK
716,1712371110.491231,1691892.86314808,433.5,-1.2849991094719254e-08,437.7,ASK
717,1712371110.4991667,1691892.86314881,433.5,-1.3557726626616494e-16,437.7,ASK
718,1712371112.4180007,1691892.86314978,433.5,-1.8010678930639136e-16,437.7,ASK
719,1712371112.4781234,1692485.34121995,433.2,-1.1001273458002121e-07,437.7,ASK
720,1712371112.4819374,1692497.34121995,433.2,-2.228188487350494e-09,437.7,ASK
721,1712371112.4877968,1692957.37601978,433.2,-8.542035373016015e-08,437.7,ASK
722,1712371112.497947,1692957.37602068,433.2,-1.670937927674514e-16,437.7,ASK
723,1712371140.4654474,1692957.37602068,433.2,-0.0,437.7,ASK
724,1712371153.8878338,1694502.77306568,433.2,-2.869268250423357e-07,437.7,ASK
725,1712371153.908161,1694502.77306592,433.2,-4.4568691040955044e-17,437.7,ASK
726,1712371154.0080326,1694732.60528839,433.0,-4.267190111377812e-08,437.7,ASK
727,1712371154.0150895,1695447.05201534,433.0,-1.3264806716750285e-07,437.7,ASK
728,1712371154.02065,1695594.94342692,433.0,-2.7458324262371484e-08,437.7,ASK
729,1712371154.1078086,1695594.9434276,433.0,-1.2622752457768064e-16,437.7,ASK
730,1712371170.3558972,1695594.9434276,433.0,-0.0,437.7,ASK
731,1712371196.1978345,1695627.25488786,432.8,-5.997849400774936e-09,437.7,ASK
732,1712371196.204256,1695664.9434276,432.8,-6.995975535484661e-09,437.7,ASK
733,1712371200.3549538,1695664.9434276,432.8,-0.0,437.7,ASK
734,1712371220.42764,1695864.9434276,433.0,3.746947096800559e-08,437.7,BID
735,1712371226.7275634,1696346.60553985,433.2,9.02381226566968e-08,437.7,BID
736,1712371226.8075786,1696556.0562762,433.2,3.924004142449614e-08,437.7,BID
737,1712371230.262041,1696556.0562762,433.2,0.0,437.7,BID
738,1712371260.3689303,1696556.0562762,433.2,0.0,437.7,BID
739,1712371284.57778,1698684.86268411,433.2,3.98797410764071e-07,437.7,BID
740,1712371290.3608248,1698684.86268411,433.2,0.0,437.7,BID
741,1712371320.2939837,1698684.86268411,433.2,0.0,437.7,BID
742,1712371328.9573426,1698849.65131696,434.2,3.086514986369019e-08,437.7,BID
743,1712371350.2909198,1698849.65131696,434.2,0.0,437.7,BID
744,1712371362.0574672,1699059.10205331,434.2,3.922990086048655e-08,437.7,BID
745,1712371362.063336,1699519.65116393,434.2,8.62603601489664e-08,437.7,BID
746,1712371362.19737,1701305.35237637,434.2,-3.344599439050736e-07,437.7,ASK
747,1712371380.3710885,1701305.35237637,434.2,-0.0,437.7,ASK
748,1712371399.9571657,1703515.36043717,434.2,-4.138495167126423e-07,437.7,ASK
749,1712371410.3911202,1703515.36043717,434.2,-0.0,437.7,ASK
750,1712371440.325239,1703515.36043717,434.2,-0.0,437.7,ASK
751,1712371460.7976084,1703538.39129852,434.2,4.3120197621413575e-09,437.7,BID
752,1712371470.2742918,1703538.39129852,434.2,0.0,437.7,BID
753,1712371500.2902305,1703538.39129852,434.2,0.0,437.7,BID
754,1712371525.4769616,1703630.64191852,434.2,1.731611983057461e-08,437.7,BID
755,1712371530.264537,1703630.64191852,434.2,0.0,437.7,BID
756,1712371546.999652,1703630.64191888,434.2,6.756591335436677e-17,437.7,BID
757,1712371560.3156445,1703630.64191888,434.2,0.0,437.7,BID
758,1712371578.0671098,1703642.15469806,434.3,2.1610170747843647e-09,437.7,BID
759,1712371590.265416,1703642.15469806,434.3,0.0,437.7,BID
760,1712371620.3683577,1703642.15469806,434.3,0.0,437.7,BID
761,1712371650.3367264,1703642.15469806,434.3,0.0,437.7,BID
762,1712371655.4870634,1706364.35423526,434.3,5.109725521355628e-07,437.7,BID
763,1712371661.5367875,1706649.93747043,434.3,5.3605620208146e-08,437.7,BID
764,1712371661.5570407,1713443.35246143,434.4,1.275163171630506e-06,437.7,BID
765,1712371661.5636811,1723507.67096662,434.7,1.8891306246387145e-06,437.7,BID
766,1712371661.6769063,1727980.70141337,434.8,8.396136109503018e-07,437.7,BID
767,1712371661.7568133,1732950.73524309,434.9,9.329040121666088e-07,437.7,BID
768,1712371679.386926,1733036.58845618,435.2,1.6115143214941286e-08,437.7,BID
769,1712371680.2836905,1733036.58845618,435.2,0.0,437.7,BID
770,1712371710.3005896,1733036.58845618,435.2,0.0,437.7,BID
771,1712371740.3917265,1733036.58845618,435.2,0.0,437.7,BID
772,1712371750.3267963,1737536.58845618,435.2,8.426551554195789e-07,437.7,BID
773,1712371770.2933002,1737536.58845618,435.2,0.0,437.7,BID
774,1712371784.0168312,1737996.1472797,435.2,-8.602392230581833e-08,437.7,ASK
775,1712371800.331251,1737996.1472797,435.2,-0.0,437.7,ASK
776,1712371830.2718422,1737996.1472797,435.2,-0.0,437.7,ASK
777,1712371833.586892,1738110.0415967,435.2,2.1392709519555483e-08,437.7,BID
778,1712371860.3670433,1738110.0415967,435.2,0.0,437.7,BID
779,1712371890.4708076,1738110.0415967,435.2,0.0,437.7,BID
780,1712371899.697037,1739110.0415967,435.0,-1.8782772412606334e-07,437.7,ASK
781,1712371899.7768278,1739110.04159699,435.0,5.4490134180773736e-17,437.7,BID
782,1712371899.7828553,1739492.09960699,435.0,7.17610865024397e-08,437.7,BID
783,1712371912.5774603,1740864.09960699,434.9,-2.5769963750095894e-07,437.7,ASK
784,1712371920.290859,1740864.09960699,434.9,-0.0,437.7,ASK
785,1712371921.816753,1740894.46397946,434.9,-5.7019880584257915e-09,437.7,ASK
786,1712371950.2661457,1740894.46397946,434.9,-0.0,437.7,ASK
787,1712371980.363678,1740894.46397946,434.9,-0.0,437.7,ASK
788,1712372010.3341014,1740894.46397946,434.9,-0.0,437.7,ASK
789,1712372040.2868688,1740894.46397946,434.9,-0.0,437.7,ASK
790,1712372070.2674527,1740894.46397946,434.9,-0.0,437.7,ASK
791,1712372100.3463085,1740894.46397946,434.9,-0.0,437.7,ASK
792,1712372130.3587704,1740894.46397946,434.9,-0.0,437.7,ASK
793,1712372140.2666328,1741458.24085058,435.0,-1.0653465288727289e-07,437.7,ASK
794,1712372160.2989547,1741458.24085058,435.0,-0.0,437.7,ASK
795,1712372167.6276753,1742243.68934918,435.0,-1.484161727719287e-07,437.7,ASK
796,1712372167.706565,1742442.80484296,435.0,3.7624312197538843e-08,437.7,BID
797,1712372190.281058,1742442.80484296,435.0,0.0,437.7,BID
798,1712372220.4213712,1742442.80484296,435.0,0.0,437.7,BID
799,1712372250.4486127,1742442.80484296,435.0,0.0,437.7,BID
800,1712372255.1172414,1743390.79941456,435.0,-1.791159330837119e-07,437.7,ASK
801,1712372255.1251352,1743505.74194329,435.0,-2.1717464320217174e-08,437.7,ASK
802,1712372280.298927,1743505.74194329,435.0,-0.0,437.7,ASK
803,1712372310.2948132,1743505.74194329,435.0,-0.0,437.7,ASK
804,1712372340.3226206,1743505.74194329,435.0,-0.0,437.7,ASK
805,1712372370.2763417,1743505.74194329,435.0,-0.0,437.7,ASK
806,1712372400.3623064,1743505.74194329,435.0,-0.0,437.7,ASK
807,1712372430.3862462,1743505.74194329,435.0,-0.0,437.7,ASK
808,1712372460.384416,1743505.74194329,435.0,-0.0,437.7,ASK
809,1712372490.3897035,1743505.74194329,435.0,-0.0,437.7,ASK
810,1712372520.3384302,1743505.74194329,435.0,-0.0,437.7,ASK
811,1712372550.3132887,1743505.74194329,435.0,-0.0,437.7,ASK
812,1712372562.796853,1750864.95743876,435.2,1.3917488947790898e-06,437.7,BID
813,1712372566.4969208,1750979.50021321,436.3,2.16619257642196e-08,437.7,BID
814,1712372580.3669767,1750979.50021321,436.3,0.0,437.7,BID
815,1712372610.348805,1750979.50021321,436.3,0.0,437.7,BID
816,1712372640.3097138,1750979.50021321,436.3,0.0,437.7,BID
817,1712372670.3090084,1750979.50021321,436.3,0.0,437.7,BID
818,1712372700.396992,1750979.50021321,436.3,0.0,437.7,BID
819,1712372712.3270173,1751036.81987321,435.1,-1.0879239529443393e-08,437.7,ASK
820,1712372730.3549273,1751036.81987321,435.1,-0.0,437.7,ASK
821,1712372756.07729,1751083.76008871,436.3,8.909184574651196e-09,437.7,BID
822,1712372756.0841994,1755149.21731426,436.3,7.716178636358992e-07,437.7,BID
823,1712372756.1968706,1757535.34461954,436.3,-4.528834892400893e-07,437.7,ASK
824,1712372760.2914488,1757535.34461954,436.3,-0.0,437.7,ASK
825,1712372769.62695,1757558.23839243,436.8,4.3428677119127214e-09,437.7,BID
826,1712372790.2763274,1757558.23839243,436.8,0.0,437.7,BID
827,1712372820.336687,1757558.23839243,436.8,0.0,437.7,BID
828,1712372832.1570015,1759847.6156818,436.7,4.3428594743907226e-07,437.7,BID
829,1712372850.3594618,1759847.6156818,436.7,0.0,437.7,BID
830,1712372857.6786666,1759916.31272782,436.7,1.302909083611462e-08,437.7,BID
831,1712372880.2771416,1759916.31272782,436.7,0.0,437.7,BID
832,1712372910.332749,1759916.31272782,436.7,0.0,437.7,BID
833,1712372940.373377,1759916.31272782,436.7,0.0,437.7,BID
834,1712372970.412811,1759916.31272782,436.7,0.0,437.7,BID
835,1712373000.3173285,1759916.31272782,436.7,0.0,437.7,BID
1036,1712373030.0736716,1759951.57986713,435.5,-6.6925518578156964e-09,437.7,ASK
836,1712373030.0736716,1759951.57986713,435.5,-6.692551857815696e-09,437.7,ASK
837,1712373030.3113437,1759951.57986713,435.5,-0.0,437.7,ASK
838,1712373052.3633027,1760322.57986713,435.5,-7.040348469041606e-08,437.7,ASK
839,1712373060.361792,1760322.57986713,435.5,-0.0,437.7,ASK
840,1712373090.393686,1760322.57986713,435.5,-0.0,437.7,ASK
841,1712373120.2620862,1760322.57986713,435.5,-0.0,437.7,ASK
842,1712373150.2893496,1760322.57986713,435.5,-0.0,437.7,ASK
843,1712373180.361649,1760322.57986713,435.5,-0.0,437.7,ASK
844,1712373210.3658304,1760322.57986713,435.5,-0.0,437.7,ASK
845,1712373240.2583444,1760322.57986713,435.5,-0.0,437.7,ASK
846,1712373243.6502967,1760390.29666929,435.5,-1.2850007206747041e-08,437.7,ASK
847,1712373270.2833078,1760390.29666929,435.5,-0.0,437.7,ASK
848,1712373282.2006984,1760434.5860797,436.7,8.404355195792195e-09,437.7,BID
849,1712373282.2796905,1760849.53891957,436.7,-7.874141975446381e-08,437.7,ASK
850,1712373282.2996562,1761244.69154457,435.6,-7.498413246661705e-08,437.7,ASK
851,1712373300.3186922,1761244.69154457,435.6,-0.0,437.7,ASK
852,1712373330.258484,1761244.69154457,435.6,-0.0,437.7,ASK
853,1712373360.3587108,1761244.69154457,435.6,-0.0,437.7,ASK
854,1712373379.655887,1761324.04260803,435.7,-1.5082692580489153e-08,437.7,ASK
855,1712373390.361712,1761324.04260803,435.7,-0.0,437.7,ASK
856,1712373419.5581656,1762012.58977351,436.9,1.3087508251879176e-07,437.7,BID
857,1712373420.288418,1762012.58977351,436.9,0.0,437.7,BID
858,1712373450.2649393,1762012.58977351,436.9,0.0,437.7,BID
859,1712373480.291561,1762012.58977351,436.9,0.0,437.7,BID
860,1712373495.717514,1762195.69803627,436.9,3.48021748041975e-08,437.7,BID
861,1712373506.577072,1762380.47715266,436.8,-3.511974288782693e-08,437.7,ASK
862,1712373506.58699,1766092.54082366,436.8,-7.055273575049542e-07,437.7,ASK
863,1712373506.6974232,1766548.1333228,436.4,8.659144899060709e-08,437.7,BID
864,1712373506.7073193,1767139.6587365,436.3,1.1242731779767397e-07,437.7,BID
865,1712373510.3092413,1767139.6587365,436.3,0.0,437.7,BID
866,1712373540.3514893,1767139.6587365,436.3,0.0,437.7,BID
867,1712373551.2068918,1768186.77664934,436.0,-1.9893410833532705e-07,437.7,ASK
868,1712373551.2148895,1768597.64072661,436.0,-7.8056996119034e-08,437.7,ASK
869,1712373551.2668617,1779704.17756961,436.0,2.1100479482419664e-06,437.7,BID
870,1712373551.286725,1779704.1775703,436.0,1.3106461401558921e-16,437.7,BID
1070,1712373551.286725,1779704.1775703,436.0,1.310646140155892e-16,437.7,BID
871,1712373557.3067107,1784281.8841393,435.9,-8.696842670323773e-07,437.7,ASK
872,1712373562.3266857,1789127.5666953,435.9,9.205950225216722e-07,437.7,BID
873,1712373562.3852708,1789127.56669565,435.9,6.652756647973206e-17,437.7,BID
874,1712373570.3418436,1789127.56669565,435.9,0.0,437.7,BID
875,1712373600.2955637,1789127.56669565,435.9,0.0,437.7,BID
876,1712373602.181108,1789356.39964759,436.3,4.3418336559469166e-08,437.7,BID
877,1712373608.0261726,1791648.40056439,436.3,4.348799696748721e-07,437.7,BID
878,1712373608.1264005,1792342.56669565,436.3,1.31709784188564e-07,437.7,BID
879,1712373630.2824748,1792342.56669565,436.3,0.0,437.7,BID
880,1712373632.856621,1792872.84359598,436.4,1.0058697698378849e-07,437.7,BID
881,1712373632.8640394,1795560.17629065,436.4,5.097538130331558e-07,437.7,BID
882,1712373632.9175644,1795560.17629145,436.4,1.5175127234859675e-16,437.7,BID
883,1712373660.3791268,1795560.17629145,436.4,0.0,437.7,BID
884,1712373686.7758954,1797777.82897445,436.3,4.205493027668309e-07,437.7,BID
885,1712373690.325773,1797777.82897445,436.3,0.0,437.7,BID
886,1712373702.6563082,1797777.82897523,436.3,1.478865417601025e-16,437.7,BID
887,1712373702.6658049,1799990.22082613,436.9,4.194746860460331e-07,437.7,BID
888,1712373703.7060845,1801137.00981696,436.0,-2.174338834659066e-07,437.7,ASK
889,1712373703.7108543,1805417.00981696,435.8,-8.114980425130163e-07,437.7,ASK
890,1712373703.7202015,1809277.00981696,436.1,-7.31865057032767e-07,437.7,ASK
891,1712373703.7243931,1823211.34330284,436.0,-2.6419823241857807e-06,437.7,ASK
892,1712373703.7307718,1825533.26248021,435.7,-4.402413241376884e-07,437.7,ASK
893,1712373703.7346978,1825785.78773273,435.6,-4.787938039836047e-08,437.7,ASK
894,1712373703.7387793,1830545.78773273,435.7,-9.025071687761582e-07,437.7,ASK
895,1712373703.7427287,1833616.84754046,435.6,-5.822801454236936e-07,437.7,ASK
896,1712373708.2096722,1834190.74754046,435.7,-1.0881278658835153e-07,437.7,ASK
897,1712373708.2181487,1835829.23939214,435.6,-3.1066189960556816e-07,437.7,ASK
898,1712373720.3110778,1835829.23939214,435.6,-0.0,437.7,ASK
899,1712373730.9255166,1836503.05978531,436.1,-1.2735738120642828e-07,437.7,ASK
900,1712373750.2679784,1836503.05978531,436.1,-0.0,437.7,ASK
901,1712373780.3740876,1836503.05978531,436.1,-0.0,437.7,ASK
902,1712373810.3735318,1836503.05978531,436.1,-0.0,437.7,ASK
903,1712373840.2589738,1836503.05978531,436.1,-0.0,437.7,ASK
904,1712373870.2803962,1836503.05978531,436.1,-0.0,437.7,ASK
905,1712373900.3461385,1836503.05978531,436.1,-0.0,437.7,ASK
906,1712373930.363037,1836503.05978531,436.1,-0.0,437.7,ASK
907,1712373960.2941177,1836503.05978531,436.1,-0.0,437.7,ASK
908,1712373983.5644224,1836717.11105562,436.9,4.0652260442337945e-08,437.7,BID
909,1712373990.249128,1836717.11105562,436.9,0.0,437.7,BID
910,1712374020.3542345,1836717.11105562,436.9,0.0,437.7,BID
911,1712374026.194538,1839531.97139383,436.9,5.345840884393055e-07,437.7,BID
912,1712374026.2022204,1839635.72472737,436.9,1.970431018555703e-08,437.7,BID
913,1712374026.2740414,1841333.96033297,436.9,-3.22520347049296e-07,437.7,ASK
914,1712374050.331131,1841333.96033297,436.9,-0.0,437.7,ASK
915,1712374051.964117,1842728.66696226,436.9,-2.647742245532684e-07,437.7,ASK
916,1712374052.9841151,1842751.5554951,437.0,4.34521024468495e-09,437.7,BID
917,1712374066.154301,1842773.1213712,437.0,4.094114132153158e-09,437.7,BID
918,1712374080.2671435,1842773.1213712,437.0,0.0,437.7,BID
919,1712374086.843994,1844220.47981969,437.0,2.747369688607284e-07,437.7,BID
920,1712374086.849962,1845084.76417679,437.0,1.6405809131183966e-07,437.7,BID
921,1712374108.1439476,1845542.43008068,437.0,8.687394841052096e-08,437.7,BID
922,1712374110.2646785,1845542.43008068,437.0,0.0,437.7,BID
923,1712374140.3635712,1845542.43008068,437.0,0.0,437.7,BID
924,1712374140.8138535,1845594.59819971,437.0,9.900256040977836e-09,437.7,BID
925,1712374140.8938968,1846158.87700595,437.0,-1.0708656482426596e-07,437.7,ASK
926,1712374160.4937658,1846204.62266011,437.1,8.681426460559018e-09,437.7,BID
927,1712374165.173916,1846250.36831427,437.1,8.681426460559018e-09,437.7,BID
928,1712374167.0744643,1846296.11396843,437.1,8.681426460603203e-09,437.7,BID
929,1712374170.34279,1846296.11396843,437.1,0.0,437.7,BID
930,1712374200.299258,1846296.11396843,437.1,0.0,437.7,BID
931,1712374230.2770903,1846296.11396843,437.1,0.0,437.7,BID
932,1712374257.132818,1846377.55907285,437.1,1.5493716066366992e-08,437.7,BID
933,1712374257.1366987,1846416.93823921,437.1,7.491298916706974e-09,437.7,BID
934,1712374257.2728748,1848065.81689717,437.1,-3.136745656631993e-07,437.7,ASK
935,1712374257.278833,1848583.91996248,437.1,-9.85613787863439e-08,437.7,ASK
936,1712374260.3353844,1848583.91996248,437.1,-0.0,437.7,ASK
937,1712374290.3656583,1848583.91996248,437.1,-0.0,437.7,ASK
938,1712374320.290014,1848583.91996248,437.1,-0.0,437.7,ASK
939,1712374350.26724,1848583.91996248,437.1,-0.0,437.7,ASK
940,1712374352.5826385,1848796.82181472,436.2,-4.049369786241487e-08,437.7,ASK
941,1712374380.3474414,1848796.82181472,436.2,-0.0,437.7,ASK
942,1712374410.399564,1848796.82181472,436.2,-0.0,437.7,ASK
943,1712374440.2796926,1848796.82181472,436.2,-0.0,437.7,ASK
944,1712374453.052355,1848911.21211442,437.1,2.175652475065464e-08,437.7,BID
945,1712374468.7759886,1849598.97002364,436.1,-1.3080848650321738e-07,437.7,ASK
946,1712374470.270013,1849598.97002364,436.1,-0.0,437.7,ASK
947,1712374481.5922658,1849817.66802868,436.1,-4.159261681721592e-08,437.7,ASK
948,1712374481.6000688,1849911.95957062,436.1,-1.7932637164666222e-08,437.7,ASK
949,1712374481.6068203,1852205.0116229,436.1,-4.3609924715586964e-07,437.7,ASK
950,1712374495.772248,1853104.82010616,437.1,1.711281703108237e-07,437.7,BID
951,1712374495.7800531,1855516.86368117,437.2,4.587293978447429e-07,437.7,BID
952,1712374495.784389,1855758.84551821,437.1,4.6020803083660523e-08,437.7,BID
953,1712374500.3229306,1855758.84551821,437.1,0.0,437.7,BID
954,1712374504.1443882,1855813.49403723,436.0,-1.0444554802948216e-08,437.7,ASK
955,1712374530.341816,1855813.49403723,436.0,-0.0,437.7,ASK
956,1712374535.1326258,1857813.49403723,436.1,-3.822430114399413e-07,437.7,ASK
957,1712374560.2696197,1857813.49403723,436.1,-0.0,437.7,ASK
958,1712374570.4718626,1859421.83263951,436.1,-3.073368634950242e-07,437.7,ASK
959,1712374590.2678003,1859421.83263951,436.1,-0.0,437.7,ASK
960,1712374620.3497252,1859421.83263951,436.1,-0.0,437.7,ASK
961,1712374650.368176,1859421.83263951,436.1,-0.0,437.7,ASK
962,1712374658.391558,1859521.83263951,436.1,-1.9106404356698265e-08,437.7,ASK
963,1712374662.2620032,1859533.83263951,437.4,2.2927685228037913e-09,437.7,BID
964,1712374680.2874758,1859533.83263951,437.4,0.0,437.7,BID
965,1712374710.2846422,1859533.83263951,437.4,0.0,437.7,BID
966,1712374720.6517298,1861820.06949364,437.3,4.368135801773096e-07,437.7,BID
967,1712374722.8414087,1869486.35069102,437.3,1.4647370111387614e-06,437.7,BID
968,1712374740.3297224,1869486.35069102,437.3,0.0,437.7,BID
969,1712374756.501274,1869714.7866674,437.3,4.360923073386639e-08,437.7,BID
970,1712374770.3344488,1869714.7866674,437.3,0.0,437.7,BID
971,1712374785.1212678,1869742.11092691,436.1,-5.2161976975934805e-09,437.7,ASK
972,1712374800.3141673,1869742.11092691,436.1,-0.0,437.7,ASK
973,1712374830.273087,1869742.11092691,436.1,-0.0,437.7,ASK
974,1712374852.9882586,1869764.97852352,437.3,4.408044038836577e-09,437.7,BID
975,1712374860.348884,1869764.97852352,437.3,0.0,437.7,BID
976,1712374871.051504,1869776.97852352,436.1,-2.313160731451837e-09,437.7,ASK
977,1712374890.359361,1869776.97852352,436.1,-0.0,437.7,ASK
978,1712374905.8713803,1870006.28372874,436.1,-4.420160509678664e-08,437.7,ASK
979,1712374905.8778737,1876917.60002216,436.1,-1.3322474437847603e-06,437.7,ASK
980,1712374906.01129,1877604.42841316,436.1,1.3239523838600938e-07,437.7,BID
981,1712374906.0192318,1878190.23174087,436.1,1.1292132392283245e-07,437.7,BID
982,1712374920.2542832,1878190.23174087,436.1,0.0,437.7,BID
983,1712374939.0115948,1878202.23174087,437.0,2.3115235683808588e-09,437.7,BID
984,1712374950.3012905,1878202.23174087,437.0,0.0,437.7,BID
985,1712374980.3313038,1878202.23174087,437.0,0.0,437.7,BID
986,1712375010.3603623,1878202.23174087,437.0,0.0,437.7,BID
987,1712375040.271501,1878202.23174087,437.0,0.0,437.7,BID
988,1712375054.734472,1878225.11503606,437.0,4.407935226889185e-09,437.7,BID
989,1712375070.2593486,1878225.11503606,437.0,0.0,437.7,BID
990,1712375093.625674,1878325.11503606,437.0,1.926263984025342e-08,437.7,BID
991,1712375100.313892,1878325.11503606,437.0,0.0,437.7,BID
992,1712375130.2711654,1878325.11503606,437.0,0.0,437.7,BID
993,1712375147.4664016,1879903.65589606,436.5,-3.045912519142477e-07,437.7,ASK
994,1712375147.5465508,1880616.06578006,436.5,-1.374648093959734e-07,437.7,ASK
995,1712375147.5730865,1880616.06578061,436.5,-1.061611118544105e-16,437.7,ASK
996,1712375147.7065337,1882904.91906511,436.5,4.4165134082998506e-07,437.7,BID
997,1712375160.3425736,1882904.91906511,436.5,0.0,437.7,BID
998,1712375190.3592544,1882904.91906511,436.5,0.0,437.7,BID
999,1712375204.4478953,1883079.62834425,436.0,-3.369846184297182e-08,437.7,ASK
1000,1712375204.454383,1883889.2776666,436.0,-1.5616764564370248e-07,437.7,ASK
1201,1712375204.4673226,1883923.68133632,436.0,-6.6358853807091635e-09,437.7,ASK
1202,1712375220.3637264,1883923.68133632,436.0,-0.0,437.7,ASK
1203,1712375222.5479188,1884221.84647393,436.0,-5.750607981394017e-08,437.7,ASK
1204,1712375224.2835038,1884233.84647393,436.8,-2.3143985353178797e-09,437.7,ASK
1205,1712375250.2586296,1884233.84647393,436.8,-0.0,437.7,ASK
1206,1712375280.3476226,1884233.84647393,436.8,-0.0,437.7,ASK
1207,1712375310.3798995,1884233.84647393,436.8,-0.0,437.7,ASK
1208,1712375340.274591,1884233.84647393,436.8,-0.0,437.7,ASK
1209,1712375370.2786052,1884233.84647393,436.8,-0.0,437.7,ASK
1210,1712375400.3112814,1884233.84647393,436.8,-0.0,437.7,ASK
1211,1712375430.3021965,1884233.84647393,436.8,-0.0,437.7,ASK
1212,1712375460.3592384,1884233.84647393,436.8,-0.0,437.7,ASK
1213,1712375477.570927,1884253.84647393,436.8,3.868120047273773e-09,437.7,BID
1214,1712375490.341776,1884253.84647393,436.8,0.0,437.7,BID
1215,1712375490.5511096,1884707.96345664,436.8,8.78288018363272e-08,437.7,BID
1216,1712375490.5531666,1885514.4286581,436.8,1.559749471253513e-07,437.7,BID
1217,1712375490.671248,1886001.37280176,436.8,-9.417776107741229e-08,437.7,ASK
1218,1712375520.2892964,1886001.37280176,436.8,-0.0,437.7,ASK
1219,1712375550.2739534,1886001.37280176,436.8,-0.0,437.7,ASK
1220,1712375580.345612,1886001.37280176,436.8,-0.0,437.7,ASK
1221,1712375591.3522367,1886500.31694542,436.2,-9.648438516349225e-08,437.7,ASK
1222,1712375610.377735,1886500.31694542,436.2,-0.0,437.7,ASK
1223,1712375623.7924163,1887188.72961981,436.0,-1.3311766288686709e-07,437.7,ASK
1224,1712375623.7950654,1888340.01930885,436.1,-2.22623723258158e-07,437.7,ASK
1225,1712375623.797697,1896652.84711768,436.0,-1.6074431094303932e-06,437.7,ASK
1226,1712375625.4723108,1896669.54711768,436.0,3.229262116950472e-09,437.7,BID
1227,1712375640.32383,1896669.54711768,436.0,0.0,437.7,BID
1228,1712375652.9126232,1901577.48347089,436.0,9.482296989677632e-07,437.7,BID
1229,1712375653.03272,1901785.5006752,436.0,4.0189618778170726e-08,437.7,BID
1230,1712375670.2762122,1901785.5006752,436.0,0.0,437.7,BID
1231,1712375690.18294,1905464.15209656,436.2,7.10421586799043e-07,437.7,BID
1232,1712375700.304171,1905464.15209656,436.2,0.0,437.7,BID
1233,1712375705.1737626,1906381.61777479,436.2,1.7772225518908357e-07,437.7,BID
1234,1712375726.1827157,1906597.92014272,436.8,4.189992666040263e-08,437.7,BID
1235,1712375730.315181,1906597.92014272,436.8,0.0,437.7,BID
1236,1712375749.8931966,1907831.01364163,436.2,-2.3883962634280345e-07,437.7,ASK
1237,1712375760.3795052,1907831.01364163,436.2,-0.0,437.7,ASK
1238,1712375790.3283556,1907831.01364163,436.2,-0.0,437.7,ASK
1239,1712375794.8237972,1907866.47463454,436.9,6.867774445845796e-09,437.7,BID
1240,1712375794.8882492,1907945.39911311,436.9,-1.5285401580573968e-08,437.7,ASK
1241,1712375820.2883203,1907945.39911311,436.9,-0.0,437.7,ASK
1242,1712375833.3039258,1908066.70833718,436.9,-2.3493880380818985e-08,437.7,ASK
1243,1712375850.0138822,1908833.33645691,436.0,-1.4847238105411144e-07,437.7,ASK
1244,1712375850.3209314,1908833.33645691,436.0,-0.0,437.7,ASK
1245,1712375865.804095,1913292.35666017,436.9,8.635108488305857e-07,437.7,BID
1246,1712375865.8070538,1928833.33645691,437.0,3.009585972750396e-06,437.7,BID
1247,1712375867.3469648,1929229.03853296,436.1,-7.662962265211008e-08,437.7,ASK
1248,1712375880.3942084,1929229.03853296,436.1,-0.0,437.7,ASK
1249,1712375897.654168,1934229.03853296,437.0,9.666059641930306e-07,437.7,BID
1250,1712375910.3585637,1934229.03853296,437.0,0.0,437.7,BID
1251,1712375940.2824996,1934229.03853296,437.0,0.0,437.7,BID
1252,1712375970.282614,1934229.03853296,437.0,0.0,437.7,BID
1253,1712375999.494596,1934686.70443685,437.0,8.843916115796013e-08,437.7,BID
1254,1712376000.373729,1934686.70443685,437.0,0.0,437.7,BID
1255,1712376030.3310304,1934686.70443685,437.0,0.0,437.7,BID
1256,1712376034.0152202,1940204.70443685,436.9,1.0726147681491571e-06,437.7,BID
1257,1712376034.0174923,1943134.46530641,437.0,5.695006842761221e-07,437.7,BID
1258,1712376046.7686658,1943159.46530641,436.1,-4.859617470773637e-09,437.7,ASK
1259,1712376057.3956146,1943171.46530641,436.7,2.332616385971346e-09,437.7,BID
1260,1712376060.352194,1943171.46530641,436.7,0.0,437.7,BID
1261,1712376068.4464705,1943183.46530641,437.0,2.3309366311631403e-09,437.7,BID
1262,1712376076.8759956,1943195.46530641,437.2,2.3309366311631403e-09,437.7,BID
1263,1712376090.428021,1943195.46530641,437.2,0.0,437.7,BID
1264,1712376120.2652392,1943195.46530641,437.2,0.0,437.7,BID
1265,1712376150.3201785,1943195.46530641,437.2,0.0,437.7,BID
1266,1712376180.3659236,1943195.46530641,437.2,0.0,437.7,BID
1267,1712376210.340867,1943195.46530641,437.2,0.0,437.7,BID
1268,1712376233.535783,1943933.7711161,437.2,1.434117125031641e-07,437.7,BID
1269,1712376240.3346574,1943933.7711161,437.2,0.0,437.7,BID
1270,1712376270.2980697,1943933.7711161,437.2,0.0,437.7,BID
1271,1712376300.3600223,1943933.7711161,437.2,0.0,437.7,BID
1272,1712376304.3562164,1944507.16561151,436.0,-1.1154783089936653e-07,437.7,ASK
1273,1712376304.3593645,1944696.37478828,436.0,-3.6808642956852735e-08,437.7,ASK
1274,1712376304.3661747,1945020.98638028,436.1,-6.314974988814877e-08,437.7,ASK
1275,1712376330.386229,1945020.98638028,436.1,-0.0,437.7,ASK
1276,1712376360.2761312,1945020.98638028,436.1,-0.0,437.7,ASK
1277,1712376390.280416,1945020.98638028,436.1,-0.0,437.7,ASK
1278,1712376393.5966485,1945735.63129728,436.1,1.390137853068751e-07,437.7,BID
1279,1712376393.5999062,1947350.86207088,436.1,3.141970769551226e-07,437.7,BID
1280,1712376420.3530767,1947350.86207088,436.1,0.0,437.7,BID
1281,1712376450.388368,1947350.86207088,436.1,0.0,437.7,BID
1282,1712376480.298551,1947350.86207088,436.1,0.0,437.7,BID
1283,1712376510.2869256,1947350.86207088,436.1,0.0,437.7,BID
1284,1712376540.3663688,1947350.86207088,436.1,0.0,437.7,BID
1285,1712376553.686877,1948497.38809688,436.1,2.2297986592017418e-07,437.7,BID
1286,1712376553.689374,1948497.38809703,436.1,2.9206639203766067e-17,437.7,BID
1287,1712376570.3704991,1948497.38809703,436.1,0.0,437.7,BID
1288,1712376600.326602,1948497.38809703,436.1,0.0,437.7,BID
1289,1712376630.298211,1948497.38809703,436.1,0.0,437.7,BID
1290,1712376660.368351,1948497.38809703,436.1,0.0,437.7,BID
1291,1712376690.3357198,1948497.38809703,436.1,0.0,437.7,BID
1292,1712376708.8471446,1948520.26615697,437.1,4.462645551826259e-09,437.7,BID
1293,1712376716.2971504,1948520.91764279,437.1,1.2708028143981893e-10,437.7,BID
1294,1712376716.377101,1948605.80792051,437.1,-1.6558887478008055e-08,437.7,ASK
1295,1712376720.3349638,1948605.80792051,437.1,-0.0,437.7,ASK
1296,1712376728.593855,1948619.64959288,437.2,2.699962618736181e-09,437.7,BID
1297,1712376748.3173437,1948678.37137562,437.2,1.1454296422111596e-08,437.7,BID
1298,1712376750.2777183,1948678.37137562,437.2,0.0,437.7,BID
1299,1712376754.3572187,1951880.56716702,437.2,6.246178352971057e-07,437.7,BID
1300,1712376780.3566053,1951880.56716702,437.2,0.0,437.7,BID
1301,1712376810.389905,1951880.56716702,437.2,0.0,437.7,BID
1302,1712376840.276657,1951880.56716702,437.2,0.0,437.7,BID
1303,1712376870.2918372,1951880.56716702,437.2,0.0,437.7,BID
1304,1712376882.0974543,1955781.78913498,437.0,7.607615898511936e-07,437.7,BID
1305,1712376900.350386,1955781.78913498,437.0,0.0,437.7,BID
1306,1712376930.292217,1955781.78913498,437.0,0.0,437.7,BID
1307,1712376960.393154,1955781.78913498,437.0,0.0,437.7,BID
1308,1712376990.3379622,1955781.78913498,437.0,0.0,437.7,BID
1309,1712376993.6269517,1956461.55571755,437.0,1.3275979884967406e-07,437.7,BID
1310,1712376993.7076263,1956659.07631955,437.0,-3.857617609126517e-08,437.7,ASK
1311,1712376998.7668238,1959287.98144612,437.2,5.134305285775849e-07,437.7,BID
1312,1712377002.6883411,1959287.9814469,437.0,-1.5233220226451661e-16,437.7,ASK
1313,1712377002.6937926,1959515.98144612,437.0,-4.4528864481296566e-08,437.7,ASK
1314,1712377003.3466637,1960996.253602,437.0,-2.8910016864083415e-07,437.7,ASK
1315,1712377003.3569252,1963037.13703589,437.0,-3.985886936873073e-07,437.7,ASK
1316,1712377003.4066355,1963864.6404858,437.0,-1.616131101092416e-07,437.7,ASK
1317,1712377003.4165804,1963943.66076032,437.0,-1.5432820646533852e-08,437.7,ASK
1318,1712377003.6266167,1965088.56368032,436.5,-2.2360187343564602e-07,437.7,ASK
1319,1712377020.2719796,1965088.56368032,436.5,-0.0,437.7,ASK
1320,1712377050.2738798,1965088.56368032,436.5,-0.0,437.7,ASK
1321,1712377080.368572,1965088.56368032,436.5,-0.0,437.7,ASK
1322,1712377088.5878403,1965088.56368113,436.5,-1.580725724338574e-16,437.7,ASK
1323,1712377094.0147438,1965161.90771013,436.3,-1.4312869672730372e-08,437.7,ASK
1324,1712377110.4044344,1965161.90771013,436.3,-0.0,437.7,ASK
1325,1712377140.263389,1965161.90771013,436.3,-0.0,437.7,ASK
1326,1712377170.2867885,1965161.90771013,436.3,-0.0,437.7,ASK
1327,1712377200.3090582,1965161.90771013,436.3,-0.0,437.7,ASK
1328,1712377230.2759788,1965161.90771013,436.3,-0.0,437.7,ASK
1329,1712377237.6015286,1965175.77263121,436.9,2.715412784389022e-09,437.7,BID
1330,1712377260.3384798,1965175.77263121,436.9,0.0,437.7,BID
1331,1712377262.4812071,1965290.21529543,436.9,2.2413304990177665e-08,437.7,BID
1332,1712377264.351084,1965633.3716241,436.9,6.72062950142852e-08,437.7,BID
1333,1712377290.348508,1965633.3716241,436.9,0.0,437.7,BID
1334,1712377311.070956,1966035.55792728,436.9,7.876408153555514e-08,437.7,BID
1335,1712377312.2408557,1966481.55149234,436.3,-8.734328654399535e-08,437.7,ASK
1336,1712377312.244357,1966481.55149267,436.3,-6.465726149256573e-17,437.7,ASK
1337,1712377312.4406898,1966817.53578208,436.3,-6.57990929987014e-08,437.7,ASK
1338,1712377320.313065,1966817.53578208,436.3,-0.0,437.7,ASK
1339,1712377324.0658348,1967155.53578208,436.3,-6.618714934339202e-08,437.7,ASK
1340,1712377334.4506164,1967626.53578208,436.3,-9.223120515011137e-08,437.7,ASK
1341,1712377349.43219,1968611.24321808,436.3,-1.9282537907124405e-07,437.7,ASK
1342,1712377350.48216,1968611.24321808,436.3,-0.0,437.7,ASK
1343,1712377352.6000285,1968896.95454363,436.3,-5.5939410178523695e-08,437.7,ASK
1344,1712377360.757059,1969091.50707281,436.9,3.809143270792665e-08,437.7,BID
1345,1712377380.3479328,1969091.50707281,436.9,0.0,437.7,BID
1346,1712377410.3350368,1969091.50707281,436.9,0.0,437.7,BID
1347,1712377436.5190172,1969928.74946197,436.3,-1.6391692878863397e-07,437.7,ASK
1348,1712377440.2804313,1969928.74946197,436.3,-0.0,437.7,ASK
1349,1712377465.1284397,1970028.74946197,436.3,-1.957679268385072e-08,437.7,ASK
1350,1712377469.3391669,1970040.74946197,436.8,2.349215122062084e-09,437.7,BID
1351,1712377470.2560573,1970040.74946197,436.8,0.0,437.7,BID
1352,1712377500.3318503,1970040.74946197,436.8,0.0,437.7,BID
1353,1712377528.6078928,1970616.09705412,436.7,1.1338229094006753e-07,437.7,BID
1354,1712377530.3628514,1970616.09705412,436.7,0.0,437.7,BID
1355,1712377531.9180126,1970937.26608986,436.3,-6.32888337227712e-08,437.7,ASK
1356,1712377534.6087077,1970953.50253312,436.7,3.199516277706161e-09,437.7,BID
1357,1712377560.403026,1970953.50253312,436.7,0.0,437.7,BID
1358,1712377561.357483,1971365.45163509,436.3,-8.117539049980814e-08,437.7,ASK
1359,1712377563.2477374,1971417.6963258,436.3,-1.0294920293902992e-08,437.7,ASK
1360,1712377563.2512212,1971876.51281441,436.3,-9.041070232361937e-08,437.7,ASK
1361,1712377563.94762,1972376.51281441,436.7,9.852599521597297e-08,437.7,BID
1362,1712377564.5675085,1972759.55591095,436.3,-7.547940459442896e-08,437.7,ASK
1363,1712377566.1776989,1973010.88798346,436.3,-4.952548514746557e-08,437.7,ASK
1364,1712377566.1826122,1973046.50304728,436.3,-7.018019215098534e-09,437.7,ASK
1365,1712377572.9674704,1973080.88798346,436.3,-6.7756201151376784e-09,437.7,ASK
1366,1712377572.9713414,1973889.70645698,436.3,-1.593792901052422e-07,437.7,ASK
1367,1712377572.9773176,1974321.52428628,436.3,-8.509056276755758e-08,437.7,ASK
1368,1712377573.04735,1974321.52428658,436.3,-5.913898713578896e-17,437.7,ASK
1369,1712377576.1673925,1976918.04361239,436.2,-5.116493013458785e-07,437.7,ASK
1370,1712377590.2467592,1976918.04361239,436.2,-0.0,437.7,ASK
1371,1712377602.227044,1977428.53811319,436.2,-1.0054240111261586e-07,437.7,ASK
1372,1712377610.2656603,1977730.44569948,436.2,-5.9461000249993065e-08,437.7,ASK
1373,1712377611.415141,1980026.65695091,436.2,-4.522410962680089e-07,437.7,ASK
1374,1712377612.896942,1980358.7816277,436.2,-6.541228636326422e-08,437.7,ASK
1375,1712377612.997055,1984935.44090625,436.2,-9.013776097854336e-07,437.7,ASK
1376,1712377620.3867822,1984935.44090625,436.2,-0.0,437.7,ASK
1377,1712377620.4294372,1984947.44090625,436.7,2.361785230945528e-09,437.7,BID
1378,1712377638.6069517,1988760.09006083,436.2,-7.503882053387053e-07,437.7,ASK
1379,1712377644.5467343,1988818.42361445,436.7,1.1480943784007143e-08,437.7,BID
1380,1712377647.0805252,1989187.9290205,436.2,-7.272436756362062e-08,437.7,ASK
1381,1712377650.345827,1989187.9290205,436.2,-0.0,437.7,ASK
1382,1712377680.2672715,1989187.9290205,436.2,-0.0,437.7,ASK
1383,1712377681.3150864,1990007.65214053,436.2,-1.6127528371482565e-07,437.7,ASK
1384,1712377710.3100066,1990007.65214053,436.2,-0.0,437.7,ASK
1385,1712377734.4067228,1990735.66143782,436.2,-1.432211000213965e-07,437.7,ASK
1386,1712377740.3336248,1990735.66143782,436.2,-0.0,437.7,ASK
1387,1712377749.415832,1991194.16671062,436.2,-9.019600104018105e-08,437.7,ASK
1388,1712377749.4201708,1992874.94022482,436.2,-3.306375272617326e-07,437.7,ASK
1389,1712377752.2266235,1993333.4454972,436.1,-9.01960009575087e-08,437.7,ASK
1390,1712377752.2304597,1993333.44549721,436.2,-1.969479854625102e-18,437.7,ASK
1391,1712377752.2335825,1993448.09809982,436.1,-2.2554170862928377e-08,437.7,ASK
1392,1712377752.2855844,1993448.09810025,436.1,-8.455022817762646e-17,437.7,ASK
1393,1712377770.5186005,1993448.09810025,436.1,-0.0,437.7,ASK
1394,1712377771.255433,1993812.82838643,436.0,-7.17321273599879e-08,437.7,ASK
1395,1712377786.425249,1994108.52132421,436.0,-5.815443432034057e-08,437.7,ASK
1396,1712377789.855419,1994281.82470329,436.0,-3.4083871099016515e-08,437.7,ASK
1397,1712377789.8582258,1994401.26961563,436.0,-2.3491434600108643e-08,437.7,ASK
1398,1712377791.9865372,1994522.44408395,436.0,-2.3831589324132125e-08,437.7,ASK
1399,1712377791.9904368,1994679.53174408,436.0,-3.089469800036498e-08,437.7,ASK
1400,1712377792.0856223,1994980.94935676,436.0,-5.9280315895215824e-08,437.7,ASK
1401,1712377792.0897684,1995439.45462908,436.0,-9.017501379923613e-08,437.7,ASK
1402,1712377792.1856985,1995439.45462957,436.0,-9.639047544225194e-17,437.7,ASK
1403,1712377800.3154478,1995439.45462957,436.0,-0.0,437.7,ASK
1404,1712377821.885062,1995897.95990238,435.9,-9.044833054527376e-08,437.7,ASK
1405,1712377821.8892474,1996356.46517457,435.9,-9.044833042300813e-08,437.7,ASK
1406,1712377821.9689934,1996356.46517519,435.9,-1.2231156582776632e-16,437.7,ASK
1407,1712377821.975191,1996814.970448,435.8,-9.044833054527376e-08,437.7,ASK
1408,1712377821.985181,1997346.90389887,435.8,-1.0493334634419173e-07,437.7,ASK
1409,1712377830.3009856,1997346.90389887,435.8,-0.0,437.7,ASK
1410,1712377842.9251378,1997805.40917168,435.7,-9.043349943424226e-08,437.7,ASK
1411,1712377842.9290085,1998735.37835845,435.7,-1.834229024461021e-07,437.7,ASK
1412,1712377843.0247848,1999206.84227241,435.7,9.29894030118139e-08,437.7,BID
1413,1712377843.12476,2000965.4986938,435.7,3.46869412240668e-07,437.7,BID
1414,1712377860.3684616,2000965.4986938,435.7,0.0,437.7,BID
1415,1712377889.364538,2003254.87598317,436.3,4.5140601617421466e-07,437.7,BID
1416,1712377890.362491,2003254.87598317,436.3,0.0,437.7,BID
1417,1712377920.2790155,2003254.87598317,436.3,0.0,437.7,BID
1418,1712377950.319245,2003254.87598317,436.3,0.0,437.7,BID
1419,1712377980.383525,2003254.87598317,436.3,0.0,437.7,BID
1420,1712378010.3539555,2003254.87598317,436.3,0.0,437.7,BID
1421,1712378040.2732182,2003254.87598317,436.3,0.0,437.7,BID
1422,1712378070.2729309,2003254.87598317,436.3,0.0,437.7,BID
1423,1712378100.346469,2003254.87598317,436.3,0.0,437.7,BID
1424,1712378130.3798096,2003254.87598317,436.3,0.0,437.7,BID
1425,1712378134.2631247,2003808.60248412,435.7,-1.1006607507165256e-07,437.7,ASK
1426,1712378134.322848,2004599.794701,435.7,-1.5726793243559656e-07,437.7,ASK
1427,1712378134.403191,2005180.60369983,435.7,-1.154493540724922e-07,437.7,ASK
1428,1712378134.463204,2005622.32522486,435.7,-8.780247008464075e-08,437.7,ASK
1429,1712378160.2385366,2005622.32522486,435.7,-0.0,437.7,ASK
1430,1712378163.202733,2006759.15927412,435.7,-2.2592599697225578e-07,437.7,ASK
1431,1712378190.2694795,2006759.15927412,435.7,-0.0,437.7,ASK
1432,1712378211.7425492,2007098.81874402,435.7,-6.74947688210716e-08,437.7,ASK
1433,1712378220.3150582,2007098.81874402,435.7,-0.0,437.7,ASK
1434,1712378250.2784803,2007098.81874402,435.7,-0.0,437.7,ASK
1435,1712378256.4804158,2007442.27525321,436.3,6.82472830948015e-08,437.7,BID
1436,1712378259.3822606,2007511.16159076,435.7,-1.3688211620260217e-08,437.7,ASK
1437,1712378280.338621,2007511.16159076,435.7,-0.0,437.7,ASK
1438,1712378310.3578875,2007511.16159076,435.7,-0.0,437.7,ASK
1439,1712378340.2751322,2007511.16159076,435.7,-0.0,437.7,ASK
1440,1712378370.3105388,2007511.16159076,435.7,-0.0,437.7,ASK
1441,1712378400.2495785,2007511.16159076,435.7,-0.0,437.7,ASK
1442,1712378430.277733,2007511.16159076,435.7,-0.0,437.7,ASK
1443,1712378460.3475811,2007511.16159076,435.7,-0.0,437.7,ASK
1444,1712378490.368254,2007511.16159076,435.7,-0.0,437.7,ASK
1445,1712378520.3115375,2007511.16159076,435.7,-0.0,437.7,ASK
1446,1712378550.271235,2007511.16159076,435.7,-0.0,437.7,ASK
1447,1712378580.387983,2007511.16159076,435.7,-0.0,437.7,ASK
1448,1712378610.3196297,2007511.16159076,435.7,-0.0,437.7,ASK
1449,1712378640.294206,2007511.16159076,435.7,-0.0,437.7,ASK
1450,1712378657.13096,2007744.16159076,435.8,-4.658420186264182e-08,437.7,ASK
1451,1712378663.4406734,2009805.79215523,435.8,-4.121863278174052e-07,437.7,ASK
1452,1712378663.44486,2009905.79215523,435.8,-1.999321968353726e-08,437.7,ASK
1453,1712378663.5004268,2012333.42271923,435.8,4.85361511765213e-07,437.7,BID
1454,1712378663.503698,2012333.42271972,435.8,9.798847007063667e-17,437.7,BID
1455,1712378670.2542698,2012333.42271972,435.8,0.0,437.7,BID
1456,1712378700.4061446,2012333.42271972,435.8,0.0,437.7,BID
1457,1712378706.7903647,2012358.6347298,436.3,5.119682233536451e-09,437.7,BID
1458,1712378730.27449,2012358.6347298,436.3,0.0,437.7,BID
1459,1712378760.327043,2012358.6347298,436.3,0.0,437.7,BID
1460,1712378775.260221,2012987.6347298,435.8,-1.277277345795645e-07,437.7,ASK
1461,1712378776.2402256,2013331.22925269,435.8,-6.977193962269934e-08,437.7,ASK
1462,1712378782.6941383,2015241.59025269,435.8,-3.879269996170997e-07,437.7,ASK
1463,1712378788.9100475,2015471.00066792,435.9,-4.658517110698906e-08,437.7,ASK
1464,1712378788.9138105,2019270.96152392,435.8,-7.716381424926833e-07,437.7,ASK
1465,1712378790.3287885,2019270.96152392,435.8,-0.0,437.7,ASK
1466,1712378801.060013,2020679.87308655,435.8,-2.8592538459626186e-07,437.7,ASK
1467,1712378801.120235,2021204.61042808,435.8,-1.0649052088755356e-07,437.7,ASK
1468,1712378801.5601451,2023735.82879308,435.8,-5.136870217452039e-07,437.7,ASK
1469,1712378801.8799834,2025581.82879308,435.8,-3.746283826214301e-07,437.7,ASK
1470,1712378820.24905,2025581.82879308,435.8,-0.0,437.7,ASK
1471,1712378827.0599284,2025663.53685065,435.7,-1.6572633883522406e-08,437.7,ASK
1472,1712378827.0620952,2025894.23169372,435.7,-4.67912380579681e-08,437.7,ASK
1473,1712378829.270136,2025927.28149706,435.7,-6.703406089522418e-09,437.7,ASK
1474,1712378829.2747502,2026995.173273,435.7,-2.165977255634241e-07,437.7,ASK
1475,1712378847.940103,2028222.43871532,435.7,-2.489230739090425e-07,437.7,ASK
1476,1712378847.9436016,2036210.71819639,435.7,-1.6202420561221447e-06,437.7,ASK
1477,1712378850.2900393,2036210.71819639,435.7,-0.0,437.7,ASK
1478,1712378852.4796789,2036582.37288112,435.7,-7.531101870693063e-08,437.7,ASK
1479,1712378861.1498723,2037175.02027504,435.7,-1.200923351807993e-07,437.7,ASK
1480,1712378861.1696494,2037742.61574876,435.7,-1.150158873157689e-07,437.7,ASK
1481,1712378867.8402662,2038640.94874876,435.7,-1.8203557266383786e-07,437.7,ASK
1482,1712378872.5564013,2039056.65219043,435.7,-8.423693002791598e-08,437.7,ASK
1483,1712378872.720007,2039358.78563829,435.7,-6.122343852678811e-08,437.7,ASK
1484,1712378880.3431828,2039358.78563829,435.7,-0.0,437.7,ASK
1485,1712378900.1494966,2039580.01163829,435.7,-4.481613366128344e-08,437.7,ASK
1486,1712378901.4527955,2040023.74966681,435.7,-8.989279197176386e-08,437.7,ASK
1487,1712378902.719396,2040540.32559322,435.7,-1.0464834948962093e-07,437.7,ASK
1488,1712378904.6635602,2041355.96476082,435.7,-1.6523281148928536e-07,437.7,ASK
1489,1712378904.6996686,2042849.55753908,435.7,-3.0257317668821e-07,437.7,ASK
1490,1712378904.8035862,2043568.89097779,435.7,-1.457231226720996e-07,437.7,ASK
1491,1712378904.9657023,2044326.23134698,435.7,-1.534225959547912e-07,437.7,ASK
1492,1712378905.019484,2045477.52102606,435.7,-2.3322915091580746e-07,437.7,ASK
1493,1712378905.3096015,2046113.41485783,435.7,-1.288198627601819e-07,437.7,ASK
1494,1712378906.7946808,2046962.73569078,435.7,-1.7205606922693733e-07,437.7,ASK
1495,1712378910.463037,2046962.73569078,435.7,-0.0,437.7,ASK
1496,1712378919.8997958,2051174.01089801,435.7,-8.525511817851146e-07,437.7,ASK
1497,1712378936.6496286,2051802.65552772,435.7,1.272658982395363e-07,437.7,BID
1498,1712378937.2294502,2052210.99252772,435.7,-8.26657425092889e-08,437.7,ASK
1499,1712378939.5602765,2052391.24552772,435.7,-3.649130028512454e-08,437.7,ASK
1500,1712378940.277667,2052391.24552772,435.7,-0.0,437.7,ASK
1501,1712378940.662347,2052781.24262072,435.7,-7.891513551465685e-08,437.7,ASK
1502,1712378941.1232834,2053650.87253372,435.7,-1.7596788197595917e-07,437.7,ASK
1503,1712378945.3192644,2053696.24953372,435.7,-9.18194563121072e-09,437.7,ASK
1504,1712378961.7393863,2053826.23753372,435.7,-2.6302813070638485e-08,437.7,ASK
1505,1712378964.029352,2055719.53553372,435.7,-3.831050818618057e-07,437.7,ASK
1506,1712378965.5793746,2057623.70153372,435.7,-3.853042000300394e-07,437.7,ASK
1507,1712378966.7393105,2058482.70153372,435.7,-1.7381694023830345e-07,437.7,ASK
1508,1712378967.629311,2060377.61753372,435.7,-3.834324809413737e-07,437.7,ASK
1509,1712378967.7492146,2061347.61753372,435.7,-1.9627756930285722e-07,437.7,ASK
1510,1712378970.2850156,2062536.61953372,435.7,-2.405921880991844e-07,437.7,ASK
1511,1712378970.3195271,2062536.61953372,435.7,-0.0,437.7,ASK
1512,1712378973.3931873,2062833.51108943,435.7,-6.002172911321043e-08,437.7,ASK
1513,1712378990.7791743,2063181.98467681,435.7,-7.044992308660714e-08,437.7,ASK
1514,1712378993.3692985,2063620.98017101,435.7,-8.87504818780539e-08,437.7,ASK
1515,1712379000.305452,2063620.98017101,435.7,-0.0,437.7,ASK
1516,1712379010.3692713,2064041.25628512,435.7,-8.549754216090707e-08,437.7,ASK
1517,1712379012.3866785,2064759.8772971,435.7,-1.4619039295048405e-07,437.7,ASK
1518,1712379012.3892083,2065291.39231997,435.7,-1.081270777741313e-07,437.7,ASK
1519,1712379014.8694687,2066316.58276703,435.7,-2.085563764575388e-07,437.7,ASK
1520,1712379016.0291798,2067228.21857799,435.7,-1.854557481763693e-07,437.7,ASK
1521,1712379016.129167,2067812.11755345,435.7,-1.1878364150622965e-07,437.7,ASK
1522,1712379016.1392517,2068340.42699611,435.7,-1.074749607016638e-07,437.7,ASK
1523,1712379016.7991683,2069144.01708132,435.7,-1.634758076504156e-07,437.7,ASK
1524,1712379030.2745738,2069144.01708132,435.7,-0.0,437.7,ASK
1525,1712379059.8511136,2069570.06461382,435.7,-8.662922430538242e-08,437.7,ASK
1526,1712379060.343119,2069570.06461382,435.7,-0.0,437.7,ASK
1527,1712379090.3196025,2069570.06461382,435.7,-0.0,437.7,ASK
1528,1712379120.292967,2069570.06461382,435.7,-0.0,437.7,ASK
1529,1712379122.3218768,2069830.97393782,435.9,5.304929039209914e-08,437.7,BID
1530,1712379122.4219794,2071207.87320856,435.7,-2.7995752752090933e-07,437.7,ASK
1531,1712379123.2420108,2082071.14110056,435.9,2.208769867534964e-06,437.7,BID
1532,1712379123.2626023,2082182.75985312,435.9,2.2694840977608732e-08,437.7,BID
1533,1712379123.3021293,2093829.62661412,436.0,2.368094813517055e-06,437.7,BID
1534,1712379123.4186945,2102412.02485649,436.0,1.7450129019548458e-06,437.7,BID
1535,1712379124.0922978,2104759.81207257,435.7,-4.773629546667023e-07,437.7,ASK
1536,1712379124.1031482,2107181.68635507,435.9,-4.92426679644326e-07,437.7,ASK
1537,1712379150.27992,2107181.68635507,435.9,-0.0,437.7,ASK
1538,1712379171.493193,2107193.68635507,436.9,2.4317885268267307e-09,437.7,BID
1539,1712379180.3416536,2107193.68635507,436.9,0.0,437.7,BID
1540,1712379210.366529,2107193.68635507,436.9,0.0,437.7,BID
1541,1712379240.2714949,2107193.68635507,436.9,0.0,437.7,BID
1542,1712379262.5253146,2107410.57168353,436.9,4.395155775258092e-08,437.7,BID
1543,1712379262.605759,2107882.03560744,436.9,-9.554161190666016e-08,437.7,ASK
1544,1712379262.6284542,2108252.85325292,436.9,-7.514576148008739e-08,437.7,ASK
1545,1712379262.631689,2108872.58597598,436.9,-1.2558811037215814e-07,437.7,ASK
1546,1712379262.63541,2109191.57523492,436.2,-6.46427996596044e-08,437.7,ASK
1547,1712379262.8456275,2109560.89083354,436.4,7.484137344344445e-08,437.7,BID
1548,1712379262.850849,2109929.28279692,436.4,7.465419984397015e-08,437.7,BID
1549,1712379262.9251473,2109929.28279748,436.4,1.1352195441897854e-16,437.7,BID
1550,1712379262.9456155,2110299.58363148,436.5,7.504103023909684e-08,437.7,BID
1551,1712379270.3190494,2110299.58363148,436.5,0.0,437.7,BID
1552,1712379299.482643,2110299.58363228,436.5,1.6207575281226972e-16,437.7,BID
1553,1712379299.935982,2111131.88406102,436.5,-1.686183642490454e-07,437.7,ASK
1554,1712379299.9400034,2112220.42863228,436.5,-2.205316718338873e-07,437.7,ASK
1555,1712379300.3412778,2112220.42863228,436.5,-0.0,437.7,ASK
1556,1712379330.3679245,2112220.42863228,436.5,-0.0,437.7,ASK
1557,1712379360.2791388,2112220.42863228,436.5,-0.0,437.7,ASK
1558,1712379375.9173226,2112232.42863228,437.1,2.43752342068888e-09,437.7,BID
1559,1712379390.2548623,2112232.42863228,437.1,0.0,437.7,BID
1560,1712379420.3790188,2112232.42863228,437.1,0.0,437.7,BID
1561,1712379450.331611,2112232.42863228,437.1,0.0,437.7,BID
1562,1712379480.2980416,2112232.42863228,437.1,0.0,437.7,BID
1563,1712379510.2932043,2112232.42863228,437.1,0.0,437.7,BID
1564,1712379540.3869658,2112232.42863228,437.1,0.0,437.7,BID
1565,1712379561.4702888,2112461.78643044,436.0,-4.6588700756862384e-08,437.7,ASK
