,time,acc_trade_volume,trade_price,dev,high,ask_bid
0,1712365207.1602566,512670.86535508,427.1,0.0,430.1,ASK
1,1712365230.305283,512670.86535508,427.1,-0.0,430.1,ASK
2,1712365260.2673278,512670.86535508,427.1,-0.0,430.1,ASK
3,1712365290.227965,512670.86535508,427.1,-0.0,430.1,ASK
4,1712365320.306923,512670.86535508,427.1,-0.0,430.1,ASK
5,1712365350.296126,512670.86535508,427.1,-0.0,430.1,ASK
6,1712365380.2469218,512670.86535508,427.1,-0.0,430.1,ASK
7,1712365396.9657602,512694.27907553,427.1,8.655718326848332e-09,430.1,BID
8,1712365410.2586792,512694.27907553,427.1,0.0,430.1,BID
9,1712365440.3171833,512694.27907553,427.1,0.0,430.1,BID
10,1712365470.2923098,512694.27907553,427.1,0.0,430.1,BID
11,1712365489.975521,513865.23926288,427.0,-4.328856708581874e-07,430.1,ASK
12,1712365489.9786868,516127.53312643,427.0,-8.363346656708263e-07,430.1,ASK
13,1712365500.266865,516127.53312643,427.0,-0.0,430.1,ASK
14,1712365530.3223314,516127.53312643,427.0,-0.0,430.1,ASK
15,1712365535.0156603,527148.47468843,427.0,-4.086817539057571e-06,430.1,ASK
16,1712365535.0360093,527746.76763158,427.0,-2.218607257650893e-07,430.1,ASK
17,1712365535.0372615,533092.11528621,427.0,-1.9821773325270864e-06,430.1,ASK
18,1712365535.115835,533159.52360521,426.9,-2.4996548508851013e-08,430.1,ASK
19,1712365560.3043332,533159.52360521,426.9,-0.0,430.1,ASK
20,1712365590.252655,533159.52360521,426.9,-0.0,430.1,ASK
21,1712365597.4476075,533159.52360594,426.9,-2.6998761045797597e-16,430.1,ASK
22,1712365620.324715,533159.52360594,426.9,-0.0,430.1,ASK
23,1712365650.3291292,533159.52360594,426.9,-0.0,430.1,ASK
24,1712365654.9072652,535029.11601634,426.8,6.914230087867684e-07,430.1,BID
25,1712365680.213009,535029.11601634,426.8,0.0,430.1,BID
26,1712365710.228528,535029.11601634,426.8,0.0,430.1,BID
27,1712365718.2096438,536515.32184136,426.8,5.494747110598105e-07,430.1,BID
28,1712365718.267969,537372.13382327,426.8,-3.16777466665e-07,430.1,ASK
29,1712365740.322704,537372.13382327,426.8,-0.0,430.1,ASK
30,1712365770.3461587,537372.13382327,426.8,-0.0,430.1,ASK
31,1712365800.29785,537372.13382327,426.8,-0.0,430.1,ASK
32,1712365830.2513998,537372.13382327,426.8,-0.0,430.1,ASK
33,1712365860.321546,537372.13382327,426.8,-0.0,430.1,ASK
34,1712365890.293288,537372.13382327,426.8,-0.0,430.1,ASK
35,1712365905.796312,538384.91464057,426.5,-3.752896202818156e-07,430.1,ASK
36,1712365906.0259163,539756.0597449,426.5,5.080828119623453e-07,430.1,BID
37,1712365920.2378082,539756.0597449,426.5,0.0,430.1,BID
38,1712365950.2295537,539756.0597449,426.5,0.0,430.1,BID
39,1712365953.7360218,540744.39929734,426.9,3.66094891271293e-07,430.1,BID
40,1712365980.3062465,540744.39929734,426.9,0.0,430.1,BID
41,1712366010.3449006,540744.39929734,426.9,0.0,430.1,BID
42,1712366040.2379963,540744.39929734,426.9,0.0,430.1,BID
43,1712366070.247646,540744.39929734,426.9,0.0,430.1,BID
44,1712366100.2983956,540744.39929734,426.9,0.0,430.1,BID
45,1712366130.2288177,540744.39929734,426.9,0.0,430.1,BID
46,1712366136.9762444,541447.79906234,426.5,-2.626501564366544e-07,430.1,ASK
47,1712366137.1270654,541447.79906287,426.5,-1.9787359373376923e-16,430.1,ASK
48,1712366160.3411272,541447.79906287,426.5,-0.0,430.1,ASK
49,1712366187.0060208,542661.49906287,426.9,4.531459989994232e-07,430.1,BID
50,1712366190.299174,542661.49906287,426.9,0.0,430.1,BID
51,1712366197.5083354,542693.99906287,426.9,1.2131825461001168e-08,430.1,BID
52,1712366203.3464663,546580.70325787,426.9,1.4508559049932625e-06,430.1,BID
53,1712366203.3662548,548233.43074187,426.9,6.16941580630356e-07,430.1,BID
54,1712366203.3764546,548296.72518687,426.9,2.3626989519723723e-08,430.1,BID
55,1712366203.406007,551172.87742203,426.9,1.0736300589609076e-06,430.1,BID
56,1712366203.447997,551272.87742183,427.0,3.732869365149948e-08,430.1,BID
57,1712366203.6565862,551470.90903886,427.1,7.392261580209905e-08,430.1,BID
58,1712366203.7773151,551850.42270086,427.7,-1.4166749253688713e-07,430.1,ASK
59,1712366203.8047795,551850.42270112,427.7,-9.708141650100671e-17,430.1,ASK
60,1712366220.2489042,551850.42270112,427.7,-0.0,430.1,ASK
61,1712366232.1260445,552610.13400956,427.8,2.831756127756997e-07,430.1,BID
62,1712366250.263139,552610.13400956,427.8,0.0,430.1,BID
63,1712366280.342454,552610.13400956,427.8,0.0,430.1,BID
64,1712366283.2459755,552843.88810025,427.8,8.711919812597004e-08,430.1,BID
65,1712366308.606268,552857.93471569,427.8,5.2351163990255805e-09,430.1,BID
66,1712366308.6078317,553091.79813945,427.8,8.715994611612714e-08,430.1,BID
67,1712366310.3526852,553091.79813945,427.8,0.0,430.1,BID
68,1712366340.256089,553091.79813945,427.8,0.0,430.1,BID
69,1712366360.1061594,553676.532033,428.4,2.1791120726852825e-07,430.1,BID
70,1712366370.2707975,553676.532033,428.4,0.0,430.1,BID
71,1712366370.2999697,554253.72099191,428.5,2.1507937843100293e-07,430.1,BID
72,1712366400.283502,554253.72099191,428.5,0.0,430.1,BID
73,1712366430.2820623,554253.72099191,428.5,0.0,430.1,BID
74,1712366460.3008442,554253.72099191,428.5,0.0,430.1,BID
75,1712366484.0256662,554544.66422012,428.1,-1.0971910702864105e-07,430.1,ASK
76,1712366490.313311,554544.66422012,428.1,-0.0,430.1,ASK
77,1712366520.2653348,554544.66422012,428.1,-0.0,430.1,ASK
78,1712366550.2239797,554544.66422012,428.1,-0.0,430.1,ASK
79,1712366567.7562556,555526.31767705,427.3,-3.701790296616066e-07,430.1,ASK
80,1712366567.7579937,555881.56448747,427.3,-1.339626714939648e-07,430.1,ASK
81,1712366580.322384,555881.56448747,427.3,-0.0,430.1,ASK
82,1712366610.3173676,555881.56448747,427.3,-0.0,430.1,ASK
83,1712366640.2779129,555881.56448747,427.3,-0.0,430.1,ASK
84,1712366664.9655726,556752.54411172,427.6,-3.283734698370536e-07,430.1,ASK
85,1712366665.1055405,558579.60521313,427.6,6.888317209382006e-07,430.1,BID
86,1712366670.254025,558579.60521313,427.6,0.0,430.1,BID
87,1712366700.3449168,558579.60521313,427.6,0.0,430.1,BID
88,1712366730.3396778,558579.60521313,427.6,0.0,430.1,BID
89,1712366760.2426753,558579.60521313,427.6,0.0,430.1,BID
90,1712366790.2674184,558579.60521313,427.6,0.0,430.1,BID
91,1712366820.3474689,558579.60521313,427.6,0.0,430.1,BID
92,1712366850.3246126,558579.60521313,427.6,0.0,430.1,BID
93,1712366880.2526813,558579.60521313,427.6,0.0,430.1,BID
94,1712366910.2854557,558579.60521313,427.6,0.0,430.1,BID
95,1712366940.286869,558579.60521313,427.6,0.0,430.1,BID
96,1712366970.3394358,558579.60521313,427.6,0.0,430.1,BID
97,1712367000.2996137,558579.60521313,427.6,0.0,430.1,BID
98,1712367030.2794034,558579.60521313,427.6,0.0,430.1,BID
99,1712367060.330313,558579.60521313,427.6,0.0,430.1,BID
100,1712367062.4961145,561415.96065513,427.6,-1.0733357148222722e-06,430.1,ASK
101,1712367062.5963037,561415.96065561,427.6,-1.8163452574991152e-16,430.1,ASK
102,1712367090.3366818,561415.96065561,427.6,-0.0,430.1,ASK
103,1712367120.2686346,561415.96065561,427.6,-0.0,430.1,ASK
104,1712367150.2703714,561415.96065561,427.6,-0.0,430.1,ASK
105,1712367156.3164954,561415.96065562,427.7,3.786903544177306e-18,430.1,BID
106,1712367156.318392,562171.29044962,427.7,2.857013317963674e-07,430.1,BID
107,1712367172.7758102,571903.27991098,427.0,-3.681097147531165e-06,430.1,ASK
108,1712367172.7857485,572171.29044962,427.0,-1.0137421882883945e-07,430.1,ASK
109,1712367180.336892,572171.29044962,427.0,-0.0,430.1,ASK
110,1712367210.345098,572171.29044962,427.0,-0.0,430.1,ASK
111,1712367240.2914145,572171.29044962,427.0,-0.0,430.1,ASK
112,1712367270.2737234,572171.29044962,427.0,-0.0,430.1,ASK
113,1712367300.3610086,572171.29044962,427.0,-0.0,430.1,ASK
114,1712367330.3332703,572171.29044962,427.0,-0.0,430.1,ASK
115,1712367360.2410889,572171.29044962,427.0,-0.0,430.1,ASK
116,1712367384.715881,572543.89837472,427.7,1.4131417310651377e-07,430.1,BID
117,1712367384.7757745,573040.70894072,427.7,1.8841889717191445e-07,430.1,BID
118,1712367390.2475605,573040.70894072,427.7,0.0,430.1,BID
119,1712367392.2159607,573071.29044962,427.7,1.1596616646518768e-08,430.1,BID
120,1712367392.2258236,573413.31686572,427.7,1.296976301417597e-07,430.1,BID
121,1712367392.235861,573413.31686663,427.7,3.4508226982392872e-16,430.1,BID
122,1712367420.308209,573413.31686663,427.7,0.0,430.1,BID
123,1712367427.9858036,574170.87001325,427.7,-2.8724948128361104e-07,430.1,ASK
124,1712367428.772026,574957.62197405,427.7,-2.983211061124224e-07,430.1,ASK
125,1712367429.8136525,575931.02145627,427.7,-3.690942313380508e-07,430.1,ASK
126,1712367434.4258096,576884.62120464,427.7,-3.615865557335627e-07,430.1,ASK
127,1712367434.7257397,578881.99818464,427.7,-7.573666666063918e-07,430.1,ASK
128,1712367434.8060246,578881.99818531,427.7,-2.540838579459247e-16,430.1,ASK
129,1712367450.3272386,578881.99818531,427.7,-0.0,430.1,ASK
130,1712367480.2628298,578881.99818531,427.7,-0.0,430.1,ASK
131,1712367510.2750762,578881.99818531,427.7,-0.0,430.1,ASK
132,1712367540.3429627,579115.80692975,427.7,-8.857718969139953e-08,430.1,ASK
133,1712367540.3499455,579115.80692975,427.7,-0.0,430.1,ASK
134,1712367549.1658795,582269.70577985,427.7,-1.1947924114066206e-06,430.1,ASK
135,1712367549.1856756,582802.65651407,427.7,-2.0189788042169733e-07,430.1,ASK
136,1712367558.905769,583815.43733137,427.7,3.836720492446441e-07,430.1,BID
137,1712367558.965795,585140.74395854,427.7,-5.020662919736607e-07,430.1,ASK
138,1712367570.323843,585140.74395854,427.7,-0.0,430.1,ASK
139,1712367600.297454,585140.74395854,427.7,-0.0,430.1,ASK
140,1712367630.2633252,585140.74395854,427.7,-0.0,430.1,ASK
141,1712367645.665711,585397.93357743,427.6,9.880542051174105e-08,430.1,BID
142,1712367660.3196657,585397.93357743,427.6,0.0,430.1,BID
143,1712367665.9150858,586897.93357743,427.1,-5.762358138605009e-07,430.1,ASK
144,1712367690.325765,586897.93357743,427.1,-0.0,430.1,ASK
145,1712367720.255658,586897.93357743,427.1,-0.0,430.1,ASK
146,1712367750.2581472,586897.93357743,427.1,-0.0,430.1,ASK
147,1712367780.2975354,586897.93357743,427.1,-0.0,430.1,ASK
148,1712367805.256006,587015.02959616,427.0,-4.497221164327844e-08,430.1,ASK
149,1712367805.2582278,589015.02959616,427.0,-7.681253749018465e-07,430.1,ASK
150,1712367805.2604673,589823.71183843,427.0,-3.10584675260046e-07,430.1,ASK
151,1712367805.335664,589823.71183934,427.0,-3.495041779014127e-16,430.1,ASK
152,1712367810.2663543,589823.71183934,427.0,-0.0,430.1,ASK
153,1712367840.2929778,589823.71183934,427.0,-0.0,430.1,ASK
154,1712367870.2642047,589823.71183934,427.0,-0.0,430.1,ASK
155,1712367900.290974,589823.71183934,427.0,-0.0,430.1,ASK
156,1712367925.5759437,590523.71183934,426.7,-2.7046860694690685e-07,430.1,ASK
157,1712367930.259675,590523.71183934,426.7,-0.0,430.1,ASK
158,1712367960.311687,590523.71183934,426.7,-0.0,430.1,ASK
159,1712367967.3763626,590536.46479934,426.3,-4.926967563306066e-09,430.1,ASK
160,1712367967.3786056,590653.69809359,426.5,-4.529180975328279e-08,430.1,ASK
161,1712367967.380787,590794.543164,426.0,-5.441396298305501e-08,430.1,ASK
162,1712367967.3829567,591869.09536103,426.0,-4.151415686918721e-07,430.1,ASK
163,1712367967.3851085,592019.5810485,426.2,-5.8138510660228895e-08,430.1,ASK
164,1712367967.3872297,595583.8256713,426.0,-1.3770071923918954e-06,430.1,ASK
165,1712367990.3641698,595583.8256713,426.0,-0.0,430.1,ASK
166,1712368017.5056624,595598.8256713,425.9,-5.790264742314272e-09,430.1,ASK
167,1712368017.50748,595784.46011164,425.6,-7.165817032403555e-08,430.1,ASK
168,1712368020.2396538,595784.46011164,425.6,-0.0,430.1,ASK
169,1712368050.240052,595784.46011164,425.6,-0.0,430.1,ASK
170,1712368074.6360128,595796.9712488,426.4,4.829360564890527e-09,430.1,BID
171,1712368080.3458543,595796.9712488,426.4,0.0,430.1,BID
172,1712368110.3333445,595796.9712488,426.4,0.0,430.1,BID
173,1712368140.2735748,595796.9712488,426.4,0.0,430.1,BID
174,1712368170.2540622,595796.9712488,426.4,0.0,430.1,BID
175,1712368200.2877018,595796.9712488,426.4,0.0,430.1,BID
176,1712368230.2417388,595796.9712488,426.4,0.0,430.1,BID
177,1712368242.3288753,596189.9712488,426.4,1.523594798378889e-07,430.1,BID
178,1712368260.3155687,596189.9712488,426.4,0.0,430.1,BID
179,1712368260.7358787,596212.9712488,426.4,8.916133314237308e-09,430.1,BID
180,1712368290.3322043,596212.9712488,426.4,0.0,430.1,BID
181,1712368320.284617,596212.9712488,426.4,0.0,430.1,BID
182,1712368328.7056832,596447.71303283,426.0,-9.099917755024637e-08,430.1,ASK
183,1712368350.289839,596447.71303283,426.0,-0.0,430.1,ASK
184,1712368380.3497891,596447.71303283,426.0,-0.0,430.1,ASK
185,1712368410.3152206,596447.71303283,426.0,-0.0,430.1,ASK
186,1712368440.241164,596447.71303283,426.0,-0.0,430.1,ASK
187,1712368448.9917128,597900.70245145,425.9,5.632389529705202e-07,430.1,BID
188,1712368470.2680795,597900.70245145,425.9,0.0,430.1,BID
189,1712368496.9957438,601000.70245145,425.8,1.201400358442899e-06,430.1,BID
190,1712368500.2544255,601000.70245145,425.8,0.0,430.1,BID
191,1712368501.4757566,601645.20726073,425.8,-2.507961061935703e-07,430.1,ASK
192,1712368505.915922,602900.70245145,425.8,-4.885507456944209e-07,430.1,ASK
193,1712368530.2605286,602900.70245145,425.8,-0.0,430.1,ASK
194,1712368560.3495524,602900.70245145,425.8,-0.0,430.1,ASK
195,1712368560.755803,603913.48326875,425.1,-3.93979290333149e-07,430.1,ASK
196,1712368560.7577844,606536.19510126,425.1,-1.0202544606594634e-06,430.1,ASK
197,1712368560.8756566,607158.32365035,425.1,2.420126448681308e-07,430.1,BID
198,1712368569.885922,609158.32365035,425.1,-7.780149141913704e-07,430.1,ASK
199,1712368590.338567,609158.32365035,425.1,-0.0,430.1,ASK
200,1712368598.7742507,609170.09365035,425.0,-4.5738846936382025e-09,430.1,ASK
201,1712368598.7754374,610658.32365035,425.0,-5.783341051488805e-07,430.1,ASK
202,1712368620.249199,610658.32365035,425.0,-0.0,430.1,ASK
203,1712368650.280686,610658.32365035,425.0,-0.0,430.1,ASK
204,1712368650.2819726,610775.77725617,425.7,4.563179221264179e-08,430.1,BID
205,1712368662.715334,610822.78783755,425.1,-1.82640376712938e-08,430.1,ASK
206,1712368680.3192625,610822.78783755,425.1,-0.0,430.1,ASK
207,1712368710.346865,610822.78783755,425.1,-0.0,430.1,ASK
208,1712368740.0992944,611722.78783755,425.1,3.496486642542457e-07,430.1,BID
209,1712368740.2486048,611722.78783755,425.1,0.0,430.1,BID
210,1712368752.5120215,613084.93283755,425.1,5.291126658526664e-07,430.1,BID
211,1712368757.965087,613878.74517285,425.0,-3.0834908245257133e-07,430.1,ASK
212,1712368757.967096,613901.00308282,425.0,-8.645879903050576e-09,430.1,ASK
213,1712368758.0651689,616344.00366355,425.0,9.489610503652494e-07,430.1,BID
214,1712368758.0851128,623699.54091199,425.0,2.857190623832953e-06,430.1,BID
215,1712368758.2053018,625252.48208815,425.0,6.032256812824295e-07,430.1,BID
216,1712368766.5654795,625627.12531286,424.7,-1.4552670631244882e-07,430.1,ASK
217,1712368766.5752933,638821.42856919,424.6,-5.125205444373224e-06,430.1,ASK
218,1712368766.577298,641006.42856919,424.7,-8.487431036256485e-07,430.1,ASK
219,1712368770.2482986,641006.42856919,424.7,-0.0,430.1,ASK
220,1712368800.40897,641006.42856919,424.7,-0.0,430.1,ASK
221,1712368801.1579516,645648.02556919,425.0,1.7991912045844332e-06,430.1,BID
222,1712368808.1992185,646272.68086687,425.0,2.421309556781445e-07,430.1,BID
223,1712368808.7773204,647055.89826495,425.0,3.035933222774616e-07,430.1,BID
224,1712368808.7785892,648417.89826495,425.0,5.279429516702899e-07,430.1,BID
225,1712368809.5179482,655590.41284692,425.0,2.7802338614562445e-06,430.1,BID
226,1712368809.6046808,658839.15883085,425.0,1.259289679870075e-06,430.1,BID
227,1712368809.6558864,659577.01383085,425.1,2.860097992692159e-07,430.1,BID
228,1712368830.2517018,659577.01383085,425.1,0.0,430.1,BID
229,1712368860.363544,659577.01383085,425.1,0.0,430.1,BID
230,1712368890.3373866,659577.01383085,425.1,0.0,430.1,BID
231,1712368920.2559755,659577.01383085,425.1,0.0,430.1,BID
232,1712368944.6181278,659624.01383085,425.2,1.816272963106768e-08,430.1,BID
233,1712368950.2440205,659624.01383085,425.2,0.0,430.1,BID
234,1712368980.3302886,659624.01383085,425.2,0.0,430.1,BID
235,1712369010.3373132,659624.01383085,425.2,0.0,430.1,BID
236,1712369019.0492637,659636.01383085,425.2,-4.637256859188822e-09,430.1,ASK
237,1712369040.241565,659636.01383085,425.2,-0.0,430.1,ASK
238,1712369070.3041196,659636.01383085,425.2,-0.0,430.1,ASK
239,1712369100.3622663,659636.01383085,425.2,-0.0,430.1,ASK
240,1712369100.5739107,659659.53217515,425.2,-9.109890543063564e-09,430.1,ASK
241,1712369130.333365,659659.53217515,425.2,-0.0,430.1,ASK
242,1712369136.296641,667371.35193064,425.2,-2.9871814459080336e-06,430.1,ASK
243,1712369136.3037343,670823.55332222,425.2,-1.3372138187130336e-06,430.1,ASK
244,1712369160.275396,670823.55332222,425.2,-0.0,430.1,ASK
245,1712369163.901218,677639.78539714,425.2,-2.635428771896199e-06,430.1,ASK
246,1712369163.903441,680206.47415449,425.2,-9.923848433083666e-07,430.1,ASK
247,1712369163.9821534,684157.55599857,425.2,-1.5276467493409687e-06,430.1,ASK
248,1712369190.2389526,684157.55599857,425.2,-0.0,430.1,ASK
249,1712369213.7017672,684282.55599857,425.2,-4.8224302138809184e-08,430.1,ASK
250,1712369220.3373425,684282.55599857,425.2,-0.0,430.1,ASK
251,1712369250.3312263,684282.55599857,425.2,-0.0,430.1,ASK
252,1712369276.0223594,689282.55599857,425.2,-1.9289325328423422e-06,430.1,ASK
253,1712369280.2863884,689282.55599857,425.2,-0.0,430.1,ASK
254,1712369310.2754412,689282.55599857,425.2,-0.0,430.1,ASK
255,1712369340.3896475,689282.55599857,425.2,-0.0,430.1,ASK
256,1712369342.8032205,694282.55599857,425.3,1.927351753408806e-06,430.1,BID
257,1712369370.3568163,694282.55599857,425.3,0.0,430.1,BID
258,1712369400.3144286,694282.55599857,425.3,0.0,430.1,BID
259,1712369430.2905333,694282.55599857,425.3,0.0,430.1,BID
260,1712369457.583921,694920.96231281,425.2,-2.460054719099719e-07,430.1,ASK
261,1712369460.3636358,694920.96231281,425.2,-0.0,430.1,ASK
262,1712369465.3498294,695241.92485912,425.2,-1.236677686124509e-07,430.1,ASK
263,1712369485.1852102,699321.1481678,425.2,-1.571736173132973e-06,430.1,ASK
264,1712369485.1956055,704300.35176793,425.2,-1.918501101684125e-06,430.1,ASK
265,1712369490.3221824,704300.35176793,425.2,-0.0,430.1,ASK
266,1712369494.3743627,704924.79732096,425.2,-2.40231474160685e-07,430.1,ASK
267,1712369494.3774786,705159.98076404,425.2,-9.04778086018201e-08,430.1,ASK
268,1712369520.316658,705159.98076404,425.2,-0.0,430.1,ASK
269,1712369520.6548448,705206.13515265,424.9,-1.7753634162926682e-08,430.1,ASK
270,1712369520.6624455,705229.67010204,424.9,-9.052896032188102e-09,430.1,ASK
271,1712369550.2953656,705229.67010204,424.9,-0.0,430.1,ASK
272,1712369580.349399,705229.67010204,424.9,-0.0,430.1,ASK
273,1712369610.357833,705229.67010204,424.9,-0.0,430.1,ASK
274,1712369624.0750463,705528.18478093,425.1,1.1482461792392736e-07,430.1,BID
275,1712369624.2552788,705528.18478158,424.9,-2.500040754142205e-16,430.1,ASK
276,1712369624.2651794,705820.76560093,424.2,-1.1254214003362025e-07,430.1,ASK
277,1712369624.2681189,705834.18478093,424.4,-5.161730143695495e-09,430.1,ASK
278,1712369640.4299035,705834.18478093,424.4,-0.0,430.1,ASK
279,1712369663.9955297,706152.49169721,424.4,-1.2242567613015884e-07,430.1,ASK
280,1712369666.7254634,707120.12332913,424.4,3.72165827143217e-07,430.1,BID
281,1712369670.2567468,707120.12332913,424.4,0.0,430.1,BID
282,1712369673.1754203,707136.28406445,424.3,-6.2143599158275005e-09,430.1,ASK
283,1712369700.3114212,707136.28406445,424.3,-0.0,430.1,ASK
284,1712369726.7658882,707223.02423845,424.1,3.3416130638980395e-08,430.1,BID
285,1712369730.301576,707223.02423845,424.1,0.0,430.1,BID
286,1712369735.245873,708446.86460945,424.1,4.714704648563121e-07,430.1,BID
287,1712369760.3609753,708446.86460945,424.1,0.0,430.1,BID
288,1712369790.3609667,708446.86460945,424.1,0.0,430.1,BID
289,1712369796.4464018,708529.33397797,424.4,3.176402701969003e-08,430.1,BID
290,1712369801.2162137,708802.08020794,424.4,1.0505135147469033e-07,430.1,BID
291,1712369803.5912774,709174.73235321,424.4,1.4353126528958034e-07,430.1,BID
292,1712369820.2789824,709174.73235321,424.4,0.0,430.1,BID
293,1712369825.376151,709581.0336762,424.4,1.5647301657814864e-07,430.1,BID
294,1712369831.2970598,709816.6604434,424.4,9.074356632420093e-08,430.1,BID
295,1712369843.64672,711690.6604434,424.4,7.217068133314484e-07,430.1,BID
296,1712369845.046608,712250.42623039,424.4,2.1557459036311682e-07,430.1,BID
297,1712369850.319219,712250.42623039,424.4,0.0,430.1,BID
298,1712369851.1465323,712860.25797804,424.4,2.347377747213616e-07,430.1,BID
299,1712369860.4663906,713890.71768586,424.4,3.9664681231468213e-07,430.1,BID
300,1712369880.361214,713890.71768586,424.4,0.0,430.1,BID
301,1712369910.3483615,713890.71768586,424.4,0.0,430.1,BID
302,1712369940.2885978,713890.71768586,424.4,0.0,430.1,BID
303,1712369963.2768772,714424.71768586,424.4,2.054933880557912e-07,430.1,BID
304,1712369970.2860286,714424.71768586,424.4,0.0,430.1,BID
305,1712370000.294456,714424.71768586,424.4,0.0,430.1,BID
306,1712370030.2798307,714424.71768586,424.4,0.0,430.1,BID
307,1712370056.9472425,714859.71768586,424.3,1.685930089450277e-07,430.1,BID
308,1712370060.3440828,714859.71768586,424.3,0.0,430.1,BID
309,1712370090.3626142,714859.71768586,424.3,0.0,430.1,BID
310,1712370102.4972456,715095.56674246,424.0,-9.140151250833634e-08,430.1,ASK
311,1712370102.5072105,719397.53106634,424.0,-1.6671936348950374e-06,430.1,ASK
312,1712370102.5973432,719397.53106675,424.0,1.588529949448098e-16,430.1,BID
313,1712370102.607203,723740.04947675,424.0,1.68291006328867e-06,430.1,BID
314,1712370102.6674223,724016.92587378,424.4,1.0730134701928113e-07,430.1,BID
315,1712370120.281855,724016.92587378,424.4,0.0,430.1,BID
316,1712370150.2796764,724016.92587378,424.4,0.0,430.1,BID
317,1712370171.8077457,724290.58525455,424.4,1.0589527225122689e-07,430.1,BID
318,1712370180.308495,724290.58525455,424.4,0.0,430.1,BID
319,1712370210.2837615,724290.58525455,424.4,0.0,430.1,BID
320,1712370224.6736958,726646.85292655,424.4,9.117406924494276e-07,430.1,BID
321,1712370240.3733397,726646.85292655,424.4,0.0,430.1,BID
322,1712370270.3443391,726646.85292655,424.4,0.0,430.1,BID
323,1712370280.7489338,726660.99053258,424.4,5.468328223955088e-09,430.1,BID
324,1712370284.2479885,726965.03113107,424.4,1.1760080047679421e-07,430.1,BID
325,1712370291.5488207,727902.47240101,424.4,3.62595799022994e-07,430.1,BID
326,1712370294.2182753,728668.43169601,424.4,2.962677572403173e-07,430.1,BID
327,1712370296.881141,729260.69998064,424.4,2.2908527583291405e-07,430.1,BID
328,1712370300.3077152,729260.69998064,424.4,0.0,430.1,BID
329,1712370330.2845447,729260.69998064,424.4,0.0,430.1,BID
330,1712370359.7288015,729284.28488561,424.0,-9.127979929646224e-09,430.1,ASK
331,1712370359.7322688,731642.77545164,424.0,-9.12798019680323e-07,430.1,ASK
332,1712370359.7481785,731642.77545233,424.0,-2.6704571649538036e-16,430.1,ASK
333,1712370360.3378043,731642.77545233,424.0,-0.0,430.1,ASK
334,1712370390.358422,731642.77545233,424.0,-0.0,430.1,ASK
335,1712370420.2638528,731642.77545233,424.0,-0.0,430.1,ASK
336,1712370450.2612424,731642.77545233,424.0,-0.0,430.1,ASK
337,1712370452.8122158,733523.13152419,423.7,-7.274630038136961e-07,430.1,ASK
338,1712370465.858523,735174.07492041,424.0,6.387089446057384e-07,430.1,BID
339,1712370480.3578994,735174.07492041,424.0,0.0,430.1,BID
340,1712370493.2086048,735408.85793927,424.0,9.077914681479773e-08,430.1,BID
341,1712370510.3576455,735408.85793927,424.0,0.0,430.1,BID
342,1712370540.3361497,735408.85793927,424.0,0.0,430.1,BID
343,1712370570.2841578,735408.85793927,424.0,0.0,430.1,BID
344,1712370571.369233,735879.55890953,424.0,1.81990111845962e-07,430.1,BID
345,1712370600.402644,735879.55890953,424.0,0.0,430.1,BID
346,1712370602.9102776,737347.82849004,424.0,5.680553311517964e-07,430.1,BID
347,1712370602.921177,737662.09872303,424.0,1.2158726411142657e-07,430.1,BID
348,1712370630.2776115,737662.09872303,424.0,0.0,430.1,BID
349,1712370631.8897598,745313.52117368,424.0,-2.959375314927763e-06,430.1,ASK
350,1712370660.4807546,745313.52117368,424.0,-0.0,430.1,ASK
351,1712370673.8392732,745502.20041896,424.0,7.288487210991186e-08,430.1,BID
352,1712370690.3531518,745502.20041896,424.0,0.0,430.1,BID
353,1712370693.2594388,749075.63492536,424.0,1.3803387232163889e-06,430.1,BID
354,1712370693.263116,749311.48398197,424.0,9.110327475984392e-08,430.1,BID
355,1712370720.2688065,749311.48398197,424.0,0.0,430.1,BID
356,1712370746.8150454,749747.03308658,424.4,1.681380870222734e-07,430.1,BID
357,1712370750.3168707,749747.03308658,424.4,0.0,430.1,BID
358,1712370780.365194,749747.03308658,424.4,0.0,430.1,BID
359,1712370810.3624766,749747.03308658,424.4,0.0,430.1,BID
360,1712370832.7898014,750356.86483423,424.0,-2.354008449390279e-07,430.1,ASK
361,1712370840.2869108,750356.86483423,424.0,-0.0,430.1,ASK
362,1712370859.4178958,763042.0035233,424.4,4.896095300173555e-06,430.1,BID
363,1712370870.3026168,763042.0035233,424.4,0.0,430.1,BID
364,1712370872.1998668,766850.7385373,424.4,-1.4670128424016513e-06,430.1,ASK
365,1712370872.5596795,766850.73853828,424.4,-3.774611178942898e-16,430.1,ASK
366,1712370900.3565092,766850.73853828,424.4,-0.0,430.1,ASK
367,1712370929.159143,767557.61883988,424.4,2.741874341676971e-07,430.1,BID
368,1712370930.360169,767557.61883988,424.4,0.0,430.1,BID
369,1712370960.2774606,767557.61883988,424.4,0.0,430.1,BID
370,1712370989.7086425,767581.1815166,424.4,9.13851773395267e-09,430.1,BID
371,1712370990.2709987,767581.1815166,424.4,0.0,430.1,BID
372,1712371008.838943,769329.84033499,424.0,-6.781949196791277e-07,430.1,ASK
373,1712371008.8435757,770165.3586126,424.0,-3.240450596851828e-07,430.1,ASK
374,1712371020.424354,770165.3586126,424.0,-0.0,430.1,ASK
375,1712371050.3304348,770165.3586126,424.0,-0.0,430.1,ASK
376,1712371078.6081886,770165.35861329,424.0,-2.6749151225514917e-16,430.1,ASK
377,1712371080.2446034,770165.35861329,424.0,-0.0,430.1,ASK
378,1712371090.693106,770165.35861334,423.7,-1.9361204447012986e-17,430.1,ASK
379,1712371090.6948454,770645.16303234,423.7,-1.860069532613527e-07,430.1,ASK
380,1712371090.7441542,770657.16303234,423.6,-4.652069365655415e-09,430.1,ASK
381,1712371090.7486446,773018.43812088,423.5,-9.15401291940202e-07,430.1,ASK
382,1712371090.7503345,773421.34180359,423.6,-1.561946566370413e-07,430.1,ASK
383,1712371110.262622,773421.34180359,423.6,-0.0,430.1,ASK
384,1712371121.8578782,790974.48168396,423.7,-6.801232629180367e-06,430.1,ASK
385,1712371140.459993,790974.48168396,423.7,-0.0,430.1,ASK
386,1712371170.350427,790974.48168396,423.7,-0.0,430.1,ASK
387,1712371184.2681732,791210.49773305,423.6,9.118526257358425e-08,430.1,BID
388,1712371191.9277563,795939.10963106,423.6,1.826908463178536e-06,430.1,BID
389,1712371200.3011954,795939.10963106,423.6,0.0,430.1,BID
390,1712371219.8197525,804143.40671406,423.6,3.2372269735388595e-06,430.1,BID
391,1712371219.8215694,808832.10667612,423.6,1.8500531897439624e-06,430.1,BID
392,1712371230.2561915,808832.10667612,423.6,0.0,430.1,BID
393,1712371260.3593943,808832.10667612,423.6,0.0,430.1,BID
394,1712371290.3534791,808832.10667612,423.6,0.0,430.1,BID
395,1712371320.2885196,808832.10667612,423.6,0.0,430.1,BID
396,1712371350.2853377,808832.10667612,423.6,0.0,430.1,BID
397,1712371364.837278,809130.621355,424.0,-1.1753374611078637e-07,430.1,ASK
398,1712371364.847294,815016.82919447,424.0,-2.31756796803188e-06,430.1,ASK
399,1712371364.850254,815433.2962206,423.9,-1.639749505663797e-07,430.1,ASK
400,1712371364.853187,820736.86858087,423.9,-2.088167756476571e-06,430.1,ASK
401,1712371380.354643,820736.86858087,423.9,-0.0,430.1,ASK
402,1712371386.9673629,820749.42978614,424.8,4.935896455629519e-09,430.1,BID
403,1712371410.3854456,820749.42978614,424.8,0.0,430.1,BID
404,1712371440.3197188,820749.42978614,424.8,0.0,430.1,BID
405,1712371470.26501,820749.42978614,424.8,0.0,430.1,BID
406,1712371500.2845173,820749.42978614,424.8,0.0,430.1,BID
407,1712371530.2589493,820749.42978614,424.8,0.0,430.1,BID
408,1712371540.5268784,826631.70470414,424.8,2.324734416123313e-06,430.1,BID
409,1712371546.807014,826631.70470442,424.8,1.1065046688836695e-16,430.1,BID
410,1712371560.3059838,826631.70470442,424.8,0.0,430.1,BID
411,1712371590.2589333,826631.70470442,424.8,0.0,430.1,BID
412,1712371590.967292,826866.77757701,425.4,9.28115160363585e-08,430.1,BID
413,1712371620.3473768,826866.77757701,425.4,0.0,430.1,BID
414,1712371635.70699,826913.90293046,424.4,-1.8605306391131693e-08,430.1,ASK
415,1712371650.3310184,826913.90293046,424.4,-0.0,430.1,ASK
416,1712371659.5570452,826926.44231442,425.4,4.9505673976904805e-09,430.1,BID
417,1712371672.2069306,827691.61087517,425.4,3.020896834073568e-07,430.1,BID
418,1712371680.2770967,827691.61087517,425.4,0.0,430.1,BID
419,1712371710.2947898,827691.61087517,425.4,0.0,430.1,BID
420,1712371740.3859887,827691.61087517,425.4,0.0,430.1,BID
421,1712371770.2875376,827691.61087517,425.4,0.0,430.1,BID
422,1712371800.324459,827691.61087517,425.4,0.0,430.1,BID
423,1712371821.326951,832691.61087517,425.8,1.978411674131612e-06,430.1,BID
424,1712371830.266044,832691.61087517,425.8,0.0,430.1,BID
425,1712371860.3521798,832691.61087517,425.8,0.0,430.1,BID
426,1712371890.4637735,832691.61087517,425.8,0.0,430.1,BID
427,1712371920.2814157,832691.61087517,425.8,0.0,430.1,BID
428,1712371950.2589283,832691.61087517,425.8,0.0,430.1,BID
429,1712371980.3605704,832691.61087517,425.8,0.0,430.1,BID
430,1712372010.3309245,832691.61087517,425.8,0.0,430.1,BID
431,1712372033.3575523,832703.61087517,425.9,4.7441914745308815e-09,430.1,BID
432,1712372040.2836378,832703.61087517,425.9,0.0,430.1,BID
433,1712372070.2642715,832703.61087517,425.9,0.0,430.1,BID
434,1712372084.416654,833408.00157721,425.9,2.7847980093042096e-07,430.1,BID
435,1712372100.343083,833408.00157721,425.9,0.0,430.1,BID
436,1712372130.3360488,833408.00157721,425.9,0.0,430.1,BID
437,1712372160.295679,833408.00157721,425.9,0.0,430.1,BID
438,1712372180.676896,833420.00157721,425.4,-4.7716472846093805e-09,430.1,ASK
439,1712372180.68113,834089.41984544,425.0,-2.6618565515560444e-07,430.1,ASK
440,1712372180.685263,834156.33568935,425.4,-2.6608233740903346e-08,430.1,ASK
441,1712372190.2776687,834156.33568935,425.4,-0.0,430.1,ASK
442,1712372207.9766366,834870.60182778,425.1,-2.839829224289532e-07,430.1,ASK
443,1712372208.0567276,838862.2180423,425.1,1.5870146669780607e-06,430.1,BID
444,1712372220.4172103,838862.2180423,425.1,0.0,430.1,BID
445,1712372250.445233,838862.2180423,425.1,0.0,430.1,BID
446,1712372275.3056304,838979.83742598,425.1,-4.6726771802693375e-08,430.1,ASK
447,1712372280.2757711,838979.83742598,425.1,-0.0,430.1,ASK
448,1712372285.0169036,839003.36130272,425.1,-9.345168733896738e-09,430.1,ASK
449,1712372310.2853725,839003.36130272,425.1,-0.0,430.1,ASK
450,1712372340.3185852,839003.36130272,425.1,-0.0,430.1,ASK
451,1712372370.2697816,839003.36130272,425.1,-0.0,430.1,ASK
452,1712372394.3471076,839193.31372831,425.1,-7.54607939937715e-08,430.1,ASK
453,1712372400.358524,839193.31372831,425.1,-0.0,430.1,ASK
454,1712372418.9167542,839631.31372831,425.9,1.7405838953872613e-07,430.1,BID
455,1712372430.3827,839631.31372831,425.9,0.0,430.1,BID
456,1712372460.3716586,839631.31372831,425.9,0.0,430.1,BID
457,1712372490.383035,839631.31372831,425.9,0.0,430.1,BID
458,1712372520.3348813,839631.31372831,425.9,0.0,430.1,BID
459,1712372550.3067522,839631.31372831,425.9,0.0,430.1,BID
460,1712372580.363624,839631.31372831,425.9,0.0,430.1,BID
461,1712372610.3418548,839631.31372831,425.9,0.0,430.1,BID
462,1712372629.5271077,839980.67415023,425.9,1.3882329879756108e-07,430.1,BID
463,1712372640.30556,839980.67415023,425.9,0.0,430.1,BID
464,1712372670.3007946,839980.67415023,425.9,0.0,430.1,BID
465,1712372690.1671536,842502.24754443,425.9,1.00192356995172e-06,430.1,BID
466,1712372698.6767936,843831.43898756,425.5,-5.281417701001137e-07,430.1,ASK
467,1712372700.3843234,843831.43898756,425.5,-0.0,430.1,ASK
468,1712372704.3670485,843891.19708756,425.5,-2.383745618328028e-08,430.1,ASK
469,1712372710.2468193,844293.22331924,425.9,1.6036792806676398e-07,430.1,BID
470,1712372717.6370194,844865.8725694,425.9,2.2842930764334565e-07,430.1,BID
471,1712372717.641454,845687.29300924,425.9,3.276639274465378e-07,430.1,BID
472,1712372717.7408051,846468.81245802,425.9,3.117474554359024e-07,430.1,BID
473,1712372717.7493768,849561.81058302,425.9,1.2337943689588826e-06,430.1,BID
474,1712372730.3463938,849561.81058302,425.9,0.0,430.1,BID
475,1712372750.4869492,851764.53522899,425.9,8.778104469563602e-07,430.1,BID
476,1712372755.8269384,851787.99839182,426.2,9.350333228657856e-09,430.1,BID
477,1712372760.2849495,851787.99839182,426.2,0.0,430.1,BID
478,1712372790.272762,851787.99839182,426.2,0.0,430.1,BID
479,1712372792.9970632,852187.99839182,426.2,1.5934427354149618e-07,430.1,BID
480,1712372804.2580428,909060.19571701,426.2,2.265564741872753e-05,430.1,BID
481,1712372804.6569726,914217.69535801,426.2,2.054545083964205e-06,430.1,BID
482,1712372814.807233,914217.69535889,426.2,3.505507960508605e-16,430.1,BID
483,1712372818.4773414,914993.30202955,426.1,-3.089712037256272e-07,430.1,ASK
484,1712372818.4820597,915513.50180677,426.2,-2.0722713899393321e-07,430.1,ASK
485,1712372818.486461,919217.69535889,426.1,-1.4756050765491415e-06,430.1,ASK
486,1712372820.3330116,919217.69535889,426.1,-0.0,430.1,ASK
487,1712372850.348628,919217.69535889,426.1,-0.0,430.1,ASK
488,1712372860.9872105,919415.07156165,426.1,-7.773697650448538e-08,430.1,ASK
489,1712372861.087098,924443.41009965,426.1,1.980420280252041e-06,430.1,BID
490,1712372861.107216,925676.72131365,426.1,4.85741865152802e-07,430.1,BID
491,1712372867.0470383,929129.95626578,426.1,1.3600628676830425e-06,430.1,BID
492,1712372880.2732146,929129.95626578,426.1,0.0,430.1,BID
493,1712372910.3283234,929129.95626578,426.1,0.0,430.1,BID
494,1712372940.3640132,929129.95626578,426.1,0.0,430.1,BID
495,1712372970.3404818,929129.95626578,426.1,0.0,430.1,BID
496,1712373000.3105924,929129.95626578,426.1,0.0,430.1,BID
497,1712373018.1939087,930244.63038802,426.1,-4.386936201473041e-07,430.1,ASK
498,1712373018.1984754,931476.82319842,426.1,-4.849445357425478e-07,430.1,ASK
499,1712373030.3076186,931476.82319842,426.1,-0.0,430.1,ASK
500,1712373034.743576,931500.29186774,426.1,-9.232747895634197e-09,430.1,ASK
501,1712373049.403746,931547.19618293,426.4,1.8452504122086085e-08,430.1,BID
502,1712373060.3479326,931547.19618293,426.4,0.0,430.1,BID
503,1712373071.2678618,931781.19074414,426.4,9.205410267512922e-08,430.1,BID
504,1712373090.3892813,931781.19074414,426.4,0.0,430.1,BID
505,1712373120.2581456,931781.19074414,426.4,0.0,430.1,BID
506,1712373150.2854755,931781.19074414,426.4,0.0,430.1,BID
507,1712373180.3373942,931781.19074414,426.4,0.0,430.1,BID
508,1712373210.35531,931781.19074414,426.4,0.0,430.1,BID
509,1712373240.2544403,931781.19074414,426.4,0.0,430.1,BID
510,1712373270.2793038,931781.19074414,426.4,0.0,430.1,BID
511,1712373300.314747,931781.19074414,426.4,0.0,430.1,BID
512,1712373330.2530415,931781.19074414,426.4,0.0,430.1,BID
513,1712373343.2390876,933966.19074414,427.3,8.615238619757394e-07,430.1,BID
514,1712373343.2428465,934978.97156144,427.3,3.993294467072365e-07,430.1,BID
515,1712373343.379028,935725.14668544,427.3,-2.94209462031422e-07,430.1,ASK
516,1712373343.3835847,935725.14668566,427.3,-8.675366213505496e-17,430.1,ASK
517,1712373360.354296,935725.14668566,427.3,-0.0,430.1,ASK
518,1712373390.3575497,935725.14668566,427.3,-0.0,430.1,ASK
519,1712373418.788123,938925.14668492,426.9,-1.260890475765707e-06,430.1,ASK
520,1712373418.8021154,938948.04156066,427.0,-9.021228365982813e-09,430.1,ASK
521,1712373420.2633567,938948.04156066,427.0,-0.0,430.1,ASK
522,1712373435.5578349,939585.11949652,427.4,2.508907048959265e-07,430.1,BID
523,1712373437.6280751,940222.19743238,427.5,2.508907048959265e-07,430.1,BID
524,1712373439.5781803,940859.27536824,427.5,2.5089070489588065e-07,430.1,BID
525,1712373450.2600937,940859.27536824,427.5,0.0,430.1,BID
526,1712373480.2874055,940859.27536824,427.5,0.0,430.1,BID
527,1712373510.3051174,940859.27536824,427.5,0.0,430.1,BID
528,1712373540.3472538,940859.27536824,427.5,0.0,430.1,BID
529,1712373570.336885,940859.27536824,427.5,0.0,430.1,BID
530,1712373600.291168,940859.27536824,427.5,0.0,430.1,BID
531,1712373630.274654,940859.27536824,427.5,0.0,430.1,BID
532,1712373644.5861154,941590.85710124,427.3,2.8870160184921577e-07,430.1,BID
533,1712373660.361909,941590.85710124,427.3,0.0,430.1,BID
534,1712373690.3183055,941590.85710124,427.3,0.0,430.1,BID
535,1712373693.845708,944794.34111924,427.3,1.264024029319136e-06,430.1,BID
536,1712373693.941213,945493.03898306,427.3,2.756907429973075e-07,430.1,BID
537,1712373720.3065906,945493.03898306,427.3,0.0,430.1,BID
538,1712373750.263537,945493.03898306,427.3,0.0,430.1,BID
539,1712373780.3344803,945493.03898306,427.3,0.0,430.1,BID
540,1712373810.367645,945493.03898306,427.3,0.0,430.1,BID
541,1712373840.2566369,945493.03898306,427.3,0.0,430.1,BID
542,1712373870.275736,945493.03898306,427.3,0.0,430.1,BID
543,1712373900.3258872,945493.03898306,427.3,0.0,430.1,BID
544,1712373900.710925,945691.34894657,427.6,-7.83541582466277e-08,430.1,ASK
545,1712373930.352985,945691.34894657,427.6,-0.0,430.1,ASK
546,1712373931.6148643,945703.80922694,428.0,4.923010690177502e-09,430.1,BID
547,1712373960.2790618,945703.80922694,428.0,0.0,430.1,BID
548,1712373960.3885562,947703.80922694,427.9,7.901909380781698e-07,430.1,BID
549,1712373990.244529,947703.80922694,427.9,0.0,430.1,BID
550,1712374010.6643355,948834.89026375,427.4,-4.467339418719599e-07,430.1,ASK
551,1712374010.7843509,951171.88488866,427.9,9.230238921378682e-07,430.1,BID
552,1712374020.3404374,951171.88488866,427.9,0.0,430.1,BID
553,1712374021.7942874,951834.89026375,427.9,2.617085442087924e-07,430.1,BID
554,1712374021.799375,952106.68273862,427.9,1.0728482090432565e-07,430.1,BID
555,1712374034.7441497,952118.81459862,427.9,4.788817011831121e-09,430.1,BID
556,1712374034.7488031,954166.80496343,427.9,8.084045726708448e-07,430.1,BID
557,1712374050.326202,954166.80496343,427.9,0.0,430.1,BID
558,1712374055.584202,954190.17490967,427.9,-9.220170030149736e-09,430.1,ASK
559,1712374080.262384,954190.17490967,427.9,-0.0,430.1,ASK
560,1712374110.2598867,954190.17490967,427.9,-0.0,430.1,ASK
561,1712374121.7436306,955370.35325867,427.4,-4.656151966045979e-07,430.1,ASK
562,1712374140.3496954,955370.35325867,427.4,-0.0,430.1,ASK
563,1712374170.3371174,955370.35325867,427.4,-0.0,430.1,ASK
564,1712374200.2943454,955370.35325867,427.4,-0.0,430.1,ASK
565,1712374230.270568,955370.35325867,427.4,-0.0,430.1,ASK
566,1712374232.883495,955398.82246434,427.4,-1.1237023325552071e-08,430.1,ASK
567,1712374252.4630084,955422.21975025,427.4,9.235096004153688e-09,430.1,BID
568,1712374260.3305805,955422.21975025,427.4,0.0,430.1,BID
569,1712374286.272863,955843.37089671,427.3,-1.6623027362756238e-07,430.1,ASK
570,1712374290.3597937,955843.37089671,427.3,-0.0,430.1,ASK
571,1712374320.2843485,955843.37089671,427.3,-0.0,430.1,ASK
572,1712374350.2622297,955843.37089671,427.3,-0.0,430.1,ASK
573,1712374361.462737,955890.27498076,427.3,-1.8511940468219903e-08,430.1,ASK
574,1712374361.4679277,956124.30259602,427.3,-9.236520378477097e-08,430.1,ASK
575,1712374380.341442,956124.30259602,427.3,-0.0,430.1,ASK
576,1712374405.3326926,956264.71916517,427.3,5.541649675653857e-08,430.1,BID
577,1712374410.385602,956264.71916517,427.3,0.0,430.1,BID
578,1712374440.274639,956264.71916517,427.3,0.0,430.1,BID
579,1712374470.2649758,956264.71916517,427.3,0.0,430.1,BID
580,1712374500.317935,956264.71916517,427.3,0.0,430.1,BID
581,1712374530.3367426,956264.71916517,427.3,0.0,430.1,BID
582,1712374540.4120665,956684.80649817,427.1,-1.659673551141053e-07,430.1,ASK
583,1712374560.263751,956684.80649817,427.1,-0.0,430.1,ASK
584,1712374590.2627485,956684.80649817,427.1,-0.0,430.1,ASK
585,1712374620.3263144,956684.80649817,427.1,-0.0,430.1,ASK
586,1712374625.861992,956928.05395127,427.3,9.60949587544392e-08,430.1,BID
587,1712374625.8650565,957101.05063017,427.3,6.83423752713643e-08,430.1,BID
588,1712374630.361873,957101.05063034,427.1,-6.714525103509471e-17,430.1,ASK
589,1712374630.4822314,957569.96934932,427.1,1.852464409609245e-07,430.1,BID
590,1712374650.3631694,957569.96934932,427.1,0.0,430.1,BID
591,1712374680.2814307,957569.96934932,427.1,0.0,430.1,BID
592,1712374710.2794473,957569.96934932,427.1,0.0,430.1,BID
593,1712374738.6813412,957593.43294098,427.1,9.267912473470156e-09,430.1,BID
594,1712374738.8014212,957815.76887065,427.1,8.78207380079135e-08,430.1,BID
595,1712374740.323669,957815.76887065,427.1,0.0,430.1,BID
596,1712374745.211614,957839.23246231,427.0,-9.267528180978485e-09,430.1,ASK
597,1712374770.3268132,957839.23246231,427.0,-0.0,430.1,ASK
598,1712374800.307856,957839.23246231,427.0,-0.0,430.1,ASK
599,1712374830.2677276,957839.23246231,427.0,-0.0,430.1,ASK
600,1712374860.3325908,957839.23246231,427.0,-0.0,430.1,ASK
601,1712374890.3442848,957839.23246231,427.0,-0.0,430.1,ASK
602,1712374902.732471,958294.37833821,427.1,-1.7991376984330985e-07,430.1,ASK
603,1712374902.7413025,958541.80857472,427.0,-9.780623967141373e-08,430.1,ASK
604,1712374920.249109,958541.80857472,427.0,-0.0,430.1,ASK
605,1712374950.2952964,958541.80857472,427.0,-0.0,430.1,ASK
606,1712374980.325978,958541.80857472,427.0,-0.0,430.1,ASK
607,1712374999.693481,958889.25411676,427.0,-1.3732481712128566e-07,430.1,ASK
608,1712375010.3301084,958889.25411676,427.0,-0.0,430.1,ASK
609,1712375040.2661197,958889.25411676,427.0,-0.0,430.1,ASK
610,1712375049.734415,959263.96137672,427.0,-1.480910894006111e-07,430.1,ASK
611,1712375070.2541432,959263.96137672,427.0,-0.0,430.1,ASK
612,1712375100.3086784,959263.96137672,427.0,-0.0,430.1,ASK
613,1712375130.262682,959263.96137672,427.0,-0.0,430.1,ASK
614,1712375136.1964557,960702.58500348,427.0,-5.687479288883325e-07,430.1,ASK
615,1712375136.201752,961092.83574099,427.0,-1.5428239504578288e-07,430.1,ASK
616,1712375136.25641,962030.04286376,426.8,-3.7051706930139044e-07,430.1,ASK
617,1712375136.261881,963632.73717247,426.8,-6.336119133347007e-07,430.1,ASK
618,1712375152.3068788,963934.95754255,426.7,1.1948031879473258e-07,430.1,BID
619,1712375152.31258,963945.6967225,426.7,4.245645797061727e-09,430.1,BID
620,1712375160.3225555,963945.6967225,426.7,0.0,430.1,BID
621,1712375190.3449943,963945.6967225,426.7,0.0,430.1,BID
622,1712375220.3582697,963945.6967225,426.7,0.0,430.1,BID
623,1712375250.2533593,963945.6967225,426.7,0.0,430.1,BID
624,1712375280.3420188,963945.6967225,426.7,0.0,430.1,BID
625,1712375300.384823,964045.6967225,426.7,3.950296039799632e-08,430.1,BID
626,1712375308.980703,964285.6967225,426.0,-9.480710495519118e-08,430.1,ASK
627,1712375308.9859853,966463.38908247,425.7,-8.602529505491215e-07,430.1,ASK
628,1712375308.9901645,966563.38908247,426.0,-3.950296039799632e-08,430.1,ASK
629,1712375308.9938705,967563.38908247,426.2,-3.950296039799633e-07,430.1,ASK
630,1712375310.3719027,967563.38908247,426.2,-0.0,430.1,ASK
631,1712375340.2690468,967563.38908247,426.2,-0.0,430.1,ASK
632,1712375370.2731042,967563.38908247,426.2,-0.0,430.1,ASK
633,1712375400.3058493,967563.38908247,426.2,-0.0,430.1,ASK
634,1712375430.2735777,967563.38908247,426.2,-0.0,430.1,ASK
635,1712375460.3463216,967563.38908247,426.2,-0.0,430.1,ASK
636,1712375490.322205,967563.38908247,426.2,-0.0,430.1,ASK
637,1712375520.2791417,967563.38908247,426.2,-0.0,430.1,ASK
638,1712375550.2683084,967563.38908247,426.2,-0.0,430.1,ASK
639,1712375580.328625,967563.38908247,426.2,-0.0,430.1,ASK
640,1712375608.3820477,968032.65233915,426.4,-1.858527445801933e-07,430.1,ASK
641,1712375610.3466768,968032.65233915,426.4,-0.0,430.1,ASK
642,1712375640.3182223,968032.65233915,426.4,-0.0,430.1,ASK
643,1712375670.2706668,968032.65233915,426.4,-0.0,430.1,ASK
644,1712375678.6127698,970714.55145562,426.5,1.0620878738605426e-06,430.1,BID
645,1712375678.6326156,973544.15291866,426.5,1.1205810775270542e-06,430.1,BID
646,1712375700.2983055,973544.15291866,426.5,0.0,430.1,BID
647,1712375730.3085127,973544.15291866,426.5,0.0,430.1,BID
648,1712375760.3586094,973544.15291866,426.5,0.0,430.1,BID
649,1712375790.3204422,973544.15291866,426.5,0.0,430.1,BID
650,1712375820.2526133,973544.15291866,426.5,0.0,430.1,BID
651,1712375850.3154857,973544.15291866,426.5,0.0,430.1,BID
652,1712375853.3139968,974556.93373596,426.6,-4.011469680444663e-07,430.1,ASK
653,1712375853.3240943,988496.63373596,426.8,-5.521301642892973e-06,430.1,ASK
654,1712375853.3287556,991688.60593456,426.5,-1.2642912935141113e-06,430.1,ASK
655,1712375853.3329554,992701.38675186,426.8,-4.011469680444663e-07,430.1,ASK
656,1712375880.3810585,992701.38675186,426.8,-0.0,430.1,ASK
657,1712375910.3443563,992701.38675186,426.8,-0.0,430.1,ASK
658,1712375940.2765794,992701.38675186,426.8,-0.0,430.1,ASK
659,1712375958.4143536,992911.43041786,427.3,8.292655828024737e-08,430.1,BID
660,1712375959.094932,992911.43041844,427.3,2.289801933637408e-16,430.1,BID
661,1712375968.2445383,992931.73041844,427.4,8.014567471332986e-09,430.1,BID
662,1712375969.244809,993155.33285746,427.4,8.827964700921537e-08,430.1,BID
663,1712375969.2475502,993203.08088191,427.5,1.8851219880737098e-08,430.1,BID
664,1712375969.2501028,993285.77749927,427.4,3.2649143816993055e-08,430.1,BID
665,1712375969.2526393,993335.77749927,427.5,1.974031396886838e-08,430.1,BID
666,1712375969.3045912,994147.60435281,427.5,-3.205143395447275e-07,430.1,ASK
667,1712375970.263411,994147.60435281,427.5,-0.0,430.1,ASK
668,1712376000.3680377,994147.60435281,427.5,-0.0,430.1,ASK
669,1712376023.3453355,995160.38517011,427.6,4.003431186479635e-07,430.1,BID
670,1712376023.351653,997930.796555,427.6,1.095118622725701e-06,430.1,BID
671,1712376023.3573737,1000770.796555,427.6,1.122626374373101e-06,430.1,BID
672,1712376023.360527,1001273.54553663,427.8,1.9873213607993495e-07,430.1,BID
673,1712376030.3246922,1001273.54553663,427.8,0.0,430.1,BID
674,1712376060.3463964,1001273.54553663,427.8,0.0,430.1,BID
675,1712376068.9254627,1001287.64990898,426.9,-5.56862365020266e-09,430.1,ASK
676,1712376090.4066055,1001287.64990898,426.9,-0.0,430.1,ASK
677,1712376092.113902,1001311.03078342,427.7,9.231107746068929e-09,430.1,BID
678,1712376120.2444046,1001311.03078342,427.7,0.0,430.1,BID
679,1712376150.314486,1001311.03078342,427.7,0.0,430.1,BID
680,1712376180.3601797,1001311.03078342,427.7,0.0,430.1,BID
681,1712376210.335187,1001311.03078342,427.7,0.0,430.1,BID
682,1712376215.495991,1001408.79812607,427.7,3.8599809993266254e-08,430.1,BID
683,1712376240.3244307,1001408.79812607,427.7,0.0,430.1,BID
684,1712376270.2910182,1001408.79812607,427.7,0.0,430.1,BID
685,1712376300.3405886,1001408.79812607,427.7,0.0,430.1,BID
686,1712376330.3537242,1001408.79812607,427.7,0.0,430.1,BID
687,1712376360.2700572,1001408.79812607,427.7,0.0,430.1,BID
688,1712376390.2557983,1001408.79812607,427.7,0.0,430.1,BID
689,1712376420.3382654,1001408.79812607,427.7,0.0,430.1,BID
690,1712376450.3624835,1001408.79812607,427.7,0.0,430.1,BID
691,1712376480.292594,1001408.79812607,427.7,0.0,430.1,BID
692,1712376510.28112,1001408.79812607,427.7,0.0,430.1,BID
693,1712376540.3558128,1001408.79812607,427.7,0.0,430.1,BID
694,1712376554.1068938,1002110.88097107,427.3,-2.789960895952635e-07,430.1,ASK
695,1712376554.1868317,1002110.88097184,427.3,-3.05973693120422e-16,430.1,ASK
696,1712376570.3529632,1002110.88097184,427.3,-0.0,430.1,ASK
697,1712376600.315112,1002110.88097184,427.3,-0.0,430.1,ASK
698,1712376625.5872,1003901.41510268,427.3,-7.119306670608722e-07,430.1,ASK
699,1712376625.6669974,1005048.15041765,427.3,-4.559511174164977e-07,430.1,ASK
700,1712376625.707257,1008676.22265215,427.3,-1.4425504890213273e-06,430.1,ASK
701,1712376630.2922344,1008676.22265215,427.3,-0.0,430.1,ASK
702,1712376660.3555295,1008676.22265215,427.3,-0.0,430.1,ASK
703,1712376676.3745546,1009378.68930321,427.3,2.789951476444629e-07,430.1,BID
704,1712376690.329437,1009378.68930321,427.3,0.0,430.1,BID
705,1712376720.3277552,1009378.68930321,427.3,0.0,430.1,BID
706,1712376750.271587,1009378.68930321,427.3,0.0,430.1,BID
707,1712376759.6773767,1009689.00346945,427.3,1.232312261129737e-07,430.1,BID
708,1712376759.777476,1011039.34497543,427.3,-5.362444179375053e-07,430.1,ASK
709,1712376759.7971416,1015030.96118995,427.3,-1.585141169182766e-06,430.1,ASK
710,1712376780.340934,1015030.96118995,427.3,-0.0,430.1,ASK
711,1712376806.5975432,1015226.36235954,427.5,7.752289515028519e-08,430.1,BID
712,1712376810.3701017,1015226.36235954,427.5,0.0,430.1,BID
713,1712376813.4672563,1015326.36235954,427.5,3.9672396131975184e-08,430.1,BID
714,1712376840.2704391,1015326.36235954,427.5,0.0,430.1,BID
715,1712376870.284644,1015326.36235954,427.5,0.0,430.1,BID
716,1712376900.3433702,1015326.36235954,427.5,0.0,430.1,BID
717,1712376930.2573867,1015326.36235954,427.5,0.0,430.1,BID
718,1712376952.937297,1015426.36235954,427.5,3.9850170816986416e-08,430.1,BID
719,1712376960.3794308,1015426.36235954,427.5,0.0,430.1,BID
720,1712376990.3318756,1015426.36235954,427.5,0.0,430.1,BID
721,1712377020.2660756,1015426.36235954,427.5,0.0,430.1,BID
722,1712377047.1355133,1015736.43223233,427.1,1.235612689754779e-07,430.1,BID
723,1712377047.145563,1015894.19861684,427.0,6.286910268424263e-08,430.1,BID
724,1712377050.2677803,1015894.19861684,427.0,0.0,430.1,BID
725,1712377051.476095,1015923.31615371,427.1,1.1602266758346137e-08,430.1,BID
726,1712377080.3623002,1015923.31615371,427.1,0.0,430.1,BID
727,1712377110.3938923,1015923.31615371,427.1,0.0,430.1,BID
728,1712377140.2572792,1015923.31615371,427.1,0.0,430.1,BID
729,1712377170.280452,1015923.31615371,427.1,0.0,430.1,BID
730,1712377200.302871,1015923.31615371,427.1,0.0,430.1,BID
731,1712377230.2685254,1015923.31615371,427.1,0.0,430.1,BID
732,1712377260.3240693,1015923.31615371,427.1,0.0,430.1,BID
733,1712377290.3339045,1015923.31615371,427.1,0.0,430.1,BID
734,1712377291.8610475,1015961.28440794,427.1,-1.520099171590888e-08,430.1,ASK
735,1712377320.3067248,1015961.28440794,427.1,-0.0,430.1,ASK
736,1712377342.670215,1015973.28440794,427.1,-4.804295588966248e-09,430.1,ASK
737,1712377350.4758017,1015973.28440794,427.1,-0.0,430.1,ASK
738,1712377380.3402798,1015973.28440794,427.1,-0.0,430.1,ASK
739,1712377410.3241508,1015973.28440794,427.1,-0.0,430.1,ASK
740,1712377440.273223,1015973.28440794,427.1,-0.0,430.1,ASK
741,1712377440.563818,1016040.38475494,427.1,-2.6864103303026508e-08,430.1,ASK
742,1712377470.249555,1016040.38475494,427.1,-0.0,430.1,ASK
743,1712377500.325363,1016040.38475494,427.1,-0.0,430.1,ASK
744,1712377501.481145,1016040.38475591,427.1,-3.887296702518076e-16,430.1,ASK
745,1712377530.3524065,1016040.38475591,427.1,-0.0,430.1,ASK
746,1712377560.392705,1016040.38475591,427.1,-0.0,430.1,ASK
747,1712377565.697332,1016274.85134442,426.5,-9.396567764320962e-08,430.1,ASK
748,1712377565.7073798,1016391.91292591,426.5,-4.6914022593134166e-08,430.1,ASK
749,1712377565.7972295,1016391.91292601,426.5,-4.0076666676217866e-17,430.1,ASK
750,1712377567.8633986,1018576.91292601,426.6,8.756684991033797e-07,430.1,BID
751,1712377568.217414,1026522.91868401,426.6,-3.184469993581115e-06,430.1,ASK
752,1712377568.2222877,1026522.91868426,426.6,-1.0016833917792756e-16,430.1,ASK
753,1712377590.2352254,1026522.91868426,426.6,-0.0,430.1,ASK
754,1712377620.374092,1026522.91868426,426.6,-0.0,430.1,ASK
755,1712377650.3394191,1026522.91868426,426.6,-0.0,430.1,ASK
756,1712377680.259549,1026522.91868426,426.6,-0.0,430.1,ASK
757,1712377710.3019571,1026522.91868426,426.6,-0.0,430.1,ASK
758,1712377715.3959975,1026640.12449726,426.6,-4.688779582727692e-08,430.1,ASK
759,1712377740.3271194,1026640.12449726,426.6,-0.0,430.1,ASK
760,1712377770.5118985,1026640.12449726,426.6,-0.0,430.1,ASK
761,1712377800.3076377,1026640.12449726,426.6,-0.0,430.1,ASK
762,1712377800.6056583,1028384.17507886,426.4,-6.99478782731734e-07,430.1,ASK
763,1712377800.6125095,1028384.17507926,426.6,-1.604274821585867e-16,430.1,ASK
764,1712377808.2685523,1028384.17508024,426.4,-3.930379932511592e-16,430.1,ASK
765,1712377808.2747622,1030130.3808039,426.3,-7.003431361860295e-07,430.1,ASK
766,1712377830.2941432,1030130.3808039,426.3,-0.0,430.1,ASK
767,1712377832.0849109,1034815.80856643,426.1,-1.878043295471998e-06,430.1,ASK
768,1712377832.1048353,1034920.83039972,426.1,-4.2095526787494985e-08,430.1,ASK
769,1712377860.3546016,1034920.83039972,426.1,-0.0,430.1,ASK
770,1712377890.3559382,1034920.83039972,426.1,-0.0,430.1,ASK
771,1712377920.251265,1034920.83039972,426.1,-0.0,430.1,ASK
772,1712377925.0746083,1039218.44808175,426.3,-1.721190535917409e-06,430.1,ASK
773,1712377950.308487,1039218.44808175,426.3,-0.0,430.1,ASK
774,1712377980.374391,1039218.44808175,426.3,-0.0,430.1,ASK
775,1712378010.3473144,1039218.44808175,426.3,-0.0,430.1,ASK
776,1712378018.574072,1040618.59610675,426.3,-5.603463918544798e-07,430.1,ASK
777,1712378018.5834022,1040618.59610752,426.3,-3.0819289279240343e-16,430.1,ASK
778,1712378023.5836928,1041818.73923252,426.2,-4.803034092075212e-07,430.1,ASK
779,1712378040.243296,1041818.73923252,426.2,-0.0,430.1,ASK
780,1712378045.8037264,1041928.21660034,426.0,-4.3793975660250586e-08,430.1,ASK
781,1712378045.809512,1041928.21660063,426.2,-1.1600424883588626e-16,430.1,ASK
782,1712378070.2650895,1041928.21660063,426.2,-0.0,430.1,ASK
783,1712378100.339276,1041928.21660063,426.2,-0.0,430.1,ASK
784,1712378130.371482,1041928.21660063,426.2,-0.0,430.1,ASK
785,1712378160.2319036,1041928.21660063,426.2,-0.0,430.1,ASK
786,1712378190.2605753,1041928.21660063,426.2,-0.0,430.1,ASK
787,1712378211.8425648,1042016.69228445,426.0,-3.54802444748327e-08,430.1,ASK
788,1712378220.308189,1042016.69228445,426.0,-0.0,430.1,ASK
789,1712378250.2717538,1042016.69228445,426.0,-0.0,430.1,ASK
790,1712378270.9922888,1042063.64064125,426.0,1.882679995743072e-08,430.1,BID
791,1712378280.3107598,1042063.64064125,426.0,0.0,430.1,BID
792,1712378296.032024,1042511.06700725,426.0,1.794213834928569e-07,430.1,BID
793,1712378296.0521593,1042511.06700807,426.0,3.287914079521171e-16,430.1,BID
794,1712378310.3510578,1042511.06700807,426.0,0.0,430.1,BID
795,1712378340.268353,1042511.06700807,426.0,0.0,430.1,BID
796,1712378346.6622891,1042534.53017091,426.2,9.408188057467934e-09,430.1,BID
797,1712378370.3000293,1042534.53017091,426.2,0.0,430.1,BID
798,1712378400.2427227,1042534.53017091,426.2,0.0,430.1,BID
799,1712378430.2707868,1042534.53017091,426.2,0.0,430.1,BID
800,1712378460.3407283,1042534.53017091,426.2,0.0,430.1,BID
801,1712378490.3493874,1042534.53017091,426.2,0.0,430.1,BID
802,1712378499.5912418,1043203.94843914,426.2,-2.7000760739196897e-07,430.1,ASK
803,1712378514.391181,1043731.71561077,426.2,-2.1287311391819842e-07,430.1,ASK
804,1712378514.3975737,1044075.07815984,426.2,-1.3849412951861158e-07,430.1,ASK
805,1712378520.301574,1044075.07815984,426.2,-0.0,430.1,ASK
806,1712378550.266951,1044075.07815984,426.2,-0.0,430.1,ASK
807,1712378580.3836098,1044075.07815984,426.2,-0.0,430.1,ASK
808,1712378610.315076,1044075.07815984,426.2,-0.0,430.1,ASK
809,1712378640.2895856,1044075.07815984,426.2,-0.0,430.1,ASK
810,1712378670.2499604,1044075.07815984,426.2,-0.0,430.1,ASK
811,1712378688.6704752,1044239.78996864,426.8,6.641836461886882e-08,430.1,BID
812,1712378700.4017034,1044239.78996864,426.8,0.0,430.1,BID
813,1712378730.245941,1044239.78996864,426.8,0.0,430.1,BID
814,1712378734.100184,1045252.57078594,426.6,4.1553627244706e-07,430.1,BID
815,1712378734.110131,1055992.04177151,426.7,4.406323327977097e-06,430.1,BID
816,1712378739.3903985,1056641.46873392,426.2,-2.6645494718779965e-07,430.1,ASK
817,1712378739.3955288,1056654.05042951,426.2,-5.16217408268338e-09,430.1,ASK
818,1712378739.4700162,1056654.05042993,426.2,-1.7233367311603515e-16,430.1,ASK
819,1712378760.3226297,1056654.05042993,426.2,-0.0,430.1,ASK
820,1712378790.3156466,1056654.05042993,426.2,-0.0,430.1,ASK
821,1712378820.2418635,1056654.05042993,426.2,-0.0,430.1,ASK
822,1712378850.2855897,1056654.05042993,426.2,-0.0,430.1,ASK
823,1712378853.2596972,1056683.1679668,426.0,-1.1920797704787451e-08,430.1,ASK
824,1712378880.331562,1056683.1679668,426.0,-0.0,430.1,ASK
825,1712378896.6897726,1057841.19260754,426.0,-4.740959868324823e-07,430.1,ASK
826,1712378910.344637,1057841.19260754,426.0,-0.0,430.1,ASK
827,1712378940.2719984,1057841.19260754,426.0,-0.0,430.1,ASK
828,1712378970.314406,1057841.19260754,426.0,-0.0,430.1,ASK
829,1712378994.8192549,1059372.1597714,426.0,-6.266523191164804e-07,430.1,ASK
830,1712379000.3008225,1059372.1597714,426.0,-0.0,430.1,ASK
831,1712379030.247399,1059372.1597714,426.0,-0.0,430.1,ASK
832,1712379060.3385663,1059372.1597714,426.0,-0.0,430.1,ASK
833,1712379090.3150463,1059372.1597714,426.0,-0.0,430.1,ASK
834,1712379120.2883344,1059372.1597714,426.0,-0.0,430.1,ASK
835,1712379150.2710023,1059372.1597714,426.0,-0.0,430.1,ASK
836,1712379180.3293033,1059372.1597714,426.0,-0.0,430.1,ASK
837,1712379210.3242407,1059372.1597714,426.0,-0.0,430.1,ASK
838,1712379240.266707,1059372.1597714,426.0,-0.0,430.1,ASK
839,1712379270.314294,1059372.1597714,426.0,-0.0,430.1,ASK
840,1712379300.336546,1059372.1597714,426.0,-0.0,430.1,ASK
841,1712379330.3507144,1059372.1597714,426.0,-0.0,430.1,ASK
842,1712379337.0368998,1059469.92711405,426.7,-4.010256141941944e-08,430.1,ASK
843,1712379360.2744112,1059469.92711405,426.7,-0.0,430.1,ASK
844,1712379390.2501645,1059469.92711405,426.7,-0.0,430.1,ASK
845,1712379420.366171,1059469.92711405,426.7,-0.0,430.1,ASK
846,1712379450.3213637,1059469.92711405,426.7,-0.0,430.1,ASK
847,1712379479.2948112,1059937.76337135,427.5,1.918954806218904e-07,430.1,BID
848,1712379480.2924209,1059937.76337135,427.5,0.0,430.1,BID
849,1712379510.281385,1059937.76337135,427.5,0.0,430.1,BID
850,1712379540.364092,1059937.76337135,427.5,0.0,430.1,BID
851,1712379570.3413086,1059937.76337135,427.5,0.0,430.1,BID
852,1712379600.3359106,1059937.76337135,427.5,0.0,430.1,BID
853,1712379615.9706671,1060130.27120116,427.5,7.909412044945956e-08,430.1,BID
854,1712379618.72077,1060409.365938,427.5,1.1466937606749589e-07,430.1,BID
855,1712379630.2779236,1060409.365938,427.5,0.0,430.1,BID
856,1712379637.5814748,1061111.12032396,427.5,2.8830021458681346e-07,430.1,BID
857,1712379660.3469634,1061111.12032396,427.5,0.0,430.1,BID
858,1712379690.3379877,1061111.12032396,427.5,0.0,430.1,BID
859,1712379720.2900486,1061111.12032396,427.5,0.0,430.1,BID
860,1712379727.621869,1061413.70723096,427.5,1.242957958126072e-07,430.1,BID
861,1712379750.3223245,1061413.70723096,427.5,0.0,430.1,BID
862,1712379780.365939,1061413.70723096,427.5,0.0,430.1,BID
863,1712379810.3344653,1061413.70723096,427.5,0.0,430.1,BID
864,1712379840.2644932,1061413.70723096,427.5,0.0,430.1,BID
865,1712379863.1829262,1061413.70723101,427.5,2.0561833097982544e-17,430.1,BID
866,1712379863.1931334,1061531.65957796,427.5,4.8449557802481874e-08,430.1,BID
867,1712379870.2618914,1061531.65957796,427.5,0.0,430.1,BID
868,1712379900.335743,1061531.65957796,427.5,0.0,430.1,BID
869,1712379930.4560568,1061531.65957796,427.5,0.0,430.1,BID
870,1712379960.2533066,1061531.65957796,427.5,0.0,430.1,BID
871,1712379973.9135988,1062220.66666396,427.4,2.8502429688893706e-07,430.1,BID
872,1712379973.993759,1066198.20526866,427.4,1.6454041869649792e-06,430.1,BID
873,1712379974.073598,1067614.03484366,427.4,5.856918416783862e-07,430.1,BID
874,1712379974.0790236,1068640.99674472,427.4,4.248274070454192e-07,430.1,BID
875,1712379990.2759984,1068640.99674472,427.4,0.0,430.1,BID
876,1712379990.8038244,1069174.10608619,427.2,-2.202566039605481e-07,430.1,ASK
877,1712379990.8107126,1071359.10608619,427.2,-9.027429126015916e-07,430.1,ASK
878,1712380020.3137095,1071359.10608619,427.2,-0.0,430.1,ASK
879,1712380050.2741854,1071359.10608619,427.2,-0.0,430.1,ASK
880,1712380080.3543923,1071359.10608619,427.2,-0.0,430.1,ASK
881,1712380083.2342317,1071359.10608649,427.5,1.2383982999224152e-16,430.1,BID
882,1712380083.8543394,1072101.97560013,428.0,3.067728218549626e-07,430.1,BID
883,1712380110.34038,1072101.97560013,428.0,0.0,430.1,BID
884,1712380111.6886368,1072119.87560013,428.3,7.390951590950615e-09,430.1,BID
885,1712380140.2465625,1072119.87560013,428.3,0.0,430.1,BID
886,1712380147.3344498,1072148.37560013,428.2,1.1767678969024574e-08,430.1,BID
887,1712380149.7244656,1072428.79657163,428.2,1.1578610416820553e-07,430.1,BID
888,1712380165.7245755,1077119.87560013,428.2,1.936951299147783e-06,430.1,BID
889,1712380170.287691,1077119.87560013,428.2,0.0,430.1,BID
890,1712380182.0747344,1078426.11657966,428.3,5.388718541092714e-07,430.1,BID
891,1712380182.0813742,1078473.93882813,428.3,1.9728414668170743e-08,430.1,BID
892,1712380182.0945206,1083446.12448893,428.3,2.0512072029581e-06,430.1,BID
893,1712380200.3039663,1083446.12448893,428.3,0.0,430.1,BID
894,1712380230.2581503,1083446.12448893,428.3,0.0,430.1,BID
895,1712380241.8951857,1083624.60345609,428.4,-7.388657960996236e-08,430.1,ASK
896,1712380243.0453773,1083647.9134794,429.0,9.649864745519546e-09,430.1,BID
897,1712380243.0488596,1087365.47981949,429.0,1.5389951304242942e-06,430.1,BID
898,1712380260.330223,1087365.47981949,429.0,0.0,430.1,BID
899,1712380275.204899,1088647.9134794,429.0,5.305315959697358e-07,430.1,BID
900,1712380290.3575425,1088647.9134794,429.0,0.0,430.1,BID
901,1712380292.9750984,1090237.3153754,429.7,-6.573720555775677e-07,430.1,ASK
902,1712380292.9804044,1090785.77222647,429.7,-2.2684017710743842e-07,430.1,ASK
903,1712380292.9989712,1093647.9134794,429.7,-1.1837733952168925e-06,430.1,ASK
904,1712380320.2653842,1093647.9134794,429.7,-0.0,430.1,ASK
905,1712380321.815125,1094047.9134794,429.8,1.652919695690623e-07,430.1,BID
906,1712380350.3159025,1094047.9134794,429.8,0.0,430.1,BID
907,1712380380.5598052,1094047.9134794,429.8,0.0,430.1,BID
908,1712380410.4200516,1094047.9134794,429.8,0.0,430.1,BID
909,1712380440.2867725,1094047.9134794,429.8,0.0,430.1,BID
910,1712380470.2912536,1094047.9134794,429.8,0.0,430.1,BID
911,1712380500.3151944,1094047.9134794,429.8,0.0,430.1,BID
912,1712380530.420625,1094047.9134794,429.8,0.0,430.1,BID
913,1712380560.345692,1094047.9134794,429.8,0.0,430.1,BID
914,1712380590.355943,1094047.9134794,429.8,0.0,430.1,BID
915,1712380620.2692163,1094047.9134794,429.8,0.0,430.1,BID
916,1712380633.326011,1094065.56010432,429.6,7.326898368247103e-09,430.1,BID
917,1712380650.2773304,1094065.56010432,429.6,0.0,430.1,BID
918,1712380680.357922,1094065.56010432,429.6,0.0,430.1,BID
919,1712380701.805895,1094088.84299139,429.5,9.667050277157451e-09,430.1,BID
920,1712380710.3888874,1094088.84299139,429.5,0.0,430.1,BID
921,1712380734.0058737,1104088.84299139,429.0,-4.1519808564533534e-06,430.1,ASK
922,1712380740.253915,1104088.84299139,429.0,-0.0,430.1,ASK
923,1712380770.2937448,1104088.84299139,429.0,-0.0,430.1,ASK
924,1712380792.2460723,1106928.84299139,428.9,1.1770659735708505e-06,430.1,BID
925,1712380792.2503278,1107023.46516993,429.0,3.921709391000807e-08,430.1,BID
926,1712380800.3038929,1107023.46516993,429.0,0.0,430.1,BID
927,1712380830.2434163,1107023.46516993,429.0,0.0,430.1,BID
928,1712380855.9964852,1111686.11519689,428.6,1.966886667904554e-06,430.1,BID
929,1712380860.344921,1111686.11519689,428.6,0.0,430.1,BID
930,1712380890.3536365,1111686.11519689,428.6,0.0,430.1,BID
931,1712380920.2584093,1111686.11519689,428.6,0.0,430.1,BID
932,1712380950.2768362,1111686.11519689,428.6,0.0,430.1,BID
933,1712380980.3438356,1111686.11519689,428.6,0.0,430.1,BID
934,1712381010.3483624,1111686.11519689,428.6,0.0,430.1,BID
935,1712381040.274435,1111686.11519689,428.6,0.0,430.1,BID
936,1712381070.2576015,1111686.11519689,428.6,0.0,430.1,BID
937,1712381100.342239,1111686.11519689,428.6,0.0,430.1,BID
938,1712381130.3418813,1111686.11519689,428.6,0.0,430.1,BID
939,1712381133.8153074,1112111.84551194,428.5,1.8051977275050925e-07,430.1,BID
940,1712381133.8752863,1113278.94061894,428.2,-4.948760660115238e-07,430.1,ASK
941,1712381133.89531,1113278.94061922,428.2,-1.187670496445512e-16,430.1,ASK
942,1712381138.15531,1113713.94061921,428.4,1.844503394958411e-07,430.1,BID
943,1712381160.279661,1113713.94061921,428.4,0.0,430.1,BID
944,1712381190.3134165,1113713.94061921,428.4,0.0,430.1,BID
945,1712381191.2443688,1114726.72143651,427.6,-4.292850434027378e-07,430.1,ASK
946,1712381191.2514837,1116911.72143651,427.6,-9.261508549653558e-07,430.1,ASK
947,1712381191.3643775,1120279.28229951,427.6,1.4274001704417415e-06,430.1,BID
948,1712381191.3857849,1120279.28229952,427.6,4.243643426239411e-18,430.1,BID
949,1712381220.31163,1120279.28229952,427.6,0.0,430.1,BID
950,1712381240.673595,1121396.83881212,428.4,4.731330727498778e-07,430.1,BID
951,1712381250.289744,1121396.83881212,428.4,0.0,430.1,BID
952,1712381280.3452811,1121396.83881212,428.4,0.0,430.1,BID
953,1712381286.274161,1121662.70692524,428.4,1.1253614868882977e-07,430.1,BID
954,1712381286.284648,1128695.94856568,428.4,2.977017129750795e-06,430.1,BID
955,1712381286.2919545,1131177.84531877,428.4,1.0505325319321071e-06,430.1,BID
956,1712381287.856198,1131739.87493477,428.4,2.3789482571429105e-07,430.1,BID
957,1712381289.7024353,1131767.47493477,428.4,1.1682475447588832e-08,430.1,BID
958,1712381296.9856331,1131943.31301022,428.4,7.44284057676836e-08,430.1,BID
959,1712381296.9967146,1132217.47493477,428.5,1.1604673739888293e-07,430.1,BID
960,1712381301.92233,1133419.47493477,428.5,5.087802713026955e-07,430.1,BID
961,1712381302.8924153,1134585.17506897,428.5,4.934153332245315e-07,430.1,BID
962,1712381303.7721636,1141698.3983949,428.5,3.0108716252938803e-06,430.1,BID
963,1712381310.331665,1141698.3983949,428.5,0.0,430.1,BID
964,1712381340.2686794,1141698.3983949,428.5,0.0,430.1,BID
965,1712381370.323506,1141698.3983949,428.5,0.0,430.1,BID
966,1712381388.681109,1143306.3983949,428.5,6.781344620224618e-07,430.1,BID
967,1712381391.4310238,1150242.64301015,428.5,2.925190616056455e-06,430.1,BID
968,1712381396.1110632,1157005.48151002,428.5,2.8520608506556207e-06,430.1,BID
969,1712381396.7108576,1158124.48151002,428.5,4.7191073569846693e-07,430.1,BID
970,1712381398.2208197,1159468.48151002,428.5,5.667989533322069e-07,430.1,BID
971,1712381398.2607374,1159810.96454117,428.5,1.4443379731386558e-07,430.1,BID
972,1712381400.3195157,1159810.96454117,428.5,0.0,430.1,BID
973,1712381402.611473,1160382.96454117,428.5,2.410145205145932e-07,430.1,BID
974,1712381404.4006622,1165810.0596811,428.5,2.286728554086213e-06,430.1,BID
975,1712381405.6807992,1166143.94059847,428.5,1.4068207903648217e-07,430.1,BID
976,1712381407.1908886,1167791.94059847,428.5,6.943914856784084e-07,430.1,BID
977,1712381408.860714,1169196.94059847,428.5,5.920024498653907e-07,430.1,BID
978,1712381413.7407289,1170087.94059847,428.5,3.754264646477317e-07,430.1,BID
979,1712381425.5606265,1171417.09459847,428.5,5.600444300700646e-07,430.1,BID
980,1712381425.860622,1172217.09459763,428.5,3.370832451209958e-07,430.1,BID
981,1712381425.8686574,1185471.97257347,428.5,5.584996608088372e-06,430.1,BID
982,1712381425.9204843,1185471.97257431,428.5,3.5386161949373915e-16,430.1,BID
983,1712381430.2436404,1185471.97257431,428.5,0.0,430.1,BID
984,1712381460.3472342,1185471.97257431,428.5,0.0,430.1,BID
985,1712381476.3601873,1185810.94943085,428.9,-1.4217058308326784e-07,430.1,ASK
986,1712381476.3768947,1186432.99571777,428.8,-2.608929831340621e-07,430.1,ASK
987,1712381476.3803754,1186771.97257431,429.0,-1.421705830831702e-07,430.1,ASK
988,1712381490.331705,1186771.97257431,429.0,-0.0,430.1,ASK
989,1712381520.3045492,1186771.97257431,429.0,-0.0,430.1,ASK
990,1712381550.2766142,1186771.97257431,429.0,-0.0,430.1,ASK
991,1712381580.3232367,1186771.97257431,429.0,-0.0,430.1,ASK
992,1712381610.367351,1186771.97257431,429.0,-0.0,430.1,ASK
993,1712381640.2591116,1186771.97257431,429.0,-0.0,430.1,ASK
994,1712381648.3380654,1187784.75339161,429.5,4.246719930630796e-07,430.1,BID
995,1712381651.328132,1190410.55142161,429.5,-1.1010308091674556e-06,430.1,ASK
996,1712381651.427942,1190410.55142225,429.5,-2.683817819134901e-16,430.1,ASK
997,1712381654.538052,1191423.33223955,429.5,4.246719930630796e-07,430.1,BID
998,1712381654.5481927,1194443.33223955,429.6,1.2663247537305004e-06,430.1,BID
999,1712381654.5541482,1198793.1037443,429.8,1.8239150097803e-06,430.1,BID
1000,1712381654.5601044,1202774.47743434,429.5,1.6694410786585457e-06,430.1,BID
1201,1712381660.0679312,1202944.73665093,429.8,7.139187434396973e-08,430.1,BID
1202,1712381660.250596,1203659.51096456,429.8,2.99714041947181e-07,430.1,BID
1203,1712381670.2866836,1203659.51096456,429.8,0.0,430.1,BID
1204,1712381700.3254695,1203659.51096456,429.8,0.0,430.1,BID
1205,1712381708.8978348,1205048.22826781,429.2,5.811401147687488e-07,430.1,BID
1206,1712381730.3729987,1205048.22826781,429.2,0.0,430.1,BID
1207,1712381759.0568972,1205060.35815607,429.6,5.0747598789521274e-09,430.1,BID
1208,1712381760.2508528,1205060.35815607,429.6,0.0,430.1,BID
1209,1712381790.2546585,1205060.35815607,429.6,0.0,430.1,BID
1210,1712381820.3483522,1205060.35815607,429.6,0.0,430.1,BID
1211,1712381850.3409092,1205060.35815607,429.6,0.0,430.1,BID
1212,1712381880.2795494,1205060.35815607,429.6,0.0,430.1,BID
1213,1712381910.3162136,1205060.35815607,429.6,0.0,430.1,BID
1214,1712381940.3296902,1205060.35815607,429.6,0.0,430.1,BID
1215,1712381970.334155,1205060.35815607,429.6,0.0,430.1,BID
1216,1712382000.2992697,1205060.35815607,429.6,0.0,430.1,BID
1217,1712382030.255191,1205060.35815607,429.6,0.0,430.1,BID
1218,1712382060.3352222,1205060.35815607,429.6,0.0,430.1,BID
1219,1712382090.331748,1205060.35815607,429.6,0.0,430.1,BID
1220,1712382094.6351366,1205130.158063,429.8,2.9480938554509065e-08,430.1,BID
1221,1712382097.4049923,1205900.86553332,429.7,-3.255187660752047e-07,430.1,ASK
1222,1712382116.7473922,1206062.66457795,429.8,6.833802368393943e-08,430.1,BID
1223,1712382120.2999418,1206062.66457795,429.8,0.0,430.1,BID
1224,1712382127.3058803,1209594.58637879,429.8,1.4914838073092084e-06,430.1,BID
1225,1712382150.293583,1209594.58637879,429.8,0.0,430.1,BID
1226,1712382150.5773802,1210196.26059142,429.8,2.5391628228520176e-07,430.1,BID
1227,1712382154.1147933,1232395.88931039,429.8,-9.36860359660736e-06,430.1,ASK
1228,1712382180.342768,1232395.88931039,429.8,-0.0,430.1,ASK
1229,1712382210.3299985,1232395.88931039,429.8,-0.0,430.1,ASK
1230,1712382219.2246945,1232419.15594603,429.8,9.778456493854328e-09,430.1,BID
1231,1712382236.455056,1232442.44023603,429.7,9.785876233947556e-09,430.1,BID
1232,1712382236.457877,1233582.48772825,429.8,4.791369485499685e-07,430.1,BID
1233,1712382240.2791698,1233582.48772825,429.8,0.0,430.1,BID
1234,1712382270.288527,1233582.48772825,429.8,0.0,430.1,BID
1235,1712382300.2937672,1233582.48772825,429.8,0.0,430.1,BID
1236,1712382330.2343717,1233582.48772825,429.8,0.0,430.1,BID
1237,1712382360.333975,1233582.48772825,429.8,0.0,430.1,BID
1238,1712382390.3208055,1233582.48772825,429.8,0.0,430.1,BID
1239,1712382420.2610145,1233582.48772825,429.8,0.0,430.1,BID
1240,1712382450.2684343,1233582.48772825,429.8,0.0,430.1,BID
1241,1712382480.3240683,1233582.48772825,429.8,0.0,430.1,BID
1242,1712382510.307197,1233582.48772825,429.8,0.0,430.1,BID
1243,1712382540.2515624,1233582.48772825,429.8,0.0,430.1,BID
1244,1712382570.3033786,1233582.48772825,429.8,0.0,430.1,BID
1245,1712382600.283394,1233582.48772825,429.8,0.0,430.1,BID
1246,1712382630.252225,1233582.48772825,429.8,0.0,430.1,BID
1247,1712382660.3549206,1233582.48772825,429.8,0.0,430.1,BID
1248,1712382690.3332124,1233582.48772825,429.8,0.0,430.1,BID
1249,1712382717.732548,1233597.48772825,429.2,6.365726809803245e-09,430.1,BID
1250,1712382720.2616982,1233597.48772825,429.2,0.0,430.1,BID
1251,1712382733.5123105,1233611.06549391,429.2,5.762140715512326e-09,430.1,BID
1252,1712382750.2800822,1233611.06549391,429.2,0.0,430.1,BID
1253,1712382769.2120636,1235782.48772825,429.2,9.215072521258332e-07,430.1,BID
1254,1712382769.2150147,1236448.31155306,429.2,2.825620339966684e-07,430.1,BID
1255,1712382769.272098,1239868.81945476,429.2,-1.451593700903816e-06,430.1,ASK
1256,1712382780.561151,1239868.81945476,429.2,-0.0,430.1,ASK
1257,1712382795.4321702,1242999.04916558,428.8,1.3268931578423323e-06,430.1,BID
1258,1712382797.0020876,1244601.37071856,428.8,6.792183646980856e-07,430.1,BID
1259,1712382797.0053856,1246037.24334258,428.8,6.08661260149606e-07,430.1,BID
1260,1712382797.048275,1246037.2433427,428.8,5.0828478903710855e-17,430.1,BID
1261,1712382809.3919291,1246703.06716751,429.4,2.822403334857879e-07,430.1,BID
1262,1712382809.3942847,1247599.39052481,429.4,3.799482593576139e-07,430.1,BID
1263,1712382810.3175526,1247599.39052481,429.4,0.0,430.1,BID
1264,1712382816.8818667,1249159.61157842,429.5,6.604438215454567e-07,430.1,BID
1265,1712382840.2815604,1249159.61157842,429.5,0.0,430.1,BID
1266,1712382856.7315886,1249844.87500731,429.0,-2.899907385200763e-07,430.1,ASK
1267,1712382857.7748866,1250325.11274331,429.0,2.0322767837391266e-07,430.1,BID
1268,1712382870.2438898,1250325.11274331,429.0,0.0,430.1,BID
1269,1712382900.330392,1250325.11274331,429.0,0.0,430.1,BID
1270,1712382902.1519032,1250325.11274393,429.0,2.635359019234011e-16,430.1,BID
1271,1712382930.347259,1250325.11274393,429.0,0.0,430.1,BID
1272,1712382945.281791,1250338.68104113,429.5,5.767051515164842e-09,430.1,BID
1273,1712382959.8017504,1250737.64442514,429.8,1.6957488138056224e-07,430.1,BID
1274,1712382959.8049152,1253725.07524598,429.5,1.2697737370906234e-06,430.1,BID
1275,1712382960.2678049,1253725.07524598,429.5,0.0,430.1,BID
1276,1712382990.26898,1253725.07524598,429.5,0.0,430.1,BID
1277,1712382999.2624536,1255476.66477134,429.8,7.440315080227145e-07,430.1,BID
1278,1712383020.35151,1255476.66477134,429.8,0.0,430.1,BID
1279,1712383050.3076658,1255476.66477134,429.8,0.0,430.1,BID
1280,1712383080.2979257,1255476.66477134,429.8,0.0,430.1,BID
1281,1712383091.4120443,1259461.52781705,429.0,-1.6921292364371254e-06,430.1,ASK
1282,1712383091.4150834,1259476.66477134,428.7,-6.427744846201381e-09,430.1,ASK
1283,1712383110.289074,1259476.66477134,428.7,-0.0,430.1,ASK
1284,1712383140.2904804,1259476.66477134,428.7,-0.0,430.1,ASK
1285,1712383166.6829684,1259490.22361328,429.8,5.753424009483062e-09,430.1,BID
1286,1712383170.2810357,1259490.22361328,429.8,0.0,430.1,BID
1287,1712383200.3506594,1259490.22361328,429.8,0.0,430.1,BID
1288,1712383230.2665014,1259490.22361328,429.8,0.0,430.1,BID
1289,1712383260.339398,1259490.22361328,429.8,0.0,430.1,BID
1290,1712383290.3342612,1259490.22361328,429.8,0.0,430.1,BID
1291,1712383320.2539582,1259490.22361328,429.8,0.0,430.1,BID
1292,1712383350.2716794,1259490.22361328,429.8,0.0,430.1,BID
1293,1712383380.3517916,1259490.22361328,429.8,0.0,430.1,BID
1294,1712383410.321252,1259490.22361328,429.8,0.0,430.1,BID
1295,1712383440.3045793,1259490.22361328,429.8,0.0,430.1,BID
1296,1712383442.0536392,1259503.79191048,429.6,5.80653157439446e-09,430.1,BID
1297,1712383470.2528756,1259503.79191048,429.6,0.0,430.1,BID
1298,1712383500.3709314,1259503.79191048,429.6,0.0,430.1,BID
1299,1712383530.337143,1259503.79191048,429.6,0.0,430.1,BID
1300,1712383560.2746067,1259503.79191048,429.6,0.0,430.1,BID
1301,1712383590.2580142,1259503.79191048,429.6,0.0,430.1,BID
1302,1712383620.3332849,1259503.79191048,429.6,0.0,430.1,BID
1303,1712383631.4607098,1266504.95877162,428.5,-3.021541919632708e-06,430.1,ASK
1304,1712383631.5605395,1270058.28240657,428.5,1.5335324139489083e-06,430.1,BID
1305,1712383646.8408594,1270071.85701461,429.2,5.858487313483692e-09,430.1,BID
1306,1712383650.3285644,1270071.85701461,429.2,0.0,430.1,BID
1307,1712383680.283327,1270071.85701461,429.2,0.0,430.1,BID
1308,1712383710.271929,1270071.85701461,429.2,0.0,430.1,BID
1309,1712383740.3262267,1270071.85701461,429.2,0.0,430.1,BID
1310,1712383742.012181,1270095.22150059,428.0,-1.0063903997384634e-08,430.1,ASK
1311,1712383742.0160725,1270107.22150059,428.0,-5.168821093343653e-09,430.1,ASK
1312,1712383742.0716624,1270412.21416974,428.4,1.3137104513480868e-07,430.1,BID
1313,1712383742.0816472,1280367.63815322,428.0,4.288150456582596e-06,430.1,BID
1314,1712383770.3305714,1280367.63815322,428.0,0.0,430.1,BID
1315,1712383800.312349,1280367.63815322,428.0,0.0,430.1,BID
1316,1712383801.8881197,1281348.69662309,428.0,4.24851545314262e-07,430.1,BID
1317,1712383801.8901556,1282525.89075713,428.0,5.097889293470147e-07,430.1,BID
1318,1712383830.276984,1282525.89075713,428.0,0.0,430.1,BID
1319,1712383849.4121804,1282690.60256593,427.9,-7.130062762547763e-08,430.1,ASK
1320,1712383860.3566737,1282690.60256593,427.9,-0.0,430.1,ASK
1321,1712383890.3348043,1282690.60256593,427.9,-0.0,430.1,ASK
1322,1712383920.264956,1282690.60256593,427.9,-0.0,430.1,ASK
1323,1712383950.287811,1282690.60256593,427.9,-0.0,430.1,ASK
1324,1712383970.7231257,1282725.63292558,428.2,-1.5163517699477483e-08,430.1,ASK
1325,1712383970.7266347,1284690.60256593,428.1,-8.505722526989962e-07,430.1,ASK
1326,1712383980.3499198,1284690.60256593,428.1,-0.0,430.1,ASK
1327,1712384010.3333986,1284690.60256593,428.1,-0.0,430.1,ASK
1328,1712384040.321758,1284690.60256593,428.1,-0.0,430.1,ASK
1329,1712384070.281752,1284690.60256593,428.1,-0.0,430.1,ASK
1330,1712384100.295697,1284690.60256593,428.1,-0.0,430.1,ASK
1331,1712384130.2821748,1284690.60256593,428.1,-0.0,430.1,ASK
1332,1712384160.3373752,1284690.60256593,428.1,-0.0,430.1,ASK
1333,1712384167.7353933,1285703.38338323,428.3,-4.402102971738639e-07,430.1,ASK
1334,1712384167.7389915,1288883.38338323,428.3,-1.3822030602284937e-06,430.1,ASK
1335,1712384167.7422662,1289896.16420053,428.1,-4.402102971737627e-07,430.1,ASK
1336,1712384167.745476,1290908.94501783,428.2,-4.402102971738639e-07,430.1,ASK
1337,1712384167.7487144,1295241.62341363,428.3,-1.883220546434189e-06,430.1,ASK
1338,1712384167.8748317,1297200.95447332,428.1,8.516331404729782e-07,430.1,BID
1339,1712384190.3371592,1297200.95447332,428.1,0.0,430.1,BID
1340,1712384220.2805912,1297200.95447332,428.1,0.0,430.1,BID
1341,1712384250.2792392,1297200.95447332,428.1,0.0,430.1,BID
1342,1712384280.3530326,1297200.95447332,428.1,0.0,430.1,BID
1343,1712384310.3716283,1297200.95447332,428.1,0.0,430.1,BID
1344,1712384340.264159,1297200.95447332,428.1,0.0,430.1,BID
1345,1712384370.285287,1297200.95447332,428.1,0.0,430.1,BID
1346,1712384400.312259,1297200.95447332,428.1,0.0,430.1,BID
1347,1712384422.906051,1298213.73529062,428.0,-4.406942052740337e-07,430.1,ASK
1348,1712384422.909464,1299539.04191779,428.0,-5.766844521819364e-07,430.1,ASK
1349,1712384430.2721736,1299539.04191779,428.0,-0.0,430.1,ASK
1350,1712384460.3048704,1299539.04191779,428.0,-0.0,430.1,ASK
1351,1712384490.2604165,1299539.04191779,428.0,-0.0,430.1,ASK
1352,1712384520.3651793,1299539.04191779,428.0,-0.0,430.1,ASK
1353,1712384525.585842,1301873.7773765,428.1,-1.015477920591844e-06,430.1,ASK
1354,1712384525.59015,1307647.8607553,428.0,-2.5113998080396745e-06,430.1,ASK
1355,1712384550.3256755,1307647.8607553,428.0,-0.0,430.1,ASK
1356,1712384578.1360836,1307755.03833516,427.5,-4.6545921544411154e-08,430.1,ASK
1357,1712384578.1396832,1308767.81915246,427.7,-4.398384114039959e-07,430.1,ASK
1358,1712384578.1431377,1309780.59996976,427.5,-4.398384114039959e-07,430.1,ASK
1359,1712384580.253651,1309780.59996976,427.5,-0.0,430.1,ASK
1360,1712384610.3024874,1309780.59996976,427.5,-0.0,430.1,ASK
1361,1712384640.34772,1309780.59996976,427.5,-0.0,430.1,ASK
1362,1712384670.373068,1309780.59996976,427.5,-0.0,430.1,ASK
1363,1712384700.268466,1309780.59996976,427.5,-0.0,430.1,ASK
1364,1712384730.2802527,1309780.59996976,427.5,-0.0,430.1,ASK
1365,1712384753.7363365,1311442.41155331,427.9,-7.219537406750165e-07,430.1,ASK
1366,1712384760.3426087,1311442.41155331,427.9,-0.0,430.1,ASK
1367,1712384790.3124547,1311442.41155331,427.9,-0.0,430.1,ASK
1368,1712384802.7064717,1313826.66095605,427.9,-1.035488138296622e-06,430.1,ASK
1369,1712384820.2642548,1313826.66095605,427.9,-0.0,430.1,ASK
1370,1712384850.2995942,1313826.66095605,427.9,-0.0,430.1,ASK
1371,1712384880.0569775,1314946.15162064,427.9,-4.859835121058339e-07,430.1,ASK
1372,1712384880.0608375,1330678.95162064,427.5,-6.829785759811997e-06,430.1,ASK
1373,1712384880.0644877,1331826.66095605,427.4,-4.982335550815324e-07,430.1,ASK
1374,1712384880.3367984,1331826.66095605,427.4,-0.0,430.1,ASK
1375,1712384910.329175,1331826.66095605,427.4,-0.0,430.1,ASK
1376,1712384940.3096526,1331826.66095605,427.4,-0.0,430.1,ASK
1377,1712384970.2561803,1331826.66095605,427.4,-0.0,430.1,ASK
1378,1712385000.35001,1331826.66095605,427.4,-0.0,430.1,ASK
1379,1712385030.2821505,1331826.66095605,427.4,-0.0,430.1,ASK
1380,1712385060.3488812,1331826.66095605,427.4,-0.0,430.1,ASK
1381,1712385090.337681,1331826.66095605,427.4,-0.0,430.1,ASK
1382,1712385097.9564989,1334646.66095605,428.3,1.2204654282469674e-06,430.1,BID
1383,1712385097.9604962,1335659.44177335,428.3,4.383205581227565e-07,430.1,BID
1384,1712385097.9626586,1338614.13125969,428.4,1.2787575777599106e-06,430.1,BID
1385,1712385098.1776257,1341194.70474167,428.3,-1.1168442268820935e-06,430.1,ASK
1386,1712385098.1974912,1342583.31174129,428.3,-6.009740554814872e-07,430.1,ASK
1387,1712385120.2910793,1342583.31174129,428.3,-0.0,430.1,ASK
1388,1712385150.302109,1342583.31174129,428.3,-0.0,430.1,ASK
1389,1712385180.367336,1342583.31174129,428.3,-0.0,430.1,ASK
1390,1712385208.0065024,1342595.75748224,428.5,5.3756625830871075e-09,430.1,BID
1391,1712385210.3478634,1342595.75748224,428.5,0.0,430.1,BID
1392,1712385240.2787251,1342595.75748224,428.5,0.0,430.1,BID
1393,1712385270.2754612,1342595.75748224,428.5,0.0,430.1,BID
1394,1712385300.359626,1342595.75748224,428.5,0.0,430.1,BID
1395,1712385330.332497,1342595.75748224,428.5,0.0,430.1,BID
1396,1712385337.0936046,1344929.47976928,428.4,1.0096995975836978e-06,430.1,BID
1397,1712385360.291366,1344929.47976928,428.4,0.0,430.1,BID
1398,1712385390.2752714,1344929.47976928,428.4,0.0,430.1,BID
1399,1712385394.252811,1345396.3331773,428.4,2.0189972488536098e-07,430.1,BID
1400,1712385420.3308442,1345396.3331773,428.4,0.0,430.1,BID
1401,1712385450.3705204,1345396.3331773,428.4,0.0,430.1,BID
1402,1712385474.3112087,1345408.24071874,428.3,-5.149199674076393e-09,430.1,ASK
1403,1712385474.3158178,1345570.7392003,428.3,-7.026951218233248e-08,430.1,ASK
1404,1712385480.2804165,1345570.7392003,428.3,-0.0,430.1,ASK
1405,1712385480.5167255,1345570.73920111,428.3,-3.5026615155672674e-16,430.1,ASK
1406,1712385510.2839427,1345570.73920111,428.3,-0.0,430.1,ASK
1407,1712385540.3494046,1345570.73920111,428.3,-0.0,430.1,ASK
1408,1712385567.8999062,1346085.09920579,428.2,2.224184422758536e-07,430.1,BID
1409,1712385567.979655,1346639.6253323,428.2,-2.397869899242048e-07,430.1,ASK
1410,1712385570.3349178,1346639.6253323,428.2,-0.0,430.1,ASK
1411,1712385600.3298583,1346639.6253323,428.2,-0.0,430.1,ASK
1412,1712385630.27058,1346639.6253323,428.2,-0.0,430.1,ASK
1413,1712385647.978605,1347644.65064835,428.2,-4.365413446290941e-07,430.1,ASK
1414,1712385655.508118,1348345.25784125,428.2,-3.043147283567899e-07,430.1,ASK
1415,1712385660.3462195,1348345.25784125,428.2,-0.0,430.1,ASK
1416,1712385690.3213208,1348345.25784125,428.2,-0.0,430.1,ASK
1417,1712385720.2857542,1348345.25784125,428.2,-0.0,430.1,ASK
1418,1712385732.1073146,1350328.68717625,428.2,-8.612462840066158e-07,430.1,ASK
1419,1712385732.207311,1350328.68717714,428.2,-3.8650495475405956e-16,430.1,ASK
1420,1712385748.0869672,1352664.0444868,428.2,1.0140607327320387e-06,430.1,BID
1421,1712385750.3048377,1352664.0444868,428.2,0.0,430.1,BID
1422,1712385770.896998,1354999.4017958,428.2,-1.0132470884830976e-06,430.1,ASK
1423,1712385770.9969046,1354999.40179646,428.2,-2.8628725355289863e-16,430.1,ASK
1424,1712385780.3316753,1354999.40179646,428.2,-0.0,430.1,ASK
1425,1712385810.3407843,1354999.40179646,428.2,-0.0,430.1,ASK
1426,1712385834.9361894,1357071.40766739,428.3,8.98596290973059e-07,430.1,BID
1427,1712385835.0561688,1358495.84420113,428.3,-6.177556752629754e-07,430.1,ASK
1428,1712385835.0761244,1362601.00399254,428.3,-1.7803431033507378e-06,430.1,ASK
1429,1712385835.0961473,1366676.1883448,428.3,-1.7673432278105716e-06,430.1,ASK
1430,1712385840.2498517,1366676.1883448,428.3,-0.0,430.1,ASK
1431,1712385852.3060842,1366824.11164625,427.4,-6.401316461676052e-08,430.1,ASK
1432,1712385870.3172252,1366824.11164625,427.4,-0.0,430.1,ASK
1433,1712385900.2932854,1366824.11164625,427.4,-0.0,430.1,ASK
1434,1712385903.0059402,1367292.05736454,428.3,2.0280368607506921e-07,430.1,BID
1435,1712385930.25004,1367292.05736454,428.3,0.0,430.1,BID
1436,1712385960.3563442,1367292.05736454,428.3,0.0,430.1,BID
1437,1712385990.3463748,1367292.05736454,428.3,0.0,430.1,BID
1438,1712386020.2489786,1367292.05736454,428.3,0.0,430.1,BID
1439,1712386050.2807393,1367292.05736454,428.3,0.0,430.1,BID
1440,1712386051.994799,1368468.94389267,428.1,5.100082911248336e-07,430.1,BID
1441,1712386080.3421357,1368468.94389267,428.1,0.0,430.1,BID
1442,1712386110.3389163,1368468.94389267,428.1,0.0,430.1,BID
1443,1712386140.2537422,1368468.94389267,428.1,0.0,430.1,BID
1444,1712386158.4441724,1370653.94389267,428.4,9.466714398776108e-07,430.1,BID
1445,1712386158.4547029,1376385.32663562,428.4,2.483174532612431e-06,430.1,BID
1446,1712386158.4585896,1377398.10745292,428.8,4.387966474112911e-07,430.1,BID
1447,1712386158.461841,1403444.74209603,428.7,1.1284945135724937e-05,430.1,BID
1448,1712386158.4650617,1404457.52291333,428.9,4.3879664741139204e-07,430.1,BID
1449,1712386158.4683385,1413778.32500071,429.0,4.038323630606108e-06,430.1,BID
1450,1712386158.4707184,1415963.32500071,428.6,9.466714398776108e-07,430.1,BID
1451,1712386158.472606,1424963.32500071,428.3,3.899333161967276e-06,430.1,BID
1452,1712386158.4744782,1426189.32500071,428.9,5.311758285079867e-07,430.1,BID
1453,1712386158.4763763,1430342.10581801,428.7,1.7992306616976515e-06,430.1,BID
1454,1712386158.4782922,1431354.88663531,428.6,4.3879664741139204e-07,430.1,BID
1455,1712386158.4802084,1434114.88663531,428.9,1.195795503003298e-06,430.1,BID
1456,1712386158.482162,1435127.66745261,429.0,4.3879664741139204e-07,430.1,BID
1457,1712386170.2716873,1435127.66745261,429.0,0.0,430.1,BID
1458,1712386200.3003085,1435127.66745261,429.0,0.0,430.1,BID
1459,1712386230.3345697,1435127.66745261,429.0,0.0,430.1,BID
1460,1712386260.2682133,1435127.66745261,429.0,0.0,430.1,BID
1461,1712386290.2509775,1435127.66745261,429.0,0.0,430.1,BID
1462,1712386320.3495305,1435127.66745261,429.0,0.0,430.1,BID
1463,1712386320.4848814,1435360.76768571,428.9,9.979692543711221e-08,430.1,BID
1464,1712386329.5627744,1436529.06206471,428.9,-5.001804823580181e-07,430.1,ASK
1465,1712386329.5670826,1436529.06206498,428.9,-1.1553086595047555e-16,430.1,ASK
1466,1712386350.3144312,1436529.06206498,428.9,-0.0,430.1,ASK
1467,1712386370.3424137,1436879.96670475,428.9,1.5019373649157726e-07,430.1,BID
1468,1712386380.4055164,1436879.96670475,428.9,0.0,430.1,BID
1469,1712386410.2621677,1436879.96670475,428.9,0.0,430.1,BID
1470,1712386440.323928,1436879.96670475,428.9,0.0,430.1,BID
1471,1712386446.8720045,1436903.74077796,428.9,-1.0175091687096993e-08,430.1,ASK
1472,1712386470.329996,1436903.74077796,428.9,-0.0,430.1,ASK
1473,1712386500.2788165,1436903.74077796,428.9,-0.0,430.1,ASK
1474,1712386530.255062,1436903.74077796,428.9,-0.0,430.1,ASK
1475,1712386560.363229,1436903.74077796,428.9,-0.0,430.1,ASK
1476,1712386574.4917006,1437603.36764363,428.8,2.998024766162813e-07,430.1,BID
1477,1712386590.3294733,1437603.36764363,428.8,0.0,430.1,BID
1478,1712386620.2860951,1437603.36764363,428.8,0.0,430.1,BID
1479,1712386650.265349,1437603.36764363,428.8,0.0,430.1,BID
1480,1712386657.171159,1437623.36764363,428.8,8.569251842134434e-09,430.1,BID
1481,1712386680.338345,1437623.36764363,428.8,0.0,430.1,BID
1482,1712386710.3227613,1437623.36764363,428.8,0.0,430.1,BID
1483,1712386740.2458415,1437623.36764363,428.8,0.0,430.1,BID
1484,1712386770.289909,1437623.36764363,428.8,0.0,430.1,BID
1485,1712386800.2932484,1437623.36764363,428.8,0.0,430.1,BID
1486,1712386830.2842376,1437623.36764363,428.8,0.0,430.1,BID
1487,1712386860.3234048,1437623.36764363,428.8,0.0,430.1,BID
1488,1712386862.6103013,1439123.36764363,428.7,6.541346019179539e-07,430.1,BID
1489,1712386862.6149263,1439572.03515723,428.7,1.956592969348732e-07,430.1,BID
1490,1712386871.5403814,1440054.78547723,428.7,-2.105224589326905e-07,430.1,ASK
1491,1712386871.6402087,1440054.78547798,428.7,-3.2704440764737157e-16,430.1,ASK
1492,1712386875.0201392,1440288.77497398,428.7,1.0204041721257537e-07,430.1,BID
1493,1712386883.2701652,1442473.77497398,428.5,-9.528560701271528e-07,430.1,ASK
1494,1712386883.4502969,1443850.67112331,428.5,6.004502763495944e-07,430.1,BID
1495,1712386883.454785,1448854.95534891,428.8,2.1823169798648e-06,430.1,BID
1496,1712386890.3648825,1448854.95534891,428.8,0.0,430.1,BID
1497,1712386920.241824,1448854.95534891,428.8,0.0,430.1,BID
1498,1712386950.3195596,1448854.95534891,428.8,0.0,430.1,BID
1499,1712386957.6398606,1453516.80352929,428.8,2.028724480526024e-06,430.1,BID
1500,1712386980.318099,1453516.80352929,428.8,0.0,430.1,BID
1501,1712387010.315654,1453516.80352929,428.8,0.0,430.1,BID
1502,1712387040.2525463,1453516.80352929,428.8,0.0,430.1,BID
1503,1712387067.73275,1458184.24810338,428.8,2.0293944919149167e-06,430.1,BID
1504,1712387067.7892714,1462851.69267747,428.8,2.0293944919149167e-06,430.1,BID
1505,1712387067.8162625,1469852.85953861,428.8,3.044091737874653e-06,430.1,BID
1506,1712387067.8530202,1476854.02639975,428.8,3.044091737874552e-06,430.1,BID
1507,1712387068.5601466,1483860.09832875,428.8,3.04622445044132e-06,430.1,BID
1508,1712387068.6792386,1488530.81294808,428.8,2.0308163002926947e-06,430.1,BID
1509,1712387070.2710266,1488530.81294808,428.8,0.0,430.1,BID
1510,1712387077.9296048,1492898.56130641,428.8,1.8867703018362303e-06,430.1,BID
1511,1712387078.0896947,1495186.69327119,428.8,-9.884221991853989e-07,430.1,ASK
1512,1712387078.0953026,1497665.98390141,428.8,-1.070998497841219e-06,430.1,ASK
1513,1712387100.3166685,1497665.98390141,428.8,-0.0,430.1,ASK
1514,1712387126.6395118,1502330.16300588,428.9,2.029689001090912e-06,430.1,BID
1515,1712387126.6428702,1504745.73699523,428.9,1.0511740324906938e-06,430.1,BID
1516,1712387126.6795633,1509409.9160997,428.9,2.029689001090811e-06,430.1,BID
1517,1712387126.6846452,1515894.29830856,428.9,2.8217782708170234e-06,430.1,BID
1518,1712387130.3848264,1515894.29830856,428.9,0.0,430.1,BID
1519,1712387139.4496448,1520560.65388485,428.9,2.0237509682296167e-06,430.1,BID
1520,1712387139.6895306,1525227.00946114,428.9,2.0237509682296167e-06,430.1,BID
1521,1712387139.8496764,1529893.36503743,428.9,2.0237509682296167e-06,430.1,BID
1522,1712387140.0098567,1534451.90153873,428.9,1.976990931657656e-06,430.1,BID
1523,1712387145.3495128,1540775.02388106,429.0,2.7422738694719663e-06,430.1,BID
1524,1712387160.2649083,1540775.02388106,429.0,0.0,430.1,BID
1525,1712387168.9994652,1541201.3665384,429.0,1.840486383140253e-07,430.1,BID
1526,1712387190.281543,1541201.3665384,429.0,0.0,430.1,BID
1527,1712387220.3434873,1541201.3665384,429.0,0.0,430.1,BID
1528,1712387250.2983096,1541201.3665384,429.0,0.0,430.1,BID
1529,1712387280.2705443,1541201.3665384,429.0,0.0,430.1,BID
1530,1712387310.2456992,1541201.3665384,429.0,0.0,430.1,BID
1531,1712387340.334978,1541201.3665384,429.0,0.0,430.1,BID
1532,1712387370.313911,1541201.3665384,429.0,0.0,430.1,BID
1533,1712387373.2458124,1541271.3618714,428.6,-3.0214027191650456e-08,430.1,ASK
1534,1712387400.2790706,1541271.3618714,428.6,-0.0,430.1,ASK
1535,1712387430.265627,1541271.3618714,428.6,-0.0,430.1,ASK
1536,1712387460.3458288,1541271.3618714,428.6,-0.0,430.1,ASK
1537,1712387490.3043618,1541271.3618714,428.6,-0.0,430.1,ASK
1538,1712387512.5111077,1541306.85849588,428.7,-1.5655942137452013e-08,430.1,ASK
1539,1712387520.2464044,1541306.85849588,428.7,-0.0,430.1,ASK
1540,1712387521.1811562,1541318.52671799,428.7,-5.146286071196173e-09,430.1,ASK
1541,1712387541.9220326,1541552.06244895,428.2,-1.03001268576676e-07,430.1,ASK
1542,1712387541.9275112,1541552.06244959,428.6,-2.822956039401903e-16,430.1,ASK
1543,1712387541.9320054,1544692.6221598,427.9,-1.3851483576520376e-06,430.1,ASK
1544,1712387541.9352777,1544996.36047755,428.0,-1.3396422001452084e-07,430.1,ASK
1545,1712387541.937665,1545446.62916913,428.0,-1.9859165123230041e-07,430.1,ASK
1546,1712387541.9401145,1549387.05176944,427.9,-1.7379290307808113e-06,430.1,ASK
1547,1712387550.2583086,1549387.05176944,427.9,-0.0,430.1,ASK
1548,1712387565.4315057,1550399.83258674,428.1,-4.460082627330371e-07,430.1,ASK
1549,1712387565.4367218,1555664.10975114,428.0,-2.318281579324334e-06,430.1,ASK
1550,1712387565.441522,1556676.89056844,427.9,-4.4600826273313963e-07,430.1,ASK
1551,1712387565.531283,1559131.79147195,427.9,1.0810888875989289e-06,430.1,BID
1552,1712387580.3055933,1559131.79147195,427.9,0.0,430.1,BID
1553,1712387587.8214257,1559365.49093445,428.3,-1.0272786329372845e-07,430.1,ASK
1554,1712387610.3197913,1559365.49093445,428.3,-0.0,430.1,ASK
1555,1712387626.610214,1559412.45031458,428.3,-2.0641145214737267e-08,430.1,ASK
1556,1712387633.7316704,1559753.40401375,428.3,-1.498672852277368e-07,430.1,ASK
1557,1712387633.7364807,1559871.99517576,428.3,-5.212712325962685e-08,430.1,ASK
1558,1712387640.252218,1559871.99517576,428.3,-0.0,430.1,ASK
1559,1712387670.2830057,1559871.99517576,428.3,-0.0,430.1,ASK
1560,1712387700.3327217,1559871.99517576,428.3,-0.0,430.1,ASK
1561,1712387730.2653856,1559871.99517576,428.3,-0.0,430.1,ASK
1562,1712387760.3372114,1559871.99517576,428.3,-0.0,430.1,ASK
1563,1712387790.330623,1559871.99517576,428.3,-0.0,430.1,ASK
1564,1712387820.2728848,1559871.99517576,428.3,-0.0,430.1,ASK
1565,1712387846.982093,1560591.0853426,428.3,-3.165585881083683e-07,430.1,ASK
1566,1712387846.9847393,1560621.08534176,428.3,-1.3206629453797104e-08,430.1,ASK
1567,1712387847.0420525,1560621.0853426,428.3,-3.698089501787182e-16,430.1,ASK
1568,1712387850.28091,1560621.0853426,428.3,-0.0,430.1,ASK
1569,1712387867.3224163,1560737.71701976,428.7,5.133646218331934e-08,430.1,BID
1570,1712387880.3300672,1560737.71701976,428.7,0.0,430.1,BID
1571,1712387910.3130684,1560737.71701976,428.7,0.0,430.1,BID
1572,1712387940.248232,1560737.71701976,428.7,0.0,430.1,BID
1573,1712387970.2564886,1560737.71701976,428.7,0.0,430.1,BID
1574,1712388000.28537,1560737.71701976,428.7,0.0,430.1,BID
1575,1712388030.249673,1560737.71701976,428.7,0.0,430.1,BID
1576,1712388060.3159297,1560737.71701976,428.7,0.0,430.1,BID
1577,1712388090.3050864,1560737.71701976,428.7,0.0,430.1,BID
1578,1712388120.2712474,1560737.71701976,428.7,0.0,430.1,BID
1579,1712388150.2586536,1560737.71701976,428.7,0.0,430.1,BID
1580,1712388180.3491278,1560737.71701976,428.7,0.0,430.1,BID
1581,1712388196.1324954,1560749.37785484,428.7,5.13480574091335e-09,430.1,BID
1582,1712388196.1361177,1560761.04335519,428.7,5.136860075454431e-09,430.1,BID
1583,1712388210.3266478,1560761.04335519,428.7,0.0,430.1,BID
1584,1712388240.2699492,1560761.04335519,428.7,0.0,430.1,BID
1585,1712388270.2613535,1560761.04335519,428.7,0.0,430.1,BID
1586,1712388300.3162873,1560761.04335519,428.7,0.0,430.1,BID
1587,1712388330.324257,1560761.04335519,428.7,0.0,430.1,BID
1588,1712388360.2504508,1560761.04335519,428.7,0.0,430.1,BID
1589,1712388390.2737424,1560761.04335519,428.7,0.0,430.1,BID
1590,1712388420.313919,1560761.04335519,428.7,0.0,430.1,BID
1591,1712388450.336954,1560761.04335519,428.7,0.0,430.1,BID
1592,1712388450.7856855,1560994.79744588,427.8,-1.0351507008393513e-07,430.1,ASK
1593,1712388451.102198,1561444.79644588,427.8,1.9927641858671373e-07,430.1,BID
1594,1712388475.1425164,1561626.57944588,427.8,8.050032377829153e-08,430.1,BID
1595,1712388480.256338,1561626.57944588,427.8,0.0,430.1,BID
1596,1712388510.2682958,1561626.57944588,427.8,0.0,430.1,BID
1597,1712388540.3265083,1561626.57944588,427.8,0.0,430.1,BID
1598,1712388570.315669,1561626.57944588,427.8,0.0,430.1,BID
1599,1712388600.3922772,1561626.57944588,427.8,0.0,430.1,BID
1600,1712388630.3495884,1561626.57944588,427.8,0.0,430.1,BID
1601,1712388660.2402115,1561626.57944588,427.8,0.0,430.1,BID
1602,1712388690.2488155,1561626.57944588,427.8,0.0,430.1,BID
1603,1712388720.3261724,1561626.57944588,427.8,0.0,430.1,BID
1604,1712388724.622351,1561640.60797054,427.7,-6.2131926121784066e-09,430.1,ASK
1605,1712388724.6322644,1566870.66992888,427.7,-2.316379170887201e-06,430.1,ASK
1606,1712388724.6420012,1566870.66992985,427.7,-4.295979711066267e-16,430.1,ASK
1607,1712388724.762084,1569477.84042279,427.4,-1.1547081990430228e-06,430.1,ASK
1608,1712388724.7721195,1570648.2524078,427.2,-5.183720508531403e-07,430.1,ASK
1609,1712388724.776452,1573048.94057268,427.4,-1.0632577788215226e-06,430.1,ASK
1610,1712388724.780698,1573104.24628429,427.2,-2.449473819334689e-08,430.1,ASK
1611,1712388724.8920689,1573329.36128429,427.2,9.970277622098336e-08,430.1,BID
1612,1712388727.6819882,1574039.36128429,427.2,3.144569269791045e-07,430.1,BID
1613,1712388731.272407,1574489.36028429,427.2,1.9930324321646721e-07,430.1,BID
1614,1712388732.057707,1574855.03902716,427.2,1.6195804752743546e-07,430.1,BID
1615,1712388732.2120607,1575197.85529841,427.2,1.5183232559954897e-07,430.1,BID
1616,1712388733.301999,1575566.24434335,427.2,1.631584324008472e-07,430.1,BID
1617,1712388739.3819556,1576206.24434335,427.2,2.834541313614464e-07,430.1,BID
1618,1712388741.3920443,1576570.08734335,427.2,1.6114500237027165e-07,430.1,BID
1619,1712388743.4020195,1577908.80798135,427.2,5.929154618436163e-07,430.1,BID
1620,1712388743.4219866,1577908.80798228,427.2,4.118613289966075e-16,430.1,BID
1621,1712388750.3250368,1577908.80798228,427.2,0.0,430.1,BID
1622,1712388778.07235,1613021.16753284,427.2,-1.5503375560502748e-05,430.1,ASK
1623,1712388780.268947,1613021.16753284,427.2,-0.0,430.1,ASK
1624,1712388784.2322536,1613808.54753284,427.2,3.4536932716168e-07,430.1,BID
1625,1712388784.3585193,1614200.16942793,427.2,1.7177752852374588e-07,430.1,BID
1626,1712388810.263609,1614200.16942793,427.2,0.0,430.1,BID
1627,1712388840.3498943,1614200.16942793,427.2,0.0,430.1,BID
1628,1712388842.7020018,1614223.54483699,427.8,1.0250915862189197e-08,430.1,BID
1629,1712388843.2619534,1614922.35585399,427.2,3.064525168479897e-07,430.1,BID
1630,1712388843.2820811,1621327.18211356,427.2,2.8087352366679103e-06,430.1,BID
1631,1712388843.2876322,1626957.1039718,427.2,2.4689131698613347e-06,430.1,BID
1632,1712388843.2931387,1627208.9996588,427.2,1.1046486873615505e-07,430.1,BID
1633,1712388843.3619726,1630790.4603329,427.2,1.5705929226502924e-06,430.1,BID
1634,1712388843.4219117,1636645.26126966,427.2,2.567530332330669e-06,430.1,BID
1635,1712388843.4419734,1641329.10201907,427.2,2.054024265865433e-06,430.1,BID
1636,1712388843.447557,1646012.94276848,427.2,2.054024265865433e-06,430.1,BID
1637,1712388843.46182,1653038.7038926,427.2,3.0810363988003965e-06,430.1,BID
1638,1712388843.5219164,1660882.21001393,427.2,3.439645531224619e-06,430.1,BID
1639,1712388844.6521025,1660905.59088837,427.8,1.0253312618093272e-08,430.1,BID
1640,1712388844.6580184,1661202.70839735,427.8,1.3029618339078817e-07,430.1,BID
1641,1712388844.79213,1662300.65001393,427.8,-4.814849273521312e-07,430.1,ASK
1642,1712388870.315645,1662300.65001393,427.8,-0.0,430.1,ASK
1643,1712388900.2613442,1662300.65001393,427.8,-0.0,430.1,ASK
1644,1712388930.2471752,1662300.65001393,427.8,-0.0,430.1,ASK
1645,1712388960.3140583,1662300.65001393,427.8,-0.0,430.1,ASK
1646,1712388990.253919,1662300.65001393,427.8,-0.0,430.1,ASK
