,time,acc_trade_volume,trade_price,dev,high,ask_bid
0,1712365207.2332306,79855.89913499,19050.0,0.0,19830.0,ASK
1,1712365222.6155057,79856.96497002,19050.0,-1.4359536158653118e-10,19830.0,ASK
2,1712365229.9762008,79936.33458145,19050.0,-1.0693125794854514e-08,19830.0,ASK
3,1712365230.115477,79991.38264987,19050.0,-7.4163890911541115e-09,19830.0,ASK
4,1712365230.12574,79992.64249238,19050.0,-1.697331535132884e-10,19830.0,ASK
5,1712365230.1268766,80035.69413627,19040.0,-5.800162499183821e-09,19830.0,ASK
6,1712365230.1280508,80246.13578494,19030.0,-2.835189666625902e-08,19830.0,ASK
7,1712365230.1292784,80251.37412962,19040.0,-7.05739610046256e-10,19830.0,ASK
8,1712365230.1303017,80251.89961569,19030.0,-7.079647422537249e-11,19830.0,ASK
9,1712365230.765427,80251.89961569,19030.0,-0.0,19830.0,ASK
10,1712365260.5356572,80251.89961569,19030.0,-0.0,19830.0,ASK
11,1712365273.9156508,80253.22309583,19050.0,-1.7812585277237914e-10,19830.0,ASK
12,1712365290.4755044,80253.22309583,19050.0,-0.0,19830.0,ASK
13,1712365298.2756293,80291.45823246,19040.0,-5.146010885735811e-09,19830.0,ASK
14,1712365298.277145,80372.27751299,19040.0,-1.0877348272854398e-08,19830.0,ASK
15,1712365311.4307537,80373.93180836,19050.0,2.2264918429895318e-10,19830.0,BID
16,1712365318.155789,80374.93180836,19050.0,1.3458853136929254e-10,19830.0,BID
17,1712365320.7570653,80374.93180836,19050.0,0.0,19830.0,BID
18,1712365331.9855447,80378.7196782,19050.0,5.096448855707676e-10,19830.0,BID
19,1712365334.05558,80379.7196782,19050.0,1.345465676219025e-10,19830.0,BID
20,1712365350.7356374,80379.7196782,19050.0,0.0,19830.0,BID
21,1712365351.9656382,80508.94032911,19050.0,1.7385981687699103e-08,19830.0,BID
22,1712365353.4072616,80509.94032911,19050.0,1.3454491650724783e-10,19830.0,BID
23,1712365365.54014,80562.43376743,19050.0,7.0627252759429774e-09,19830.0,BID
24,1712365368.4655738,80596.3188068,19050.0,4.559059792881144e-09,19830.0,BID
25,1712365380.536131,80596.3188068,19050.0,0.0,19830.0,BID
26,1712365386.3959353,80596.58009206,19140.0,3.513509785384369e-11,19830.0,BID
27,1712365386.9855702,80600.14678397,19140.0,4.79614002231549e-10,19830.0,BID
28,1712365410.5155838,80600.14678397,19140.0,0.0,19830.0,BID
29,1712365440.753248,80600.14678397,19140.0,0.0,19830.0,BID
30,1712365470.7256567,80600.14678397,19140.0,0.0,19830.0,BID
31,1712365500.4756272,80600.14678397,19140.0,0.0,19830.0,BID
32,1712365530.7558022,80600.14678397,19140.0,0.0,19830.0,BID
33,1712365532.4957778,80658.84717071,19140.0,7.8987449991662e-09,19830.0,BID
34,1712365532.4972117,80709.08528971,19140.0,6.7600592305542325e-09,19830.0,BID
35,1712365545.9056942,80728.81748171,19140.0,2.655170801053209e-09,19830.0,BID
36,1712365545.9065146,80774.39939629,19140.0,6.1335187012652515e-09,19830.0,BID
37,1712365546.755925,80800.50964315,19140.0,3.513404140349857e-09,19830.0,BID
38,1712365560.4875946,80800.50964315,19140.0,0.0,19830.0,BID
39,1712365590.5256467,80800.50964315,19140.0,0.0,19830.0,BID
40,1712365620.7359662,80800.50964315,19140.0,0.0,19830.0,BID
41,1712365624.5157008,80848.76071963,19130.0,6.48933337858237e-09,19830.0,BID
42,1712365633.6357534,80876.48679402,19060.0,-3.728906236335571e-09,19830.0,ASK
43,1712365650.7569647,80876.48679402,19060.0,-0.0,19830.0,ASK
44,1712365665.305896,80883.63587548,19060.0,-9.612991373828912e-10,19830.0,ASK
45,1712365668.5358205,80901.22661679,19060.0,-2.365333860278781e-09,19830.0,ASK
46,1712365668.5368924,80926.7340114,19060.0,-3.429844319537491e-09,19830.0,ASK
47,1712365669.4557116,80927.0160254,19050.0,-3.79209296248339e-11,19830.0,ASK
48,1712365669.4733975,80997.18372954,19010.0,-9.43507971469709e-09,19830.0,ASK
49,1712365669.475041,80997.68705498,19020.0,-6.767950735940698e-11,19830.0,ASK
50,1712365669.4764798,81050.29094766,19010.0,-7.073366968782666e-09,19830.0,ASK
51,1712365669.4780576,81050.81726344,19000.0,-7.077089667100526e-11,19830.0,ASK
52,1712365669.4795156,81055.4476331,19060.0,-6.226212954540549e-10,19830.0,ASK
53,1712365669.480954,81217.1318436,19000.0,-2.1740819845428857e-08,19830.0,ASK
54,1712365669.4823823,81443.15726411,19020.0,-3.0392441739358784e-08,19830.0,ASK
55,1712365669.4833682,81972.20282365,19000.0,-7.113795567553885e-08,19830.0,ASK
56,1712365672.356594,82114.30184969,19000.0,-1.91073037731573e-08,19830.0,ASK
57,1712365672.358488,82121.26872156,19000.0,-9.367983784156207e-10,19830.0,ASK
58,1712365672.360327,82126.80728765,19010.0,-7.44741661490311e-10,19830.0,ASK
59,1712365677.5757003,82127.73430982,19000.0,-1.2465176363639329e-10,19830.0,ASK
60,1712365680.475837,82127.73430982,19000.0,-0.0,19830.0,ASK
61,1712365680.9057791,82133.27287591,19110.0,7.423676067527559e-10,19830.0,BID
62,1712365680.9070606,82204.1341005,19110.0,9.49795973465121e-09,19830.0,BID
63,1712365710.535696,82204.1341005,19110.0,0.0,19830.0,BID
64,1712365740.7361803,82204.1341005,19110.0,0.0,19830.0,BID
65,1712365770.7273877,82204.1341005,19110.0,0.0,19830.0,BID
66,1712365784.8562157,82205.86354047,19090.0,2.3176197483737864e-10,19830.0,BID
67,1712365800.617104,82205.86354047,19090.0,0.0,19830.0,BID
68,1712365806.5263443,82232.22713168,19080.0,3.539799825772644e-09,19830.0,BID
69,1712365806.527985,82258.59072289,19060.0,3.539799825772644e-09,19830.0,BID
70,1712365806.5296333,82310.75676354,19110.0,7.004255988238882e-09,19830.0,BID
71,1712365806.530925,82705.15189483,19090.0,5.295484237733093e-08,19830.0,BID
72,1712365806.532168,83019.79168751,19100.0,4.224621275751468e-08,19830.0,BID
73,1712365806.5334184,83023.84778751,19080.0,5.446064596797463e-10,19830.0,BID
74,1712365806.534672,83031.75731834,19110.0,1.062000834063653e-09,19830.0,BID
75,1712365806.6059587,83039.46341834,19120.0,-1.034686481827879e-09,19830.0,ASK
76,1712365806.625969,83078.90111834,19120.0,-5.295240791622661e-09,19830.0,ASK
77,1712365806.62775,83120.4285218,19120.0,-5.575822139009008e-09,19830.0,ASK
78,1712365807.0036497,83163.6494218,19120.0,-5.803205377866218e-09,19830.0,ASK
79,1712365807.0074618,83227.0713218,19120.0,-8.515563330576137e-09,19830.0,ASK
80,1712365807.0172088,83248.73969476,19120.0,-2.909379917843178e-09,19830.0,ASK
81,1712365808.6261325,83261.01921704,19120.0,-1.6487530276525571e-09,19830.0,ASK
82,1712365809.8961306,86397.42565379,19120.0,-4.211205852011802e-07,19830.0,ASK
83,1712365809.9763582,86448.91894967,19120.0,-6.913927557614541e-09,19830.0,ASK
84,1712365809.9781313,86527.51900958,19120.0,-1.0553512082588806e-08,19830.0,ASK
85,1712365811.1659362,86529.3232799,19130.0,2.422566680492453e-10,19830.0,BID
86,1712365811.2664845,86665.97635394,19120.0,-1.8348203164924884e-08,19830.0,ASK
87,1712365819.2962463,87409.7231277,19120.0,-9.98617631112407e-08,19830.0,ASK
88,1712365820.4560795,87546.37620174,19120.0,-1.8348203164924884e-08,19830.0,ASK
89,1712365821.9859617,88096.64713085,19120.0,-7.388405181508469e-08,19830.0,ASK
90,1712365823.905977,88418.30453209,19120.0,-4.318845652696717e-08,19830.0,ASK
91,1712365824.0059838,88433.53794611,19120.0,-2.04536763843662e-09,19830.0,ASK
92,1712365830.505976,88433.53794611,19120.0,-0.0,19830.0,ASK
93,1712365830.8959625,88433.81017632,19120.0,-3.597685588826281e-11,19830.0,ASK
94,1712365830.8978417,88435.06540644,19120.0,-1.6588619291685455e-10,19830.0,ASK
95,1712365860.7562034,88435.06540644,19120.0,-0.0,19830.0,ASK
96,1712365875.7761748,88509.91663738,19120.0,9.892001166941425e-09,19830.0,BID
97,1712365890.7359335,88509.91663738,19120.0,0.0,19830.0,BID
98,1712365920.4859228,88509.91663738,19120.0,0.0,19830.0,BID
99,1712365950.5051274,88509.91663738,19120.0,0.0,19830.0,BID
100,1712365980.7564652,88509.91663738,19120.0,0.0,19830.0,BID
101,1712365987.8033955,88514.65946062,19120.0,6.26671607808006e-10,19830.0,BID
102,1712365987.886102,88521.15093113,19120.0,8.57721246543315e-10,19830.0,BID
103,1712366010.7760198,88521.15093113,19120.0,0.0,19830.0,BID
104,1712366040.4562953,88521.15093113,19120.0,0.0,19830.0,BID
105,1712366053.5065987,88566.15275651,19120.0,-5.9459449490785206e-09,19830.0,ASK
106,1712366053.6260188,88572.91341956,19100.0,8.932644392796435e-10,19830.0,BID
107,1712366070.5359752,88572.91341956,19100.0,0.0,19830.0,BID
108,1712366075.5745957,88625.32432102,19080.0,-6.9239768000618555e-09,19830.0,ASK
109,1712366075.716118,88637.79139131,19080.0,1.6470181402740104e-09,19830.0,BID
110,1712366100.545968,88637.79139131,19080.0,0.0,19830.0,BID
111,1712366115.7260666,88641.36593204,19070.0,-4.72622392944884e-10,19830.0,ASK
112,1712366130.4859562,88641.36593204,19070.0,-0.0,19830.0,ASK
113,1712366136.456206,88641.88949224,19100.0,6.922401032077933e-11,19830.0,BID
114,1712366160.7508864,88641.88949224,19100.0,0.0,19830.0,BID
115,1712366186.706205,88647.88885105,19080.0,-7.932213469984997e-10,19830.0,ASK
116,1712366186.7082002,88652.88885105,19080.0,-6.61088436382311e-10,19830.0,ASK
117,1712366186.7101443,88852.06282772,19070.0,-2.6334322560964093e-08,19830.0,ASK
118,1712366190.7459648,88852.06282772,19070.0,-0.0,19830.0,ASK
119,1712366220.4859934,88852.06282772,19070.0,-0.0,19830.0,ASK
120,1712366222.030174,88856.26830579,19070.0,-5.557440712032936e-10,19830.0,ASK
121,1712366222.0311334,88908.51893808,19060.0,-6.9047986051687315e-09,19830.0,ASK
122,1712366222.0320363,88918.51893808,19060.0,-1.321476564502761e-09,19830.0,ASK
123,1712366222.032941,88923.51893808,19070.0,-6.6073828225138e-10,19830.0,ASK
124,1712366222.0338469,89098.97082784,19050.0,-2.3185556051557063e-08,19830.0,ASK
125,1712366222.034754,89151.49183624,19040.0,-6.940528174465152e-09,19830.0,ASK
126,1712366222.0356934,89297.10877882,19000.0,-1.924293770139997e-08,19830.0,ASK
127,1712366222.0366025,90505.16116476,19070.0,-1.5964129167113532e-07,19830.0,ASK
128,1712366222.037517,90505.68803514,18980.0,-6.96246859714174e-11,19830.0,ASK
129,1712366222.0384572,90716.01469653,18960.0,-2.7794175391698025e-08,19830.0,ASK
130,1712366222.0393944,90794.92053556,19010.0,-1.0427221708057913e-08,19830.0,ASK
131,1712366222.040319,90795.4471285,18990.0,-6.958802292489194e-11,19830.0,ASK
132,1712366222.04125,90795.71685909,18930.0,-3.5644265340503114e-11,19830.0,ASK
133,1712366222.0421906,90823.18348185,18980.0,-3.6296498283391454e-09,19830.0,ASK
134,1712366222.043148,91213.58950671,18940.0,-5.159124124931724e-08,19830.0,ASK
135,1712366222.0440905,91478.5225141,18920.0,-3.5010276042911e-08,19830.0,ASK
136,1712366222.0450263,91536.60065559,18940.0,-7.67489028889072e-09,19830.0,ASK
137,1712366222.0459802,91631.27237236,19000.0,-1.2510645503281354e-08,19830.0,ASK
138,1712366222.0469692,91955.52256953,18990.0,-4.284890365955504e-08,19830.0,ASK
139,1712366222.047922,92009.52256953,19000.0,-7.135973448314913e-09,19830.0,ASK
140,1712366222.048888,92010.04999569,18960.0,-6.969813099441876e-11,19830.0,ASK
141,1712366222.049864,92068.09748909,18950.0,-7.670840215622078e-09,19830.0,ASK
142,1712366222.050821,92089.20625888,18940.0,-2.7894744582978793e-09,19830.0,ASK
143,1712366222.051797,92112.42590565,18940.0,-3.0684219042584315e-09,19830.0,ASK
144,1712366222.0527594,92190.82053038,18920.0,-1.0359665936368968e-08,19830.0,ASK
145,1712366222.1463132,92487.55887776,18920.0,3.9213277185194953e-08,19830.0,BID
146,1712366222.1488302,92573.98929124,18920.0,1.1421576587408971e-08,19830.0,BID
147,1712366222.1659634,92583.19059391,18920.0,1.215930584130246e-09,19830.0,BID
148,1712366222.1861773,92585.09420773,18920.0,2.5155810509970767e-10,19830.0,BID
149,1712366222.226719,92674.59780773,18920.0,1.1827690983862458e-08,19830.0,BID
150,1712366222.237734,92735.59280773,18920.0,8.060346305185903e-09,19830.0,BID
151,1712366222.2460115,92804.27898907,18920.0,9.076717894598137e-09,19830.0,BID
152,1712366226.9462686,92974.16938283,18920.0,2.245061738880016e-08,19830.0,BID
153,1712366229.2290218,92975.7550065,18920.0,2.0953645200140158e-10,19830.0,BID
154,1712366235.6783493,92977.0819704,18960.0,-1.7535516957996122e-10,19830.0,ASK
155,1712366250.5070448,92977.0819704,18960.0,-0.0,19830.0,ASK
156,1712366280.7761092,92977.0819704,18960.0,-0.0,19830.0,ASK
157,1712366310.7564647,92977.0819704,18960.0,-0.0,19830.0,ASK
158,1712366340.496091,92977.0819704,18960.0,-0.0,19830.0,ASK
159,1712366370.51596,92977.0819704,18960.0,-0.0,19830.0,ASK
160,1712366400.565926,92977.0819704,18960.0,-0.0,19830.0,ASK
161,1712366430.5059786,92977.0819704,18960.0,-0.0,19830.0,ASK
162,1712366460.7555935,92977.0819704,18960.0,-0.0,19830.0,ASK
163,1712366462.7955148,92978.0819704,19100.0,1.3158798192206978e-10,19830.0,BID
164,1712366464.0456762,92978.42008386,19010.0,-4.44916678609425e-11,19830.0,ASK
165,1712366484.2855363,92979.42008386,19010.0,-1.3158798192206978e-10,19830.0,ASK
166,1712366489.930024,92985.1055515,19010.0,-7.481392130322484e-10,19830.0,ASK
167,1712366490.7356527,92985.1055515,19010.0,-0.0,19830.0,ASK
168,1712366492.455511,92985.37950547,19120.0,3.6048326102714885e-11,19830.0,BID
169,1712366497.8355474,93136.92742233,19100.0,-1.994148406464001e-08,19830.0,ASK
170,1712366497.845575,93188.42072817,19100.0,-6.775764122131925e-09,19830.0,ASK
171,1712366497.945714,93212.0713394,19100.0,-3.112073704041574e-09,19830.0,ASK
172,1712366497.9480832,93367.48029968,19100.0,-2.0449540773224362e-08,19830.0,ASK
173,1712366510.1139116,93368.00331223,19120.0,6.882078386443221e-11,19830.0,BID
174,1712366520.5454469,93368.00331223,19120.0,0.0,19830.0,BID
175,1712366526.635418,93374.05266991,19120.0,7.952414972039211e-10,19830.0,BID
176,1712366526.715505,93387.99359968,19120.0,1.8326583497207662e-09,19830.0,BID
177,1712366526.7173474,93418.09469968,19120.0,3.9570554590609395e-09,19830.0,BID
178,1712366526.7958746,93420.5327912,19130.0,3.2050866443130657e-10,19830.0,BID
179,1712366526.8156192,93429.88542665,19120.0,-1.2294865358407855e-09,19830.0,ASK
180,1712366526.8179147,93437.33670272,19120.0,-9.79536051831022e-10,19830.0,ASK
181,1712366526.820201,93456.33017037,19130.0,-2.4968590799313627e-09,19830.0,ASK
182,1712366531.895576,93462.21447037,19120.0,-7.73543207317103e-10,19830.0,ASK
183,1712366550.489075,93462.21447037,19120.0,-0.0,19830.0,ASK
184,1712366550.4936483,93508.6314256,19120.0,-6.100473978253152e-09,19830.0,ASK
185,1712366550.615698,93518.5943403,19110.0,-1.309403031148989e-09,19830.0,ASK
186,1712366550.619935,93584.5509256,19110.0,-8.668522748277766e-09,19830.0,ASK
187,1712366568.945542,93663.22013448,19110.0,-1.0339313711642188e-08,19830.0,ASK
188,1712366580.7321925,93663.22013448,19110.0,-0.0,19830.0,ASK
189,1712366585.105729,93818.74643594,19110.0,-2.0430149879320225e-08,19830.0,ASK
190,1712366610.745582,93818.74643594,19110.0,-0.0,19830.0,ASK
191,1712366640.5055358,93818.74643594,19110.0,-0.0,19830.0,ASK
192,1712366667.415748,94083.67944333,19110.0,-3.47883838712756e-08,19830.0,ASK
193,1712366670.4956584,94083.67944333,19110.0,-0.0,19830.0,ASK
194,1712366700.765569,94083.67944333,19110.0,-0.0,19830.0,ASK
195,1712366708.2754874,94083.96710023,19120.0,3.774726549369912e-11,19830.0,BID
196,1712366711.655591,94123.40540023,19110.0,-5.175220829683823e-09,19830.0,ASK
197,1712366711.7356489,94174.89869611,19110.0,-6.757116240489947e-09,19830.0,ASK
198,1712366724.231249,94426.92143918,19110.0,-3.3071236576883966e-08,19830.0,ASK
199,1712366730.7659328,94426.92143918,19110.0,-0.0,19830.0,ASK
200,1712366760.4859118,94426.92143918,19110.0,-0.0,19830.0,ASK
201,1712366760.8460746,94427.35419284,19120.0,5.673849287188575e-11,19830.0,BID
202,1712366773.0566134,94429.9692556,19120.0,3.4286184840523296e-10,19830.0,BID
203,1712366790.4861023,94429.9692556,19120.0,0.0,19830.0,BID
204,1712366792.6959925,94430.49226815,19120.0,6.857184550656051e-11,19830.0,BID
205,1712366815.1666472,94489.47076815,19120.0,7.732633930364776e-09,19830.0,BID
206,1712366815.1752243,94529.92266815,19120.0,5.303623091257605e-09,19830.0,BID
207,1712366815.177548,94538.17138542,19120.0,1.0814841178401446e-09,19830.0,BID
208,1712366820.766298,94538.17138542,19120.0,0.0,19830.0,BID
209,1712366850.7464805,94538.17138542,19120.0,0.0,19830.0,BID
210,1712366872.5708232,94538.43260671,19160.0,3.423927141002386e-11,19830.0,BID
211,1712366880.496231,94538.43260671,19160.0,0.0,19830.0,BID
212,1712366910.5071166,94538.43260671,19160.0,0.0,19830.0,BID
213,1712366914.736329,94538.94930817,19160.0,6.772598788175579e-11,19830.0,BID
214,1712366915.656093,94540.48786343,19160.0,2.0166417740206624e-10,19830.0,BID
215,1712366915.6587975,94592.67777992,19160.0,6.840727045255486e-09,19830.0,BID
216,1712366915.716251,94638.94930817,19160.0,-6.064981820495257e-09,19830.0,ASK
217,1712366930.2962997,94642.83931378,19170.0,5.098775467016913e-10,19830.0,BID
218,1712366931.3160927,94643.35601524,19160.0,-6.772598788175579e-11,19830.0,ASK
219,1712366937.8659573,94643.66916765,19150.0,-4.1046054572671775e-11,19830.0,ASK
220,1712366940.520848,94643.66916765,19150.0,-0.0,19830.0,ASK
221,1712366945.1860888,94643.8727167,19150.0,-2.667288385494181e-11,19830.0,ASK
222,1712366945.1958494,94644.38941816,19150.0,-6.770809311266935e-11,19830.0,ASK
223,1712366960.816204,94670.52637581,19130.0,-3.4249633477801222e-09,19830.0,ASK
224,1712366970.7660463,94670.52637581,19130.0,-0.0,19830.0,ASK
225,1712366980.4509425,94719.67261155,19120.0,-6.4396448264292215e-09,19830.0,ASK
226,1712366980.4531176,94839.1798176,19120.0,-1.5659062175833685e-08,19830.0,ASK
227,1712366996.6362462,94839.44641456,19130.0,3.4932273212638347e-11,19830.0,BID
228,1712367000.5858705,94839.44641456,19130.0,0.0,19830.0,BID
229,1712367028.4362452,94840.70098852,19130.0,1.6455212707702678e-10,19830.0,BID
230,1712367030.5459003,94840.70098852,19130.0,0.0,19830.0,BID
231,1712367049.6758428,94869.10382946,19130.0,3.7253548442778715e-09,19830.0,BID
232,1712367060.745839,94869.10382946,19130.0,0.0,19830.0,BID
233,1712367090.762717,94869.10382946,19130.0,0.0,19830.0,BID
234,1712367120.5057926,94869.10382946,19130.0,0.0,19830.0,BID
235,1712367143.8560538,94894.56111397,19130.0,-3.338773757399194e-09,19830.0,ASK
236,1712367143.9459205,94946.05440985,19130.0,6.7534486994690874e-09,19830.0,BID
237,1712367143.9488628,94976.45998157,19130.0,3.987751517550583e-09,19830.0,BID
238,1712367150.5176558,94976.45998157,19130.0,0.0,19830.0,BID
239,1712367180.745898,94976.45998157,19130.0,0.0,19830.0,BID
240,1712367198.8357644,95090.93499448,19130.0,1.5009583970309738e-08,19830.0,BID
241,1712367198.9359188,95100.80159448,19140.0,1.2936758637258115e-09,19830.0,BID
242,1712367198.9418848,95127.64063251,19140.0,3.519045639333478e-09,19830.0,BID
243,1712367210.7780254,95127.64063251,19140.0,0.0,19830.0,BID
244,1712367240.535904,95127.64063251,19140.0,0.0,19830.0,BID
245,1712367246.638805,95134.07924795,19130.0,-8.438898548675241e-10,19830.0,ASK
246,1712367254.6059384,95187.75732401,19130.0,-7.0354231026821404e-09,19830.0,ASK
247,1712367254.686199,95239.25061989,19130.0,-6.749070571425339e-09,19830.0,ASK
248,1712367257.5966003,95415.92247431,19130.0,-2.3155845689974053e-08,19830.0,ASK
249,1712367257.6803548,95492.38631951,19120.0,-1.002188495799551e-08,19830.0,ASK
250,1712367257.7048635,95498.8546171,19120.0,-8.477802045081353e-10,19830.0,ASK
251,1712367257.7761724,95519.61909724,19120.0,-2.7215376186143247e-09,19830.0,ASK
252,1712367260.810562,95610.22279964,19120.0,-1.1875153281217802e-08,19830.0,ASK
253,1712367268.485793,95729.94575863,19110.0,-1.5691726183666387e-08,19830.0,ASK
254,1712367270.4956758,95729.94575863,19110.0,-0.0,19830.0,ASK
255,1712367280.4659245,95906.50218202,19110.0,-2.3105835972014643e-08,19830.0,ASK
256,1712367280.4688833,95967.19467591,19110.0,-7.942791214437228e-09,19830.0,ASK
257,1712367280.4758182,96067.22905358,19100.0,-1.3091440558352767e-08,19830.0,ASK
258,1712367280.478125,96082.21517642,19110.0,-1.961225140093237e-09,19830.0,ASK
259,1712367280.4804237,96094.14797642,19100.0,-1.5616385639962067e-09,19830.0,ASK
260,1712367283.0759616,96277.45990454,19100.0,-2.3989924928972907e-08,19830.0,ASK
261,1712367283.0790958,96520.94960735,19100.0,-3.1865355142446085e-08,19830.0,ASK
262,1712367283.175914,96696.09860454,19100.0,-2.2921646927539973e-08,19830.0,ASK
263,1712367283.1789868,97240.32880454,19100.0,-7.122308829534316e-08,19830.0,ASK
264,1712367283.1820712,97545.66362684,19100.0,-3.995898979570897e-08,19830.0,ASK
265,1712367286.215892,97571.05330454,19100.0,-3.3227322861111392e-09,19830.0,ASK
266,1712367286.2188454,97572.50266487,19100.0,-1.896769395668612e-10,19830.0,ASK
267,1712367297.2361808,97575.23960454,19100.0,-3.5818169549397567e-10,19830.0,ASK
268,1712367297.2393806,97596.17130454,19100.0,-2.739319349186669e-09,19830.0,ASK
269,1712367297.2422435,97657.74510454,19100.0,-8.058127230131208e-09,19830.0,ASK
270,1712367300.755729,97657.74510454,19100.0,-0.0,19830.0,ASK
271,1712367330.7757685,97657.74510454,19100.0,-0.0,19830.0,ASK
272,1712367340.0959222,97658.72253509,19070.0,-1.2732599172082318e-10,19830.0,ASK
273,1712367340.0990188,97968.44162512,19040.0,-4.03458744898167e-08,19830.0,ASK
274,1712367340.1020627,97969.41905567,19020.0,-1.2732599172082318e-10,19830.0,ASK
275,1712367340.1059072,97969.73119267,19050.0,-4.066084600868577e-11,19830.0,ASK
276,1712367340.107408,97981.73119267,19000.0,-1.5631922908946204e-09,19830.0,ASK
277,1712367340.1087203,97982.51900779,19040.0,-1.0262554351931167e-10,19830.0,ASK
278,1712367340.110055,98018.64724907,19000.0,-4.706282354372016e-09,19830.0,ASK
279,1712367360.4957614,98018.64724907,19000.0,-0.0,19830.0,ASK
280,1712367390.535807,98018.64724907,19000.0,-0.0,19830.0,ASK
281,1712367397.0159094,98019.42919077,19070.0,-1.0176936468184716e-10,19830.0,ASK
282,1712367397.0188942,98020.47576324,19110.0,-1.3621094176965734e-10,19830.0,ASK
283,1712367397.0213296,98021.45319037,19020.0,-1.2721170650287236e-10,19830.0,ASK
284,1712367397.0237713,98074.05708305,19010.0,-6.846373249874045e-09,19830.0,ASK
285,1712367397.0956771,98104.03704688,19010.0,3.9018789663826035e-09,19830.0,BID
286,1712367417.6758797,98104.52533712,19010.0,-6.355075769083379e-11,19830.0,ASK
287,1712367417.679314,98149.30449576,19010.0,-5.8279875926641036e-09,19830.0,ASK
288,1712367417.7959218,98168.07939523,19010.0,2.4435448205779598e-09,19830.0,BID
289,1712367417.8167615,98168.07939524,19010.0,1.3011266801700993e-18,19830.0,BID
290,1712367420.7357578,98168.07939524,19010.0,0.0,19830.0,BID
291,1712367428.7358348,98196.43369523,19010.0,-3.688935602366285e-09,19830.0,ASK
292,1712367428.7458253,98264.14291778,19010.0,-8.809068175247103e-09,19830.0,ASK
293,1712367436.535704,98294.03368623,19010.0,-3.888832380140032e-09,19830.0,ASK
294,1712367436.539584,98360.20644033,19010.0,-8.609171398774002e-09,19830.0,ASK
295,1712367450.7456613,98360.20644033,19010.0,-0.0,19830.0,ASK
296,1712367480.5457428,98360.20644033,19010.0,-0.0,19830.0,ASK
297,1712367495.747137,98370.94086682,19010.0,-1.395901177866257e-09,19830.0,ASK
298,1712367497.4658165,98371.4517391,19010.0,-6.643365791779452e-11,19830.0,ASK
299,1712367506.3859742,98371.71338221,19110.0,3.402398123218181e-11,19830.0,BID
300,1712367510.5057762,98371.71338221,19110.0,0.0,19830.0,BID
301,1712367540.7860136,98371.71338221,19110.0,0.0,19830.0,BID
302,1712367570.7257636,98371.71338221,19110.0,0.0,19830.0,BID
303,1712367600.577836,98371.71338221,19110.0,0.0,19830.0,BID
304,1712367618.0456195,98372.78088613,19110.0,1.3883339463041307e-10,19830.0,BID
305,1712367630.5256298,98372.78088613,19110.0,0.0,19830.0,BID
306,1712367641.925908,98373.55549014,19020.0,-1.0074025666002452e-10,19830.0,ASK
307,1712367641.9284537,98457.03438557,19010.0,-1.0856754215981029e-08,19830.0,ASK
308,1712367644.3958678,98458.99634266,19110.0,2.55160131176472e-10,19830.0,BID
309,1712367646.9258306,98467.5641366,19010.0,-1.1142748415711915e-09,19830.0,ASK
310,1712367646.929625,98478.07965737,19010.0,-1.3675842722268791e-09,19830.0,ASK
311,1712367647.0457523,98501.12309238,19010.0,2.996888122522455e-09,19830.0,BID
312,1712367654.4157686,98501.72556216,19070.0,-7.835353223526979e-11,19830.0,ASK
313,1712367658.7558303,98522.78893702,19020.0,-2.7393736181593166e-09,19830.0,ASK
314,1712367660.7557793,98522.78893702,19020.0,-0.0,19830.0,ASK
315,1712367690.7609658,98522.78893702,19020.0,-0.0,19830.0,ASK
316,1712367720.5057604,98522.78893702,19020.0,-0.0,19830.0,ASK
317,1712367750.5456247,98522.78893702,19020.0,-0.0,19830.0,ASK
318,1712367780.561036,98522.78893702,19020.0,-0.0,19830.0,ASK
319,1712367810.5368755,98522.78893702,19020.0,-0.0,19830.0,ASK
320,1712367840.555807,98522.78893702,19020.0,-0.0,19830.0,ASK
321,1712367870.5206647,98522.78893702,19020.0,-0.0,19830.0,ASK
322,1712367873.855745,98572.78893702,19020.0,-6.5002828488919025e-09,19830.0,ASK
323,1712367873.857471,98586.77316467,19020.0,-1.8180287029657039e-09,19830.0,ASK
324,1712367873.9394305,98633.28170661,19020.0,6.046373549990826e-09,19830.0,BID
325,1712367900.535544,98633.28170661,19020.0,0.0,19830.0,BID
326,1712367930.515732,98633.28170661,19020.0,0.0,19830.0,BID
327,1712367960.7459335,98633.28170661,19020.0,0.0,19830.0,BID
328,1712367990.7557018,98633.28170661,19020.0,0.0,19830.0,BID
329,1712368004.366626,98641.2706624,19030.0,-1.039313644020967e-09,19830.0,ASK
330,1712368004.3702242,98641.79642475,19020.0,-6.839842380390536e-11,19830.0,ASK
331,1712368020.5186236,98641.79642475,19020.0,-0.0,19830.0,ASK
332,1712368035.3057697,98647.49094234,19010.0,-7.40805836381787e-10,19830.0,ASK
333,1712368050.496153,98647.49094234,19010.0,-0.0,19830.0,ASK
334,1712368073.3956869,98858.9762242,19020.0,2.7511957305084788e-08,19830.0,BID
335,1712368080.7658212,98858.9762242,19020.0,0.0,19830.0,BID
336,1712368108.2156172,98860.0222493,19100.0,1.3600543041538355e-10,19830.0,BID
337,1712368110.7358918,98860.0222493,19100.0,0.0,19830.0,BID
338,1712368140.5193217,98860.0222493,19100.0,0.0,19830.0,BID
339,1712368170.5056543,98860.0222493,19100.0,0.0,19830.0,BID
340,1712368172.3963995,98862.89575887,19100.0,3.7361616911008094e-10,19830.0,BID
341,1712368172.515545,98886.20025977,19100.0,-3.0300711158916037e-09,19830.0,ASK
342,1712368200.595689,98886.20025977,19100.0,-0.0,19830.0,ASK
343,1712368205.8659308,98890.72477553,19090.0,5.90430273839363e-10,19830.0,BID
344,1712368222.0056798,98891.79339784,19090.0,1.3945071618422976e-10,19830.0,BID
345,1712368230.563975,98891.79339784,19090.0,0.0,19830.0,BID
346,1712368247.7256577,98892.5769717,19070.0,-1.0225166782935039e-10,19830.0,ASK
347,1712368248.8258586,98899.13148477,19030.0,-8.553244658006421e-10,19830.0,ASK
348,1712368248.8295877,98899.7345846,19050.0,-7.870089423999137e-11,19830.0,ASK
349,1712368260.7456384,98899.7345846,19050.0,-0.0,19830.0,ASK
350,1712368290.755672,98899.7345846,19050.0,-0.0,19830.0,ASK
351,1712368320.5155177,98899.7345846,19050.0,-0.0,19830.0,ASK
352,1712368332.945754,98900.2900564,19070.0,7.248429345058234e-11,19830.0,BID
353,1712368333.6457195,98900.51815767,19070.0,-2.9765254313054346e-11,19830.0,ASK
354,1712368350.496102,98900.51815767,19070.0,-0.0,19830.0,ASK
355,1712368380.7559695,98900.51815767,19070.0,-0.0,19830.0,ASK
356,1712368410.7556424,98900.51815767,19070.0,-0.0,19830.0,ASK
357,1712368436.835782,98916.24967313,19060.0,2.052823490899425e-09,19830.0,BID
358,1712368440.456388,98916.24967313,19060.0,0.0,19830.0,BID
359,1712368446.875617,98922.78848137,19060.0,8.53223201045539e-10,19830.0,BID
360,1712368446.9764452,98928.60972071,19060.0,7.59590476037362e-10,19830.0,BID
361,1712368447.055668,98948.74268733,19060.0,2.6270711107586713e-09,19830.0,BID
362,1712368447.1356716,98982.66108003,19060.0,4.425876785440963e-09,19830.0,BID
363,1712368470.505499,98982.66108003,19060.0,0.0,19830.0,BID
364,1712368500.525727,98982.66108003,19060.0,0.0,19830.0,BID
365,1712368530.5394423,98982.66108003,19060.0,0.0,19830.0,BID
366,1712368560.7459352,98982.66108003,19060.0,0.0,19830.0,BID
367,1712368590.7351944,98982.66108003,19060.0,0.0,19830.0,BID
368,1712368620.4851754,98982.66108003,19060.0,0.0,19830.0,BID
369,1712368650.5355668,98982.66108003,19060.0,0.0,19830.0,BID
370,1712368651.3551176,99190.61900009,19060.0,-2.713923312700929e-08,19830.0,ASK
371,1712368680.7353275,99190.61900009,19060.0,-0.0,19830.0,ASK
372,1712368710.7258406,99190.61900009,19060.0,-0.0,19830.0,ASK
373,1712368740.515586,99190.61900009,19060.0,-0.0,19830.0,ASK
374,1712368744.775401,99215.5166132,19060.0,-3.247545388095227e-09,19830.0,ASK
375,1712368770.496702,99215.5166132,19060.0,-0.0,19830.0,ASK
376,1712368793.1652477,99244.99056586,19060.0,-3.844226922494803e-09,19830.0,ASK
377,1712368800.641679,99244.99056586,19060.0,-0.0,19830.0,ASK
378,1712368830.4962182,99244.99056586,19060.0,-0.0,19830.0,ASK
379,1712368860.8066278,99244.99056586,19060.0,-0.0,19830.0,ASK
380,1712368865.516894,99249.14207841,19060.0,5.420099034443388e-10,19830.0,BID
381,1712368866.4968977,99253.05294366,19060.0,5.10591662919531e-10,19830.0,BID
382,1712368890.767104,99253.05294366,19060.0,0.0,19830.0,BID
383,1712368911.117665,99279.31344786,19040.0,-3.428429426687755e-09,19830.0,ASK
384,1712368911.1221814,99315.13125324,19040.0,-4.676178988377106e-09,19830.0,ASK
385,1712368911.2397048,99329.62450043,19030.0,-1.89215998200275e-09,19830.0,ASK
386,1712368911.243436,99366.62455908,19030.0,-4.830527582362817e-09,19830.0,ASK
387,1712368911.3070204,99378.40561562,19030.0,-1.538071036702279e-09,19830.0,ASK
388,1712368911.3174932,99382.1298476,19020.0,-4.862155888097344e-10,19830.0,ASK
389,1712368911.3210242,99400.27389453,19020.0,-2.368788654637962e-09,19830.0,ASK
390,1712368915.7380304,99406.69123,19020.0,-8.37812617714053e-10,19830.0,ASK
391,1712368915.8176816,99406.959472,19020.0,-3.502022502267491e-11,19830.0,ASK
392,1712368915.8215888,99445.48957224,19020.0,-5.030281538770394e-09,19830.0,ASK
393,1712368920.5277958,99445.48957224,19020.0,-0.0,19830.0,ASK
394,1712368932.6978877,99446.27437785,19040.0,1.0241101463620144e-10,19830.0,BID
395,1712368934.5686722,101485.5892192,19040.0,2.661146905716796e-07,19830.0,BID
396,1712368944.370048,101490.83580891,19060.0,6.846390605907142e-10,19830.0,BID
397,1712368944.988311,101491.52096756,19040.0,-8.940786309379921e-11,19830.0,ASK
398,1712368944.9983652,101510.83580891,19030.0,-2.520436239207881e-09,19830.0,ASK
399,1712368947.7281425,101516.08239862,19060.0,6.846390605926132e-10,19830.0,BID
400,1712368950.4726455,101516.08239862,19060.0,0.0,19830.0,BID
401,1712368973.30857,101516.34732008,19060.0,3.439324811736558e-11,19830.0,BID
402,1712368978.1687016,101520.35414397,19060.0,5.201831826167965e-10,19830.0,BID
403,1712368980.748555,101520.35414397,19060.0,0.0,19830.0,BID
404,1712368988.189049,101521.92564737,19090.0,2.0401720210141083e-10,19830.0,BID
405,1712369010.7590451,101521.92564737,19090.0,0.0,19830.0,BID
406,1712369040.479667,101521.92564737,19090.0,0.0,19830.0,BID
407,1712369071.018268,101521.92564737,19090.0,0.0,19830.0,BID
408,1712369096.491274,101537.23119477,19090.0,1.987003525233139e-09,19830.0,BID
409,1712369097.8709166,101543.71755031,19060.0,-8.420745097892951e-10,19830.0,ASK
410,1712369097.8749526,101577.4675182,19050.0,-4.381503217189713e-09,19830.0,ASK
411,1712369097.8780403,101587.9827653,19020.0,-1.3651150468735931e-09,19830.0,ASK
412,1712369097.8811374,101735.26062322,19010.0,-1.911997102931821e-08,19830.0,ASK
413,1712369097.883809,101745.7648249,19040.0,-1.363681103488033e-09,19830.0,ASK
414,1712369097.885588,101748.23154767,19010.0,-3.202359714202683e-10,19830.0,ASK
415,1712369097.887431,101758.74679477,19020.0,-1.365115046875482e-09,19830.0,ASK
416,1712369097.8892508,101759.74679477,19010.0,-1.2982244106037163e-10,19830.0,ASK
417,1712369100.7406735,101759.74679477,19010.0,-0.0,19830.0,ASK
418,1712369130.7408724,101759.74679477,19010.0,-0.0,19830.0,ASK
419,1712369160.5018709,101759.74679477,19010.0,-0.0,19830.0,ASK
420,1712369190.5068572,101759.74679477,19010.0,-0.0,19830.0,ASK
421,1712369220.761855,101759.74679477,19010.0,-0.0,19830.0,ASK
422,1712369225.4118755,101764.69026787,19020.0,-6.42340066415663e-10,19830.0,ASK
423,1712369237.2220387,101955.1826272,19020.0,-2.4752005779881493e-08,19830.0,ASK
424,1712369242.3022432,102077.76791039,19020.0,-1.5928363996955875e-08,19830.0,ASK
425,1712369242.3064954,102094.35841161,19020.0,-2.1557199644792073e-09,19830.0,ASK
426,1712369250.762423,102094.35841161,19020.0,-0.0,19830.0,ASK
427,1712369280.5226743,102094.35841161,19020.0,-0.0,19830.0,ASK
428,1712369295.8327048,102094.91611568,19030.0,-7.240651672049846e-11,19830.0,ASK
429,1712369299.4328554,102349.88992019,19030.0,-3.3103156373796955e-08,19830.0,ASK
430,1712369299.4369605,102364.63776352,19030.0,-1.9147071396898403e-09,19830.0,ASK
431,1712369310.4914055,102364.63776352,19030.0,-0.0,19830.0,ASK
432,1712369340.7574184,102364.63776352,19030.0,-0.0,19830.0,ASK
433,1712369370.7838974,102364.63776352,19030.0,-0.0,19830.0,ASK
434,1712369370.904636,102497.67297039,19030.0,1.7260386627556938e-08,19830.0,BID
435,1712369400.5846791,102497.67297039,19030.0,0.0,19830.0,BID
436,1712369430.4677696,102497.67297039,19030.0,0.0,19830.0,BID
437,1712369447.5441244,102523.87842112,19100.0,3.401190378994832e-09,19830.0,BID
438,1712369447.624085,102560.3047435,19100.0,-4.727751432233842e-09,19830.0,ASK
439,1712369460.753125,102560.3047435,19100.0,-0.0,19830.0,ASK
440,1712369490.7444289,102560.3047435,19100.0,-0.0,19830.0,ASK
441,1712369491.734258,102560.61037805,19030.0,-3.966197443869698e-11,19830.0,ASK
442,1712369503.4576254,102561.37673509,19030.0,-9.94495986536232e-11,19830.0,ASK
443,1712369503.4600954,102572.03541769,19030.0,-1.383169529885398e-09,19830.0,ASK
444,1712369517.8345942,102586.49412975,19030.0,-1.8762966037461016e-09,19830.0,ASK
445,1712369520.524383,102586.49412975,19030.0,-0.0,19830.0,ASK
446,1712369529.2746005,102609.74041452,19030.0,-3.016458467624084e-09,19830.0,ASK
447,1712369545.7016463,102610.2659006,19020.0,-6.81875384102641e-11,19830.0,ASK
448,1712369550.733338,102610.2659006,19020.0,-0.0,19830.0,ASK
449,1712369580.725686,102610.2659006,19020.0,-0.0,19830.0,ASK
450,1712369594.744983,102659.27391715,19030.0,6.358950292368969e-09,19830.0,BID
451,1712369610.7549176,102659.27391715,19030.0,0.0,19830.0,BID
452,1712369640.5674183,102659.27391715,19030.0,0.0,19830.0,BID
453,1712369670.5054317,102659.27391715,19030.0,0.0,19830.0,BID
454,1712369700.3397532,102660.2659006,19030.0,-1.2869752037984286e-10,19830.0,ASK
455,1712369700.3434565,102707.63759658,19030.0,-6.1458886323078195e-09,19830.0,ASK
456,1712369700.5458858,102707.63759658,19030.0,-0.0,19830.0,ASK
457,1712369730.495963,102707.63759658,19030.0,-0.0,19830.0,ASK
458,1712369733.0958917,102743.47015414,19030.0,-4.677337436040046e-09,19830.0,ASK
459,1712369733.1955848,102794.96345002,19030.0,-6.721583300921843e-09,19830.0,ASK
460,1712369733.2957892,102801.50648498,19030.0,-8.54083114565338e-10,19830.0,ASK
461,1712369760.765887,102801.50648498,19030.0,-0.0,19830.0,ASK
462,1712369790.7458632,102801.50648498,19030.0,-0.0,19830.0,ASK
463,1712369820.5263062,102801.50648498,19030.0,-0.0,19830.0,ASK
464,1712369831.6963542,102802.03197106,19020.0,-6.857737489916316e-11,19830.0,ASK
465,1712369850.4861894,102802.03197106,19020.0,-0.0,19830.0,ASK
466,1712369863.6264052,102803.03197106,19020.0,-1.3050257287555724e-10,19830.0,ASK
467,1712369880.7265124,102803.03197106,19020.0,-0.0,19830.0,ASK
468,1712369882.1966546,102803.34660136,19070.0,4.105996173670544e-11,19830.0,BID
469,1712369893.97658,102803.86235966,19040.0,-6.730761806324518e-11,19830.0,ASK
470,1712369898.516637,102804.2354071,19070.0,4.868352988532258e-11,19830.0,BID
471,1712369898.5210996,102891.47056102,19070.0,1.138438377390568e-08,19830.0,BID
472,1712369898.6165545,102891.73796182,19040.0,-3.489640577095989e-11,19830.0,ASK
473,1712369898.6209655,102891.85737975,19020.0,-1.5584308428800305e-11,19830.0,ASK
474,1712369910.7766595,102891.85737975,19020.0,-0.0,19830.0,ASK
475,1712369940.506637,102891.85737975,19020.0,-0.0,19830.0,ASK
476,1712369950.6568103,102894.46926942,19020.0,-3.4078214468934966e-10,19830.0,ASK
477,1712369970.516974,102894.46926942,19020.0,-0.0,19830.0,ASK
478,1712369974.0356622,102899.38460621,19020.0,-6.413165821213476e-10,19830.0,ASK
479,1712369974.039437,102950.87790209,19010.0,-6.718462218724184e-09,19830.0,ASK
480,1712369974.0433314,102957.19005455,19020.0,-8.23562700670132e-10,19830.0,ASK
481,1712369974.0464685,103076.06120167,19000.0,-1.550942306515876e-08,19830.0,ASK
482,1712369974.0484886,103076.88068666,19000.0,-1.0692030583897603e-10,19830.0,ASK
483,1712369974.0505748,103081.68625841,19010.0,-6.26995256177788e-10,19830.0,ASK
484,1712369985.9368887,103082.21202077,19000.0,-6.859756190301827e-11,19830.0,ASK
485,1712370000.529796,103082.21202077,19000.0,-0.0,19830.0,ASK
486,1712370030.4970436,103082.21202077,19000.0,-0.0,19830.0,ASK
487,1712370060.7773805,103082.21202077,19000.0,-0.0,19830.0,ASK
488,1712370090.7773545,103082.21202077,19000.0,-0.0,19830.0,ASK
489,1712370099.6472688,103086.34642043,19010.0,-5.415590044543167e-10,19830.0,ASK
490,1712370099.6495204,103087.92454059,19000.0,-2.0671566685526686e-10,19830.0,ASK
491,1712370120.5173538,103087.92454059,19000.0,-0.0,19830.0,ASK
492,1712370150.5375466,103087.92454059,19000.0,-0.0,19830.0,ASK
493,1712370180.5476031,103087.92454059,19000.0,-0.0,19830.0,ASK
494,1712370210.4978545,103087.92454059,19000.0,-0.0,19830.0,ASK
495,1712370240.7835677,103087.92454059,19000.0,-0.0,19830.0,ASK
496,1712370264.2581851,103090.89546892,19010.0,-3.8915205061855215e-10,19830.0,ASK
497,1712370266.4079466,103178.50367028,19010.0,-1.147550779530412e-08,19830.0,ASK
498,1712370270.7679515,103178.50367028,19010.0,-0.0,19830.0,ASK
499,1712370298.558313,103231.3577929,19010.0,-6.921625109472426e-09,19830.0,ASK
500,1712370300.478082,103231.3577929,19010.0,-0.0,19830.0,ASK
501,1712370330.498122,103231.3577929,19010.0,-0.0,19830.0,ASK
502,1712370347.6188364,103379.91082129,19020.0,-1.9486178693958563e-08,19830.0,ASK
503,1712370347.6235154,103952.1575929,19010.0,-7.506345020014272e-08,19830.0,ASK
504,1712370360.758397,103952.1575929,19010.0,-0.0,19830.0,ASK
505,1712370390.7784178,103952.1575929,19010.0,-0.0,19830.0,ASK
506,1712370414.498569,103952.47255352,19050.0,4.1240265079628176e-11,19830.0,BID
507,1712370420.508351,103952.47255352,19050.0,0.0,19830.0,BID
508,1712370425.3044364,103977.63144413,19010.0,-3.2942483499197103e-09,19830.0,ASK
509,1712370449.658719,104037.41449252,19010.0,-7.827857418862151e-09,19830.0,ASK
510,1712370450.4687593,104037.41449252,19010.0,-0.0,19830.0,ASK
511,1712370464.3386147,104061.56019252,19030.0,3.160915142157381e-09,19830.0,BID
512,1712370464.3425305,104104.62199252,19030.0,5.6372230114883106e-09,19830.0,BID
513,1712370476.1186728,104161.50897623,19030.0,-7.447078701406813e-09,19830.0,ASK
514,1712370480.77517,104161.50897623,19030.0,-0.0,19830.0,ASK
515,1712370510.7758174,104161.50897623,19030.0,-0.0,19830.0,ASK
516,1712370540.5189283,104161.50897623,19030.0,-0.0,19830.0,ASK
517,1712370570.5196366,104161.50897623,19030.0,-0.0,19830.0,ASK
518,1712370598.3989663,104166.76383697,19030.0,-6.877015574099347e-10,19830.0,ASK
519,1712370600.6289344,104166.76383697,19030.0,-0.0,19830.0,ASK
520,1712370630.509199,104166.76383697,19030.0,-0.0,19830.0,ASK
521,1712370634.105528,104187.78333248,19030.0,-2.755610091869099e-09,19830.0,ASK
522,1712370634.1081908,104749.04025179,19010.0,-7.357955999686446e-08,19830.0,ASK
523,1712370634.1107018,104759.55549889,19020.0,-1.378525998089745e-09,19830.0,ASK
524,1712370634.113242,104760.62749048,19030.0,-1.4053576321037375e-10,19830.0,ASK
525,1712370634.115812,104771.14273758,19020.0,-1.378525998089745e-09,19830.0,ASK
526,1712370658.0193017,104809.56194478,19000.0,-5.036674406936048e-09,19830.0,ASK
527,1712370658.0241094,104810.28808583,19000.0,-9.519551049963088e-11,19830.0,ASK
528,1712370660.7824676,104810.28808583,19000.0,-0.0,19830.0,ASK
529,1712370666.469508,104814.99655533,19000.0,6.16281702722216e-10,19830.0,BID
530,1712370666.9640002,104817.8388403,19000.0,3.7202072158174446e-10,19830.0,BID
531,1712370690.7993612,104817.8388403,19000.0,0.0,19830.0,BID
532,1712370713.1194844,104830.67628,18990.0,-1.680234020834709e-09,19830.0,ASK
533,1712370713.124416,104831.75224629,18990.0,-1.4082832776383232e-10,19830.0,ASK
534,1712370720.5075808,104831.75224629,18990.0,-0.0,19830.0,ASK
535,1712370750.5496566,104831.75224629,18990.0,-0.0,19830.0,ASK
536,1712370752.6396246,104929.77394385,19000.0,1.2829169946339353e-08,19830.0,BID
537,1712370752.6444657,104985.75224629,19000.0,7.32649171751642e-09,19830.0,BID
538,1712370780.7294118,104985.75224629,19000.0,0.0,19830.0,BID
539,1712370784.4397857,104986.13095297,19000.0,4.9546504439769646e-11,19830.0,BID
540,1712370810.789523,104986.13095297,19000.0,0.0,19830.0,BID
541,1712370840.549651,104986.13095297,19000.0,0.0,19830.0,BID
542,1712370849.7795198,105438.65320315,19010.0,5.920380007825235e-08,19830.0,BID
543,1712370870.5372562,105438.65320315,19010.0,0.0,19830.0,BID
544,1712370900.759383,105438.65320315,19010.0,0.0,19830.0,BID
545,1712370930.7690685,105438.65320315,19010.0,0.0,19830.0,BID
546,1712370960.511862,105438.65320315,19010.0,0.0,19830.0,BID
547,1712370990.4886749,105438.65320315,19010.0,0.0,19830.0,BID
548,1712371020.7784123,105438.65320315,19010.0,0.0,19830.0,BID
549,1712371023.898841,105439.3323121,19000.0,-8.897844418477817e-11,19830.0,ASK
550,1712371023.903576,105441.58518436,19000.0,-2.951765966865564e-10,19830.0,ASK
551,1712371050.7782948,105441.58518436,19000.0,-0.0,19830.0,ASK
552,1712371080.4880545,105441.58518436,19000.0,-0.0,19830.0,ASK
553,1712371110.5019443,105441.58518436,19000.0,-0.0,19830.0,ASK
554,1712371119.7583785,105442.81276147,19000.0,-1.6083885232587816e-10,19830.0,ASK
555,1712371122.308123,105444.04033858,19000.0,-1.6083885232397154e-10,19830.0,ASK
556,1712371129.087924,105444.69771446,19000.0,-8.613029782213148e-11,19830.0,ASK
557,1712371129.098693,105496.1910203,19000.0,-6.7467242149068325e-09,19830.0,ASK
558,1712371129.2779293,105531.57769101,19000.0,4.6364105832680035e-09,19830.0,BID
559,1712371140.7978933,105531.57769101,19000.0,0.0,19830.0,BID
560,1712371168.7579305,105689.47242785,19000.0,-2.0682953440366092e-08,19830.0,ASK
561,1712371169.157907,105740.96573369,18990.0,-6.745213098890209e-09,19830.0,ASK
562,1712371170.7480874,105740.96573369,18990.0,-0.0,19830.0,ASK
563,1712371200.6177945,105740.96573369,18990.0,-0.0,19830.0,ASK
564,1712371201.0750184,105786.96323369,19000.0,6.0360658682171125e-09,19830.0,BID
565,1712371201.0788124,106470.66295704,19000.0,8.971914917599065e-08,19830.0,BID
566,1712371230.4901488,106470.66295704,19000.0,0.0,19830.0,BID
567,1712371260.7773943,106470.66295704,19000.0,0.0,19830.0,BID
568,1712371290.7785947,106470.66295704,19000.0,0.0,19830.0,BID
569,1712371320.5195413,106470.66295704,19000.0,0.0,19830.0,BID
570,1712371350.5295026,106470.66295704,19000.0,0.0,19830.0,BID
571,1712371380.7371018,106470.66295704,19000.0,0.0,19830.0,BID
572,1712371410.7871823,106470.66295704,19000.0,0.0,19830.0,BID
573,1712371440.566988,106470.66295704,19000.0,0.0,19830.0,BID
574,1712371470.4870849,106470.66295704,19000.0,0.0,19830.0,BID
575,1712371500.526866,106470.66295704,19000.0,0.0,19830.0,BID
576,1712371530.4971704,106470.66295704,19000.0,0.0,19830.0,BID
577,1712371560.5170612,106470.66295704,19000.0,0.0,19830.0,BID
578,1712371590.5067985,106470.66295704,19000.0,0.0,19830.0,BID
579,1712371620.7367048,106470.66295704,19000.0,0.0,19830.0,BID
580,1712371650.7566664,106470.66295704,19000.0,0.0,19830.0,BID
581,1712371680.496105,106470.66295704,19000.0,0.0,19830.0,BID
582,1712371710.51945,106470.66295704,19000.0,0.0,19830.0,BID
583,1712371731.976863,106470.95151947,19060.0,3.791189090850797e-11,19830.0,BID
584,1712371740.5694878,106470.95151947,19060.0,0.0,19830.0,BID
585,1712371770.5012455,106470.95151947,19060.0,0.0,19830.0,BID
586,1712371800.567176,106470.95151947,19060.0,0.0,19830.0,BID
587,1712371811.55679,106538.37312978,19060.0,8.858035519229599e-09,19830.0,BID
588,1712371811.5620472,106568.05264862,19060.0,3.899376340458057e-09,19830.0,BID
589,1712371830.4868476,106568.05264862,19060.0,0.0,19830.0,BID
590,1712371834.086868,106624.93963232,19070.0,7.472150569213869e-09,19830.0,BID
591,1712371834.092121,106662.86428812,19070.0,4.981433712808609e-09,19830.0,BID
592,1712371834.126834,106681.06297159,19080.0,2.3904115529547358e-09,19830.0,BID
593,1712371834.131971,106714.35759396,19080.0,4.373275138047135e-09,19830.0,BID
594,1712371834.1903677,106726.12407062,19080.0,1.545536070893745e-09,19830.0,BID
595,1712371834.2068653,106745.30314223,19090.0,2.519186315156664e-09,19830.0,BID
596,1712371847.1646278,106745.82752608,19070.0,-6.887823590626015e-11,19830.0,ASK
597,1712371852.496786,106746.09468165,19090.0,3.5091096673795805e-11,19830.0,BID
598,1712371860.7465138,106746.09468165,19090.0,0.0,19830.0,BID
599,1712371861.4567485,106746.35775372,19070.0,-3.453931755395068e-11,19830.0,ASK
600,1712371879.7266085,106746.6720544,19090.0,4.126523577326595e-11,19830.0,BID
601,1712371890.746663,106746.6720544,19090.0,0.0,19830.0,BID
602,1712371920.5167594,106746.6720544,19090.0,0.0,19830.0,BID
603,1712371950.5167804,106746.6720544,19090.0,0.0,19830.0,BID
604,1712371980.7669618,106746.6720544,19090.0,0.0,19830.0,BID
605,1712371984.3065696,106768.0159986,19090.0,2.802289883083532e-09,19830.0,BID
606,1712371984.3097897,106799.05550123,19090.0,4.0752394862400825e-09,19830.0,BID
607,1712371994.406701,106800.62700463,19090.0,2.0632588043665528e-10,19830.0,BID
608,1712371997.2970488,106802.19850803,19090.0,2.0632588043474478e-10,19830.0,BID
609,1712372010.7465558,106802.19850803,19090.0,0.0,19830.0,BID
610,1712372040.4968095,106802.19850803,19090.0,0.0,19830.0,BID
611,1712372066.747115,106818.58220633,19090.0,2.150749782590194e-09,19830.0,BID
612,1712372070.496573,106818.58220633,19090.0,0.0,19830.0,BID
613,1712372084.4568472,106854.58195486,19090.0,-4.725628553224e-09,19830.0,ASK
614,1712372096.9070733,106858.98285944,19070.0,-5.776996004834818e-10,19830.0,ASK
615,1712372096.912721,106913.98285944,19070.0,-7.219760721682448e-09,19830.0,ASK
616,1712372096.9179993,106969.80288227,19060.0,-7.327403787480604e-09,19830.0,ASK
617,1712372100.746498,106969.80288227,19060.0,-0.0,19830.0,ASK
618,1712372130.746557,106969.80288227,19060.0,-0.0,19830.0,ASK
619,1712372160.5207694,106969.80288227,19060.0,-0.0,19830.0,ASK
620,1712372163.977094,106971.37685918,19100.0,2.066594997657672e-10,19830.0,BID
621,1712372190.516529,106971.37685918,19100.0,0.0,19830.0,BID
622,1712372220.7765791,106971.37685918,19100.0,0.0,19830.0,BID
623,1712372250.75663,106971.37685918,19100.0,0.0,19830.0,BID
624,1712372280.5267792,106971.37685918,19100.0,0.0,19830.0,BID
625,1712372304.5368562,106997.40496953,19100.0,3.4174167352008523e-09,19830.0,BID
626,1712372304.54235,107005.85516145,19100.0,1.1094861246066656e-09,19830.0,BID
627,1712372310.5069735,107005.85516145,19100.0,0.0,19830.0,BID
628,1712372340.4975345,107005.85516145,19100.0,0.0,19830.0,BID
629,1712372346.146552,107012.2703824,19110.0,8.422274116326171e-10,19830.0,BID
630,1712372346.156592,107017.5703824,19110.0,6.95814737548718e-10,19830.0,BID
631,1712372370.496896,107017.5703824,19110.0,0.0,19830.0,BID
632,1712372400.6767778,107017.5703824,19110.0,0.0,19830.0,BID
633,1712372402.876794,107022.5703824,19110.0,-6.5724048393557e-10,19830.0,ASK
634,1712372403.416988,107024.46934849,19110.0,-2.496154783952828e-10,19830.0,ASK
635,1712372430.5713165,107024.46934849,19110.0,-0.0,19830.0,ASK
636,1712372460.7772,107024.46934849,19110.0,-0.0,19830.0,ASK
637,1712372469.3072486,107032.01947332,19110.0,-9.92432340538709e-10,19830.0,ASK
638,1712372469.3135,107118.37795055,19110.0,-1.1351460752303312e-08,19830.0,ASK
639,1712372490.7830818,107118.37795055,19110.0,-0.0,19830.0,ASK
640,1712372520.5084054,107118.37795055,19110.0,-0.0,19830.0,ASK
641,1712372532.9570053,107119.3274336,19100.0,-1.24776143303203e-10,19830.0,ASK
642,1712372538.8769183,107158.54323817,19100.0,-5.153537865423893e-09,19830.0,ASK
643,1712372550.4669614,107158.54323817,19100.0,-0.0,19830.0,ASK
644,1712372561.35697,107158.90993968,19130.0,4.8185154795168766e-11,19830.0,BID
645,1712372561.5570743,107160.38299664,19130.0,1.9356199988903444e-10,19830.0,BID
646,1712372561.562817,107160.47815713,19130.0,1.2504237959436489e-11,19830.0,BID
647,1712372580.7570603,107160.47815713,19130.0,0.0,19830.0,BID
648,1712372610.7771626,107160.47815713,19130.0,0.0,19830.0,BID
649,1712372622.507095,107162.04801584,19110.0,-2.0628089867832243e-10,19830.0,ASK
650,1712372640.557072,107162.04801584,19110.0,-0.0,19830.0,ASK
651,1712372642.697479,107235.32938807,19100.0,-9.629202700870366e-09,19830.0,ASK
652,1712372652.6269908,107235.80412959,19100.0,-6.238123260515422e-11,19830.0,ASK
653,1712372653.0669422,107236.27887112,19100.0,-6.238123391687381e-11,19830.0,ASK
654,1712372670.5629766,107236.27887112,19100.0,-0.0,19830.0,ASK
655,1712372700.7767563,107236.27887112,19100.0,-0.0,19830.0,ASK
656,1712372725.5870118,107236.54581568,19100.0,-3.507711502885142e-11,19830.0,ASK
657,1712372725.5923772,107236.80751112,19110.0,-3.4387368865160755e-11,19830.0,ASK
658,1712372730.746922,107236.80751112,19110.0,-0.0,19830.0,ASK
659,1712372760.5075605,107236.80751112,19110.0,-0.0,19830.0,ASK
660,1712372790.477146,107236.80751112,19110.0,-0.0,19830.0,ASK
661,1712372791.0469372,107237.80751112,19100.0,-1.3140207268879178e-10,19830.0,ASK
662,1712372802.8170147,107241.55734615,19100.0,-4.92736095183185e-10,19830.0,ASK
663,1712372803.2569704,107245.34522341,19100.0,-4.977349230539893e-10,19830.0,ASK
664,1712372820.7675028,107245.34522341,19100.0,-0.0,19830.0,ASK
665,1712372850.786865,107245.34522341,19100.0,-0.0,19830.0,ASK
666,1712372880.4868803,107245.34522341,19100.0,-0.0,19830.0,ASK
667,1712372910.5455136,107245.34522341,19100.0,-0.0,19830.0,ASK
668,1712372940.7455373,107245.34522341,19100.0,-0.0,19830.0,ASK
669,1712372967.515077,107246.34522341,19110.0,-1.3139925709493938e-10,19830.0,ASK
670,1712372967.5221093,107250.58082551,19100.0,-5.565549692899511e-10,19830.0,ASK
671,1712372970.7422578,107250.58082551,19100.0,-0.0,19830.0,ASK
672,1712373000.557887,107250.58082551,19100.0,-0.0,19830.0,ASK
673,1712373030.5161986,107250.58082551,19100.0,-0.0,19830.0,ASK
674,1712373060.7334862,107250.58082551,19100.0,-0.0,19830.0,ASK
675,1712373062.5674455,107254.76712551,19100.0,-5.502864910357363e-10,19830.0,ASK
676,1712373062.570157,107263.13982551,19100.0,-1.1005861270089395e-09,19830.0,ASK
677,1712373062.5727477,107265.23292551,19100.0,-2.7513667304913477e-10,19830.0,ASK
678,1712373062.5753338,107374.2430348,19100.0,-1.4329310018058693e-08,19830.0,ASK
679,1712373090.7423563,107374.2430348,19100.0,-0.0,19830.0,ASK
680,1712373113.3124204,107376.01021304,19100.0,-2.3222236393175183e-10,19830.0,ASK
681,1712373113.3185372,107380.1421348,19100.0,-5.42969926275018e-10,19830.0,ASK
682,1712373120.5097792,107380.1421348,19100.0,-0.0,19830.0,ASK
683,1712373150.5249128,107380.1421348,19100.0,-0.0,19830.0,ASK
684,1712373180.737967,107380.1421348,19100.0,-0.0,19830.0,ASK
685,1712373210.7303948,107380.1421348,19100.0,-0.0,19830.0,ASK
686,1712373240.4801114,107380.1421348,19100.0,-0.0,19830.0,ASK
687,1712373270.519797,107380.1421348,19100.0,-0.0,19830.0,ASK
688,1712373276.4696205,107394.54971708,19100.0,-1.893251740352884e-09,19830.0,ASK
689,1712373300.529438,107394.54971708,19100.0,-0.0,19830.0,ASK
690,1712373330.5088756,107394.54971708,19100.0,-0.0,19830.0,ASK
691,1712373360.7290597,107394.54971708,19100.0,-0.0,19830.0,ASK
692,1712373390.7682235,107394.54971708,19100.0,-0.0,19830.0,ASK
693,1712373420.5080042,107394.54971708,19100.0,-0.0,19830.0,ASK
694,1712373439.8287673,107395.07193349,19130.0,6.864311946348565e-11,19830.0,BID
695,1712373450.56137,107395.07193349,19130.0,0.0,19830.0,BID
696,1712373480.557464,107395.07193349,19130.0,0.0,19830.0,BID
697,1712373510.5002117,107395.07193349,19130.0,0.0,19830.0,BID
698,1712373540.786774,107395.07193349,19130.0,0.0,19830.0,BID
699,1712373570.736559,107395.07193349,19130.0,0.0,19830.0,BID
700,1712373600.5463066,107395.07193349,19130.0,0.0,19830.0,BID
701,1712373630.4761224,107395.07193349,19130.0,0.0,19830.0,BID
702,1712373660.7525067,107395.07193349,19130.0,0.0,19830.0,BID
703,1712373666.8858075,107396.59628449,19130.0,2.006056050650404e-10,19830.0,BID
704,1712373666.8957698,107399.05009354,19130.0,3.2292290239527207e-10,19830.0,BID
705,1712373690.7255013,107399.05009354,19130.0,0.0,19830.0,BID
706,1712373720.5562034,107399.05009354,19130.0,0.0,19830.0,BID
707,1712373750.4807217,107399.05009354,19130.0,0.0,19830.0,BID
708,1712373759.1352928,107451.32400885,19120.0,-6.879213113108036e-09,19830.0,ASK
709,1712373762.2851994,107504.88560553,19120.0,7.048671140375896e-09,19830.0,BID
710,1712373780.8096304,107504.88560553,19120.0,0.0,19830.0,BID
711,1712373810.7449949,107504.88560553,19120.0,0.0,19830.0,BID
712,1712373840.5048218,107504.88560553,19120.0,0.0,19830.0,BID
713,1712373853.7047167,107580.44174571,19130.0,9.940491535373717e-09,19830.0,BID
714,1712373853.7102945,107594.54330979,19130.0,1.855262564216442e-09,19830.0,BID
715,1712373865.3848107,107631.54330979,19140.0,4.867879512274863e-09,19830.0,BID
716,1712373865.394916,107717.84803134,19150.0,1.13546212390781e-08,19830.0,BID
717,1712373870.4951966,107717.84803134,19150.0,0.0,19830.0,BID
718,1712373900.7242682,107717.84803134,19150.0,0.0,19830.0,BID
719,1712373923.2196977,107718.99129459,19160.0,1.5035521021861838e-10,19830.0,BID
720,1712373923.2275257,107748.99129459,19160.0,3.945422287112952e-09,19830.0,BID
721,1712373927.554952,107759.82566859,19160.0,-1.4248726882170007e-09,19830.0,ASK
722,1712373930.7539215,107759.82566859,19160.0,-0.0,19830.0,ASK
723,1712373934.0247788,107762.1763693,19160.0,-3.0911753527471086e-10,19830.0,ASK
724,1712373943.2347336,107773.60491622,19160.0,-1.5028558253544831e-09,19830.0,ASK
725,1712373960.5242884,107773.60491622,19160.0,-0.0,19830.0,ASK
726,1712373990.4742973,107773.60491622,19160.0,-0.0,19830.0,ASK
727,1712373999.974335,107790.15473578,19170.0,2.176228478317866e-09,19830.0,BID
728,1712373999.978212,107799.64458287,19170.0,1.2478731515628191e-09,19830.0,BID
729,1712374000.1344037,107823.70368287,19160.0,-3.163665826862556e-09,19830.0,ASK
730,1712374000.1543272,107840.09948287,19160.0,-2.155975583630193e-09,19830.0,ASK
731,1712374002.804245,107840.39948287,19160.0,-3.944868045862036e-11,19830.0,ASK
732,1712374020.7341268,107840.39948287,19160.0,-0.0,19830.0,ASK
733,1712374050.7640972,107840.39948287,19160.0,-0.0,19830.0,ASK
734,1712374065.1339655,107892.67339818,19160.0,-6.872633135273602e-09,19830.0,ASK
735,1712374074.265234,107892.98638722,19170.0,4.114975575168328e-11,19830.0,BID
736,1712374074.3338504,107896.75158722,19160.0,-4.95023916374546e-10,19830.0,ASK
737,1712374074.3545196,107902.27658722,19160.0,-7.26390932210774e-10,19830.0,ASK
738,1712374080.503785,107902.27658722,19160.0,-0.0,19830.0,ASK
739,1712374110.4990358,107902.27658722,19160.0,-0.0,19830.0,ASK
740,1712374140.7637806,107902.27658722,19160.0,-0.0,19830.0,ASK
741,1712374170.7533414,107902.27658722,19160.0,-0.0,19830.0,ASK
742,1712374171.693571,107933.32358061,19160.0,-4.081219869831006e-09,19830.0,ASK
743,1712374176.8536797,107951.87211227,19160.0,-2.4382598023594526e-09,19830.0,ASK
744,1712374183.2334063,107956.48801227,19150.0,-6.067738205927864e-10,19830.0,ASK
745,1712374200.613585,107956.48801227,19150.0,-0.0,19830.0,ASK
746,1712374206.473609,107959.53387175,19150.0,-4.0043298072949676e-10,19830.0,ASK
747,1712374230.4784138,107959.53387175,19150.0,-0.0,19830.0,ASK
748,1712374243.2629604,107964.27058514,19160.0,6.227213466205333e-10,19830.0,BID
749,1712374243.4029148,107971.58129011,19160.0,-9.611162147325186e-10,19830.0,ASK
750,1712374243.543126,107974.76669011,19160.0,-4.1877487916312655e-10,19830.0,ASK
751,1712374243.549567,107979.44089011,19160.0,-6.145029007912596e-10,19830.0,ASK
752,1712374246.033341,107981.21764147,19160.0,-2.3358411379586585e-10,19830.0,ASK
753,1712374247.5729942,107982.55020499,19160.0,-1.7518808534737767e-10,19830.0,ASK
754,1712374260.7531955,107982.55020499,19160.0,-0.0,19830.0,ASK
755,1712374273.1630273,107984.12170839,19160.0,-2.0658880965858035e-10,19830.0,ASK
756,1712374282.042843,107986.75328733,19160.0,-3.459456471653663e-10,19830.0,ASK
757,1712374290.7527175,107986.75328733,19160.0,-0.0,19830.0,ASK
758,1712374320.5025227,107986.75328733,19160.0,-0.0,19830.0,ASK
759,1712374323.7086313,107990.74708733,19160.0,-5.250167790972294e-10,19830.0,ASK
760,1712374350.502459,107990.74708733,19160.0,-0.0,19830.0,ASK
761,1712374380.7424035,107990.74708733,19160.0,-0.0,19830.0,ASK
762,1712374410.8023276,107990.74708733,19160.0,-0.0,19830.0,ASK
763,1712374412.9338264,108013.1457499,19150.0,-2.944452748109918e-09,19830.0,ASK
764,1712374412.941013,108015.44340003,19150.0,-3.0204134815341667e-10,19830.0,ASK
765,1712374412.9469757,108066.93670587,19140.0,-6.769136568582677e-09,19830.0,ASK
766,1712374412.9503872,108070.61294608,19150.0,-4.832661573083055e-10,19830.0,ASK
767,1712374412.953814,108071.53200613,19150.0,-1.2081653899852788e-10,19830.0,ASK
768,1712374412.9573145,108072.31320623,19130.0,-1.0269393425059896e-10,19830.0,ASK
769,1712374412.960797,108229.57934417,19160.0,-2.0673676858833932e-08,19830.0,ASK
770,1712374412.9642806,108231.1459238,19150.0,-2.0593728229433726e-10,19830.0,ASK
771,1712374412.9678104,108664.50077184,19130.0,-5.6967368887805554e-08,19830.0,ASK
772,1712374429.2834818,108665.02351099,19130.0,6.871752819769877e-11,19830.0,BID
773,1712374440.5128667,108665.02351099,19130.0,0.0,19830.0,BID
774,1712374452.3221395,108665.80471031,19130.0,1.025199152865762e-10,19830.0,BID
775,1712374470.5020216,108665.80471031,19130.0,0.0,19830.0,BID
776,1712374472.922186,108669.77449438,19120.0,-5.209696398468384e-10,19830.0,ASK
777,1712374487.7623265,108692.13639438,19110.0,-2.934635935816964e-09,19830.0,ASK
778,1712374487.7731874,108707.37559438,19110.0,-1.999897323266625e-09,19830.0,ASK
779,1712374500.7520702,108707.37559438,19110.0,-0.0,19830.0,ASK
780,1712374506.4222472,108708.90309438,19110.0,-2.0058013518636648e-10,19830.0,ASK
781,1712374506.4420145,108711.14459438,19110.0,-2.943373964137582e-10,19830.0,ASK
782,1712374530.7718103,108711.14459438,19110.0,-0.0,19830.0,ASK
783,1712374546.1720486,108828.98776431,19110.0,-1.54741573824935e-08,19830.0,ASK
784,1712374546.2521968,108874.7235263,19110.0,-6.005629171906364e-09,19830.0,ASK
785,1712374548.6818843,108879.4235263,19100.0,-6.17163809670743e-10,19830.0,ASK
786,1712374560.4910774,108879.4235263,19100.0,-0.0,19830.0,ASK
787,1712374590.5217066,108879.4235263,19100.0,-0.0,19830.0,ASK
788,1712374620.7518723,108879.4235263,19100.0,-0.0,19830.0,ASK
789,1712374650.781792,108879.4235263,19100.0,-0.0,19830.0,ASK
790,1712374680.5191429,108879.4235263,19100.0,-0.0,19830.0,ASK
791,1712374693.341613,108931.77954724,19120.0,6.8720431325568205e-09,19830.0,BID
792,1712374710.4914494,108931.77954724,19120.0,0.0,19830.0,BID
793,1712374740.5255177,108931.77954724,19120.0,0.0,19830.0,BID
794,1712374758.3815565,108945.98544144,19100.0,-1.8643642224788284e-09,19830.0,ASK
795,1712374770.5513282,108945.98544144,19100.0,-0.0,19830.0,ASK
796,1712374800.5611415,108945.98544144,19100.0,-0.0,19830.0,ASK
797,1712374830.5136588,108945.98544144,19100.0,-0.0,19830.0,ASK
798,1712374860.7418506,108945.98544144,19100.0,-0.0,19830.0,ASK
799,1712374890.7415428,108945.98544144,19100.0,-0.0,19830.0,ASK
800,1712374902.111483,108948.07749164,19120.0,2.74570423491293e-10,19830.0,BID
801,1712374920.4913027,108948.07749164,19120.0,0.0,19830.0,BID
802,1712374923.4011998,108969.1579011,19120.0,2.7666767111596686e-09,19830.0,BID
803,1712374923.4111032,109019.66974358,19120.0,6.629374941333349e-09,19830.0,BID
804,1712374943.0517044,109019.95725011,19130.0,3.7733499549679294e-11,19830.0,BID
805,1712374950.5019746,109019.95725011,19130.0,0.0,19830.0,BID
806,1712374959.7624571,109033.47125951,19130.0,1.773312438303603e-09,19830.0,BID
807,1712374972.8323708,109038.69865104,19130.0,6.859399121063918e-10,19830.0,BID
808,1712374980.7627933,109038.69865104,19130.0,0.0,19830.0,BID
809,1712375010.753708,109038.69865104,19130.0,0.0,19830.0,BID
810,1712375033.244427,109052.20622779,19120.0,-1.7723849612750367e-09,19830.0,ASK
811,1712375033.249161,109199.95814205,19100.0,-1.9387139209417115e-08,19830.0,ASK
812,1712375033.252848,109249.89105104,19110.0,-6.551903320972988e-09,19830.0,ASK
813,1712375040.4980836,109249.89105104,19110.0,-0.0,19830.0,ASK
814,1712375066.7646885,109250.15379407,19120.0,3.445735731596989e-11,19830.0,BID
815,1712375066.8648164,109254.14195905,19120.0,-5.23026722177872e-10,19830.0,ASK
816,1712375070.4976647,109254.14195905,19120.0,-0.0,19830.0,ASK
817,1712375100.485723,109254.14195905,19120.0,-0.0,19830.0,ASK
818,1712375107.32611,109254.6649716,19120.0,6.862972467876019e-11,19830.0,BID
819,1712375117.055915,109261.5813716,19120.0,9.075702442954276e-10,19830.0,BID
1020,1712375117.065751,109304.6649716,19120.0,5.65343146392836e-09,19830.0,BID
820,1712375117.065751,109304.6649716,19120.0,5.6534314639283604e-09,19830.0,BID
821,1712375122.6488605,109305.19887443,19080.0,-7.005874759412317e-11,19830.0,ASK
822,1712375122.6522698,109371.25898682,19080.0,-8.668410204724621e-09,19830.0,ASK
823,1712375122.6553152,109376.76032189,19100.0,-7.21885375835999e-10,19830.0,ASK
824,1712375122.6583488,109505.01977957,19070.0,-1.6830210418685325e-08,19830.0,ASK
825,1712375122.6613915,109578.97257786,19100.0,-9.704088718172853e-09,19830.0,ASK
826,1712375122.6644194,109583.80507703,19090.0,-6.34120706188051e-10,19830.0,ASK
1026,1712375122.6644194,109583.80507703,19090.0,-6.341207061880511e-10,19830.0,ASK
827,1712375122.6674914,109667.47959196,19080.0,-1.0979772707810117e-08,19830.0,ASK
828,1712375130.456353,109667.47959196,19080.0,-0.0,19830.0,ASK
829,1712375160.71729,109667.47959196,19080.0,-0.0,19830.0,ASK
830,1712375190.7770774,109667.47959196,19080.0,-0.0,19830.0,ASK
831,1712375220.557766,109667.47959196,19080.0,-0.0,19830.0,ASK
832,1712375244.9483917,109668.00180837,19080.0,-6.845439280389882e-11,19830.0,ASK
833,1712375250.4880784,109668.00180837,19080.0,-0.0,19830.0,ASK
834,1712375280.728572,109668.00180837,19080.0,-0.0,19830.0,ASK
835,1712375310.7491684,109668.00180837,19080.0,-0.0,19830.0,ASK
836,1712375340.5394466,109668.00180837,19080.0,-0.0,19830.0,ASK
837,1712375370.489849,109668.00180837,19080.0,-0.0,19830.0,ASK
838,1712375396.6407866,109668.47959196,19080.0,-6.262986417323109e-11,19830.0,ASK
839,1712375396.647734,109688.56167065,19070.0,-2.632442568119639e-09,19830.0,ASK
840,1712375400.5605874,109688.56167065,19070.0,-0.0,19830.0,ASK
841,1712375408.4106133,110159.45313943,19070.0,-6.17289935329733e-08,19830.0,ASK
842,1712375408.4171336,110165.89199707,19060.0,-8.440675356652851e-10,19830.0,ASK
843,1712375408.4224408,110331.83683354,19070.0,-2.1753649017738373e-08,19830.0,ASK
844,1712375430.501119,110331.83683354,19070.0,-0.0,19830.0,ASK
845,1712375446.79048,110332.33683354,19130.0,6.543958691157072e-11,19830.0,BID
846,1712375460.7306151,110332.33683354,19130.0,0.0,19830.0,BID
847,1712375490.771014,110332.33683354,19130.0,0.0,19830.0,BID
848,1712375520.5127656,110332.33683354,19130.0,0.0,19830.0,BID
849,1712375543.727055,110371.79647678,19130.0,5.164439041456002e-09,19830.0,BID
850,1712375543.821577,110376.62897595,19130.0,-6.324727071046266e-10,19830.0,ASK
851,1712375543.8416903,110395.80804755,19130.0,-2.510137903362873e-09,19830.0,ASK
852,1712375543.8487442,110400.64054672,19130.0,-6.32472707102722e-10,19830.0,ASK
853,1712375543.86145,110413.97245521,19130.0,-1.744866984328899e-09,19830.0,ASK
854,1712375543.9414709,110470.98585521,19130.0,-7.4618573476542e-09,19830.0,ASK
855,1712375543.9615445,110509.83945521,19130.0,-5.085120702199464e-09,19830.0,ASK
856,1712375550.5045304,110509.83945521,19130.0,-0.0,19830.0,ASK
857,1712375558.441773,110521.94708076,19130.0,-1.583930121223298e-09,19830.0,ASK
858,1712375564.3517015,110533.94708076,19130.0,-1.569850453022085e-09,19830.0,ASK
859,1712375578.9717686,110559.82266885,19130.0,-3.385066973774808e-09,19830.0,ASK
1059,1712375578.9717686,110559.82266885,19130.0,-3.3850669737748082e-09,19830.0,ASK
860,1712375580.7718377,110559.82266885,19130.0,-0.0,19830.0,ASK
861,1712375585.3621042,110571.06296628,19130.0,-1.4702815862409055e-09,19830.0,ASK
862,1712375610.742063,110571.06296628,19130.0,-0.0,19830.0,ASK
863,1712375630.552255,110760.72379119,19130.0,-2.480779332104593e-08,19830.0,ASK
864,1712375640.0787992,110825.57543781,19130.0,8.482649206243863e-09,19830.0,BID
865,1712375640.5245302,110825.57543781,19130.0,0.0,19830.0,BID
866,1712375670.5124557,110825.57543781,19130.0,0.0,19830.0,BID
867,1712375688.5727465,110826.62091612,19130.0,1.3666239779480544e-10,19830.0,BID
868,1712375700.5333292,110826.62091612,19130.0,0.0,19830.0,BID
869,1712375726.0533164,110827.69065917,19070.0,-1.400356226916384e-10,19830.0,ASK
870,1712375726.0601776,111065.60461612,19070.0,-3.1144328639026063e-08,19830.0,ASK
871,1712375730.503796,111065.60461612,19070.0,-0.0,19830.0,ASK
872,1712375760.7681522,111065.60461612,19070.0,-0.0,19830.0,ASK
873,1712375790.73344,111065.60461612,19070.0,-0.0,19830.0,ASK
874,1712375820.5236022,111065.60461612,19070.0,-0.0,19830.0,ASK
875,1712375825.8140447,111065.91825961,19130.0,4.1033287328354795e-11,19830.0,BID
1075,1712375825.8140447,111065.91825961,19130.0,4.10332873283548e-11,19830.0,BID
876,1712375850.5239828,111065.91825961,19130.0,0.0,19830.0,BID
877,1712375880.7741,111065.91825961,19130.0,0.0,19830.0,BID
878,1712375910.7750516,111065.91825961,19130.0,0.0,19830.0,BID
879,1712375940.534251,111065.91825961,19130.0,0.0,19830.0,BID
880,1712375970.5046847,111065.91825961,19130.0,0.0,19830.0,BID
881,1712376000.6349196,111065.91825961,19130.0,0.0,19830.0,BID
882,1712376030.5256789,111065.91825961,19130.0,0.0,19830.0,BID
883,1712376060.745359,111065.91825961,19130.0,0.0,19830.0,BID
884,1712376090.7853627,111065.91825961,19130.0,0.0,19830.0,BID
885,1712376120.5226,111065.91825961,19130.0,0.0,19830.0,BID
886,1712376150.5284593,111065.91825961,19130.0,0.0,19830.0,BID
887,1712376180.7558208,111065.91825961,19130.0,0.0,19830.0,BID
888,1712376210.7659435,111065.91825961,19130.0,0.0,19830.0,BID
889,1712376240.5500462,111065.91825961,19130.0,0.0,19830.0,BID
890,1712376270.5159943,111065.91825961,19130.0,0.0,19830.0,BID
891,1712376300.7562237,111065.91825961,19130.0,0.0,19830.0,BID
892,1712376330.7562208,111065.91825961,19130.0,0.0,19830.0,BID
893,1712376360.4661968,111065.91825961,19130.0,0.0,19830.0,BID
894,1712376390.5980265,111065.91825961,19130.0,0.0,19830.0,BID
895,1712376420.756784,111065.91825961,19130.0,0.0,19830.0,BID
896,1712376442.2600236,111067.91825961,19120.0,2.6323449317348403e-10,19830.0,BID
897,1712376450.766486,111067.91825961,19120.0,0.0,19830.0,BID
898,1712376480.556548,111067.91825961,19120.0,0.0,19830.0,BID
899,1712376508.44708,111068.96373791,19090.0,-1.3760228265421322e-10,19830.0,ASK
900,1712376508.4572935,111137.91825961,19090.0,-9.0755586081781e-09,19830.0,ASK
901,1712376508.4629722,111139.91825961,19090.0,-2.632331683094947e-10,19830.0,ASK
902,1712376510.5191898,111139.91825961,19090.0,-0.0,19830.0,ASK
903,1712376540.767799,111139.91825961,19090.0,-0.0,19830.0,ASK
904,1712376570.766785,111139.91825961,19090.0,-0.0,19830.0,ASK
905,1712376600.5369003,111139.91825961,19090.0,-0.0,19830.0,ASK
906,1712376630.5268764,111139.91825961,19090.0,-0.0,19830.0,ASK
907,1712376652.1212351,111140.57735107,19090.0,-8.675515331803198e-11,19830.0,ASK
908,1712376652.1286988,111155.65763888,19090.0,-1.984994132753345e-09,19830.0,ASK
909,1712376660.747197,111155.65763888,19090.0,-0.0,19830.0,ASK
910,1712376690.757171,111155.65763888,19090.0,-0.0,19830.0,ASK
911,1712376720.548879,111155.65763888,19090.0,-0.0,19830.0,ASK
912,1712376727.0272565,111171.28345735,19120.0,2.0567201171879474e-09,19830.0,BID
913,1712376727.0346315,111314.96854369,19120.0,1.8912289822307523e-08,19830.0,BID
914,1712376727.0972102,111315.56261101,19120.0,7.819303739789063e-11,19830.0,BID
915,1712376734.0074568,111625.28170104,19130.0,4.076621550192176e-08,19830.0,BID
916,1712376734.0149992,111725.28170104,19130.0,1.3162319280342857e-08,19830.0,BID
917,1712376740.4372702,111726.28170104,19150.0,1.3162319280342855e-10,19830.0,BID
918,1712376740.5773077,111742.78901267,19160.0,-2.1727450613404523e-09,19830.0,ASK
919,1712376740.757324,111782.95551267,19160.0,-5.2868429737397875e-09,19830.0,ASK
920,1712376740.777128,111810.32821267,19160.0,-3.602882169651353e-09,19830.0,ASK
921,1712376750.5134768,111810.32821267,19160.0,-0.0,19830.0,ASK
922,1712376780.7611852,111810.32821267,19160.0,-0.0,19830.0,ASK
923,1712376782.0375056,111844.79746507,19160.0,-4.52948595720408e-09,19830.0,ASK
924,1712376782.3271792,111951.68332276,19160.0,1.4045503099758782e-08,19830.0,BID
925,1712376810.7778685,111951.68332276,19160.0,0.0,19830.0,BID
926,1712376840.497671,111951.68332276,19160.0,0.0,19830.0,BID
927,1712376870.497538,111951.68332276,19160.0,0.0,19830.0,BID
928,1712376900.5331812,111951.68332276,19160.0,0.0,19830.0,BID
929,1712376904.8574538,111980.46406582,19110.0,-3.782113330600731e-09,19830.0,ASK
930,1712376904.9575994,112057.76488748,19110.0,1.0158197356381814e-08,19830.0,BID
931,1712376910.037277,112063.00048957,19100.0,-6.880169986228189e-10,19830.0,ASK
932,1712376910.0449312,112100.7428741,19100.0,-4.959773809941122e-09,19830.0,ASK
933,1712376930.517985,112100.7428741,19100.0,-0.0,19830.0,ASK
934,1712376960.7570658,112100.7428741,19100.0,-0.0,19830.0,ASK
935,1712376990.7569852,112100.7428741,19100.0,-0.0,19830.0,ASK
936,1712376992.256836,112101.74026313,19150.0,1.3101909922195456e-10,19830.0,BID
937,1712377020.486619,112101.74026313,19150.0,0.0,19830.0,BID
938,1712377021.8961213,112102.45945777,19160.0,9.447466800194367e-11,19830.0,BID
939,1712377021.9033403,112102.73988757,19150.0,3.6837749865148175e-11,19830.0,BID
940,1712377050.4953191,112102.73988757,19150.0,0.0,19830.0,BID
941,1712377080.754758,112102.73988757,19150.0,0.0,19830.0,BID
942,1712377082.1247516,112103.74040976,19150.0,1.314300172571693e-10,19830.0,BID
943,1712377110.780556,112103.74040976,19150.0,0.0,19830.0,BID
944,1712377136.8177085,112112.40511135,19150.0,1.1382046541979791e-09,19830.0,BID
945,1712377140.533458,112112.40511135,19150.0,0.0,19830.0,BID
946,1712377141.7534723,112113.40511135,19150.0,1.3135822785146962e-10,19830.0,BID
947,1712377147.6033802,112122.09211448,19120.0,-1.1411093364958342e-09,19830.0,ASK
948,1712377147.7633371,112129.2102536,19120.0,9.350261404044682e-10,19830.0,BID
949,1712377147.7831814,112139.69187605,19120.0,1.376847350039586e-09,19830.0,BID
950,1712377170.5041995,112139.69187605,19120.0,0.0,19830.0,BID
951,1712377191.7225194,112139.98028716,19120.0,-3.7882575961434097e-11,19830.0,ASK
952,1712377200.5449257,112139.98028716,19120.0,-0.0,19830.0,ASK
953,1712377202.3724475,112140.97924222,19140.0,1.3151722631827298e-10,19830.0,BID
954,1712377230.4939685,112140.97924222,19140.0,0.0,19830.0,BID
955,1712377260.7517917,112140.97924222,19140.0,0.0,19830.0,BID
956,1712377288.8513305,112146.20390261,19140.0,6.87849875122123e-10,19830.0,BID
957,1712377290.7412517,112146.20390261,19140.0,0.0,19830.0,BID
958,1712377294.071057,112147.20390261,19140.0,1.3165273300964583e-10,19830.0,BID
959,1712377320.550553,112147.20390261,19140.0,0.0,19830.0,BID
960,1712377323.56062,112148.20390261,19140.0,1.316524012675398e-10,19830.0,BID
961,1712377350.625049,112148.20390261,19140.0,0.0,19830.0,BID
962,1712377375.1698403,112323.11456443,19120.0,-2.3027350610958986e-08,19830.0,ASK
963,1712377375.1769664,112323.61067214,19120.0,-6.531360673005387e-11,19830.0,ASK
964,1712377375.1829827,112808.1094224,19100.0,-6.378526315502504e-08,19830.0,ASK
965,1712377375.289795,112884.05822343,19100.0,9.998816833701532e-09,19830.0,BID
966,1712377375.2974365,112894.87020261,19100.0,1.423419434732652e-09,19830.0,BID
967,1712377375.449729,112908.77706792,19120.0,-1.830867598695772e-09,19830.0,ASK
968,1712377380.7295544,112908.77706792,19120.0,-0.0,19830.0,ASK
969,1712377410.74306,112908.77706792,19120.0,-0.0,19830.0,ASK
970,1712377435.7789755,112913.70466792,19090.0,-6.474900885060262e-10,19830.0,ASK
971,1712377437.1787996,112917.88876833,19120.0,5.497937220534801e-10,19830.0,BID
972,1712377440.503214,112917.88876833,19120.0,0.0,19830.0,BID
973,1712377470.5014937,112917.88876833,19120.0,0.0,19830.0,BID
974,1712377500.718001,112917.88876833,19120.0,0.0,19830.0,BID
975,1712377530.7177484,112917.88876833,19120.0,0.0,19830.0,BID
976,1712377560.661609,112917.88876833,19120.0,0.0,19830.0,BID
977,1712377590.478002,112917.88876833,19120.0,0.0,19830.0,BID
978,1712377607.6868677,112919.20043108,19110.0,1.7237471730150488e-10,19830.0,BID
979,1712377620.7666795,112919.20043108,19110.0,0.0,19830.0,BID
980,1712377650.766373,112919.20043108,19110.0,0.0,19830.0,BID
981,1712377680.4960687,112919.20043108,19110.0,0.0,19830.0,BID
982,1712377687.1166606,112939.76509292,19140.0,2.702536222947033e-09,19830.0,BID
983,1712377687.1242158,112940.5758823,19140.0,1.0655111597214059e-10,19830.0,BID
984,1712377687.13396,112969.36415958,19150.0,3.7832551174788286e-09,19830.0,BID
985,1712377687.1375933,114654.42431874,19140.0,2.2144473628618925e-07,19830.0,BID
986,1712377687.1411552,115822.34584022,19150.0,1.5348417795126777e-07,19830.0,BID
987,1712377691.1969495,115837.31282285,19170.0,1.966908720428853e-09,19830.0,BID
988,1712377691.2052891,115838.31282285,19200.0,1.3141651654536731e-10,19830.0,BID
989,1712377691.2111468,115839.31282285,19170.0,1.3141651654536731e-10,19830.0,BID
990,1712377691.2146952,115844.00773122,19160.0,6.169885034853434e-10,19830.0,BID
991,1712377691.2183518,115859.03869886,19190.0,1.975317407553891e-09,19830.0,BID
992,1712377691.221954,116019.34886959,19180.0,2.1067404204130807e-08,19830.0,BID
993,1712377692.7760935,116020.42376087,19200.0,-1.4125846768318528e-10,19830.0,ASK
994,1712377692.9358523,116020.96120651,19200.0,-7.062923383968028e-11,19830.0,ASK
995,1712377693.0684495,116086.99590651,19200.0,-8.678050245118865e-09,19830.0,ASK
996,1712377693.072534,116183.89470651,19200.0,-1.2734102753425632e-08,19830.0,ASK
997,1712377706.3657808,116210.10015724,19200.0,-3.443829049438561e-09,19830.0,ASK
998,1712377710.495968,116210.10015724,19200.0,-0.0,19830.0,ASK
999,1712377714.065893,116210.75598862,19200.0,-8.547915911294628e-11,19830.0,ASK
1000,1712377716.1360314,116211.08390431,19200.0,-4.273957955552481e-11,19830.0,ASK
1201,1712377718.4260108,116211.41182,19200.0,-4.273957955552481e-11,19830.0,ASK
1202,1712377721.175929,116236.1306645,19200.0,-3.221782468060263e-09,19830.0,ASK
1203,1712377721.1785457,116394.38994142,19200.0,-2.062705494945809e-08,19830.0,ASK
1204,1712377724.6460285,116553.70084623,19200.0,-2.0764121077243087e-08,19830.0,ASK
1205,1712377740.535607,116553.70084623,19200.0,-0.0,19830.0,ASK
1206,1712377770.7000778,116553.70084623,19200.0,-0.0,19830.0,ASK
1207,1712377800.565602,116553.70084623,19200.0,-0.0,19830.0,ASK
1208,1712377803.665344,116553.96956905,19200.0,-3.508721366934781e-11,19830.0,ASK
1209,1712377804.105075,116554.23829187,19200.0,-3.508721367124786e-11,19830.0,ASK
1210,1712377810.576361,116617.47915574,19200.0,-8.257377260671683e-09,19830.0,ASK
1211,1712377824.7449465,116619.10073451,19200.0,-2.1172999295578887e-10,19830.0,ASK
1212,1712377826.3149433,116619.91152389,19200.0,-1.0586499582617811e-10,19830.0,ASK
1213,1712377830.5050292,116619.91152389,19200.0,-0.0,19830.0,ASK
1214,1712377830.8549347,116620.91152389,19200.0,-1.3054860998337707e-10,19830.0,ASK
1215,1712377831.576352,116621.91152389,19210.0,1.3054860998337707e-10,19830.0,BID
1216,1712377831.5790195,117244.41632536,19210.0,8.12671365398867e-08,19830.0,BID
1217,1712377831.6351452,117323.03332536,19200.0,-1.0263340071062942e-08,19830.0,ASK
1218,1712377834.8953557,117324.03332536,19200.0,-1.3054860998337707e-10,19830.0,ASK
1219,1712377838.7049942,117343.89443317,19200.0,-2.5928400173264766e-09,19830.0,ASK
1220,1712377839.7448602,117344.89443317,19200.0,-1.3054860998337707e-10,19830.0,ASK
1221,1712377860.744764,117344.89443317,19200.0,-0.0,19830.0,ASK
1222,1712377879.5450566,118344.89443317,19200.0,-1.303117022935625e-07,19830.0,ASK
1223,1712377880.9545865,118491.59336803,19200.0,-1.911658792625761e-08,19830.0,ASK
1224,1712377890.7245784,118491.59336803,19200.0,-0.0,19830.0,ASK
1225,1712377920.5244236,118491.59336803,19200.0,-0.0,19830.0,ASK
1226,1712377921.9443357,118495.59336803,19200.0,-5.197556182615657e-10,19830.0,ASK
1227,1712377950.5072074,118495.59336803,19200.0,-0.0,19830.0,ASK
1228,1712377955.7941153,118732.50732498,19200.0,-3.0784032838995554e-08,19830.0,ASK
1229,1712377964.9341092,118733.50732498,19200.0,-1.2993760787799842e-10,19830.0,ASK
1230,1712377980.743938,118733.50732498,19200.0,-0.0,19830.0,ASK
1231,1712377986.4814713,118769.94215285,19200.0,-4.731446035441355e-09,19830.0,ASK
1232,1712378010.7537374,118769.94215285,19200.0,-0.0,19830.0,ASK
1233,1712378022.834098,118770.94215285,19160.0,-1.2984873344261588e-10,19830.0,ASK
1234,1712378040.4834533,118770.94215285,19160.0,-0.0,19830.0,ASK
1235,1712378070.493276,118770.94215285,19160.0,-0.0,19830.0,ASK
1236,1712378076.08356,118771.93954869,19150.0,-1.295102643571372e-10,19830.0,ASK
1237,1712378083.3339574,118772.93954869,19140.0,-1.2984841039253067e-10,19830.0,ASK
1238,1712378083.3368883,118773.93954869,19120.0,-1.2984841039253067e-10,19830.0,ASK
1239,1712378083.339745,118774.93954869,19130.0,-1.2984841039253067e-10,19830.0,ASK
1240,1712378083.3426049,118774.94215285,19150.0,-3.3814603539346493e-13,19830.0,ASK
1241,1712378083.344049,118775.52893401,19120.0,-7.619260087477064e-11,19830.0,ASK
1242,1712378100.7030022,118775.52893401,19120.0,-0.0,19830.0,ASK
1243,1712378130.7432392,118775.52893401,19120.0,-0.0,19830.0,ASK
1244,1712378160.48283,118775.52893401,19120.0,-0.0,19830.0,ASK
1245,1712378172.4427996,118775.82232459,19170.0,-3.8159982892497136e-11,19830.0,ASK
1246,1712378172.9228024,118776.11571517,19170.0,-3.8159982892497136e-11,19830.0,ASK
1247,1712378190.4626677,118776.11571517,19170.0,-0.0,19830.0,ASK
1248,1712378214.59267,118807.4326997,19170.0,-4.073252268269067e-09,19830.0,ASK
1249,1712378214.594741,118823.08215196,19170.0,-2.0354503433795662e-09,19830.0,ASK
1250,1712378214.5964043,119274.41529608,19150.0,-5.870277041746207e-08,19830.0,ASK
1251,1712378220.5524917,119274.41529608,19150.0,-0.0,19830.0,ASK
1252,1712378250.4922152,119274.41529608,19150.0,-0.0,19830.0,ASK
1253,1712378251.2924728,119298.85734205,19210.0,3.175120324149327e-09,19830.0,BID
1254,1712378251.2956133,119299.16990305,19210.0,4.0602934175419916e-11,19830.0,BID
1255,1712378280.742988,119299.16990305,19210.0,0.0,19830.0,BID
1256,1712378296.1021106,119351.22612376,19210.0,6.761895256230639e-09,19830.0,BID
1257,1712378310.766735,119351.22612376,19210.0,0.0,19830.0,BID
1258,1712378340.5120246,119351.22612376,19210.0,0.0,19830.0,BID
1259,1712378346.352275,120351.32612376,19190.0,-1.2989212502538154e-07,19830.0,ASK
1260,1712378370.5211406,120351.32612376,19190.0,-0.0,19830.0,ASK
1261,1712378375.1218565,120356.54260784,19170.0,-6.758278623456392e-10,19830.0,ASK
1262,1712378375.1252196,120383.39581597,19170.0,-3.4789996421457062e-09,19830.0,ASK
1263,1712378375.1280954,120434.88912181,19160.0,-6.671277104883023e-09,19830.0,ASK
1264,1712378375.1310215,120854.98782376,19150.0,-5.4426392059931935e-08,19830.0,ASK
1265,1712378400.4959412,120854.98782376,19150.0,-0.0,19830.0,ASK
1266,1712378427.321626,120855.79861315,19160.0,-1.0595624463591959e-10,19830.0,ASK
1267,1712378430.4739692,120855.79861315,19160.0,-0.0,19830.0,ASK
1268,1712378447.7513232,120860.01736315,19200.0,5.513170314137621e-10,19830.0,BID
1269,1712378447.7616055,120911.51066899,19200.0,6.729276803174611e-09,19830.0,BID
1270,1712378447.763971,122614.42152239,19210.0,2.22540742271707e-07,19830.0,BID
1271,1712378447.7664351,122678.77935234,19200.0,8.410445690375115e-09,19830.0,BID
1272,1712378460.7513404,122678.77935234,19200.0,0.0,19830.0,BID
1273,1712378490.7412024,122678.77935234,19200.0,0.0,19830.0,BID
1274,1712378520.500955,122678.77935234,19200.0,0.0,19830.0,BID
1275,1712378537.1910477,123304.00166763,19210.0,8.133344571219388e-08,19830.0,BID
1276,1712378537.2009954,124037.6921509,19210.0,9.544377036976841e-08,19830.0,BID
1277,1712378550.490954,124037.6921509,19210.0,0.0,19830.0,BID
1278,1712378580.750693,124037.6921509,19210.0,0.0,19830.0,BID
1279,1712378602.6507564,124037.96188149,19220.0,3.4969754688401694e-11,19830.0,BID
1280,1712378602.6628475,124493.70706628,19220.0,5.9085983951950295e-08,19830.0,BID
1281,1712378602.665523,124562.76916952,19210.0,8.953692677208231e-09,19830.0,BID
1282,1712378610.7105913,124562.76916952,19210.0,0.0,19830.0,BID
1283,1712378640.500797,124562.76916952,19210.0,0.0,19830.0,BID
1284,1712378664.7505407,124575.10090543,19230.0,1.596683291267034e-09,19830.0,BID
1285,1712378664.7533746,124888.90843681,19230.0,4.0631038945809794e-08,19830.0,BID
1286,1712378670.4921815,124888.90843681,19230.0,0.0,19830.0,BID
1287,1712378700.5852492,124888.90843681,19230.0,0.0,19830.0,BID
1288,1712378730.501474,124888.90843681,19230.0,0.0,19830.0,BID
1289,1712378734.0505629,125132.94360385,19250.0,3.1709284842480265e-08,19830.0,BID
1290,1712378734.0529785,125269.92965153,19240.0,1.7799605106171428e-08,19830.0,BID
1291,1712378734.054388,125866.01451762,19250.0,7.745369259030522e-08,19830.0,BID
1292,1712378760.7201664,125866.01451762,19250.0,0.0,19830.0,BID
1293,1712378769.5200872,125866.99952023,19260.0,1.276766139665911e-10,19830.0,BID
1294,1712378769.5225902,125998.54365726,19260.0,1.7050827919223593e-08,19830.0,BID
1295,1712378769.525096,125998.82572326,19250.0,3.656155976577589e-11,19830.0,BID
1296,1712378790.7512794,125998.82572326,19250.0,0.0,19830.0,BID
1297,1712378794.5899591,125999.34928346,19230.0,-6.78416853930927e-11,19830.0,ASK
1298,1712378797.3800514,126341.15817206,19260.0,4.4290782769262e-08,19830.0,BID
1299,1712378797.3834112,126443.74833189,19260.0,1.3293388893149596e-08,19830.0,BID
1300,1712378801.199905,126445.82487169,19230.0,-2.6907308809295076e-10,19830.0,ASK
1301,1712378803.970168,126506.15082797,19230.0,7.816893925402547e-09,19830.0,BID
1302,1712378820.5212483,126506.15082797,19230.0,0.0,19830.0,BID
1303,1712378850.519611,126506.15082797,19230.0,0.0,19830.0,BID
1304,1712378856.809858,126508.16466716,19270.0,2.6061858323119987e-10,19830.0,BID
1305,1712378856.8132455,126616.79732512,19270.0,1.4058565128144934e-08,19830.0,BID
1306,1712378880.7094378,126616.79732512,19270.0,0.0,19830.0,BID
1307,1712378885.4696283,126619.4305693,19260.0,3.4068413185378403e-10,19830.0,BID
1308,1712378888.0299287,126620.4305693,19260.0,-1.2937810114261864e-10,19830.0,ASK
1309,1712378910.7394283,126620.4305693,19260.0,-0.0,19830.0,ASK
1310,1712378912.149455,126620.69043431,19260.0,-3.3620537166715347e-11,19830.0,ASK
1311,1712378917.949427,126620.9550944,19270.0,3.4240909894505687e-11,19830.0,BID
1312,1712378928.8795743,126741.11539539,19270.0,1.554597083094281e-08,19830.0,BID
1313,1712378940.5296304,126741.11539539,19270.0,0.0,19830.0,BID
1314,1712378963.689603,127183.25030967,19270.0,5.7184852109324813e-08,19830.0,BID
1315,1712378963.6929069,127245.58988231,19270.0,8.062876571922755e-09,19830.0,BID
1316,1712378970.4992106,127245.58988231,19270.0,0.0,19830.0,BID
1317,1712378980.8094342,127246.62776502,19270.0,-1.3406912107290735e-10,19830.0,ASK
1318,1712378999.0993,127257.74611971,19270.0,1.436220130360835e-09,19830.0,BID
1319,1712379000.539376,127257.74611971,19270.0,0.0,19830.0,BID
1320,1712379006.92935,127283.77423006,19280.0,3.3627218895097872e-09,19830.0,BID
1321,1712379006.9391704,127368.30358859,19280.0,1.0920835988972276e-08,19830.0,BID
1322,1712379011.9791386,127373.22860164,19260.0,-6.362908780800437e-10,19830.0,ASK
1323,1712379022.87437,127444.99500976,19280.0,9.271916718944727e-09,19830.0,BID
1324,1712379022.8770585,127483.78301035,19280.0,5.011245798502661e-09,19830.0,BID
1325,1712379026.299204,127520.30463448,19260.0,-4.718439535217208e-09,19830.0,ASK
1326,1712379028.8290775,127525.99010212,19260.0,-7.345383982196373e-10,19830.0,ASK
1327,1712379030.529148,127525.99010212,19260.0,-0.0,19830.0,ASK
1328,1712379032.609619,127537.047571,19280.0,1.427624543520612e-09,19830.0,BID
1329,1712379038.5212564,127537.94343694,19260.0,-1.1566482506257786e-10,19830.0,ASK
1330,1712379038.524937,127543.13554493,19260.0,-6.70350591042647e-10,19830.0,ASK
1331,1712379041.7098708,127548.00405824,19260.0,6.2857143594378e-10,19830.0,BID
1332,1712379041.71355,127913.55556181,19280.0,4.719618061611463e-08,19830.0,BID
1333,1712379048.659968,128024.05265875,19290.0,1.4266227587100881e-08,19830.0,BID
1334,1712379060.7000887,128024.05265875,19290.0,0.0,19830.0,BID
1335,1712379063.9404154,128060.63716875,19280.0,4.7175593342431835e-09,19830.0,BID
1336,1712379063.9440062,128134.78393468,19280.0,9.561198652571584e-09,19830.0,BID
1337,1712379079.0208917,128186.27724052,19220.0,-6.640043166260394e-09,19830.0,ASK
1338,1712379079.0308115,128332.7532477,19210.0,-1.8888028154941145e-08,19830.0,ASK
1339,1712379085.1143925,128384.24655354,19260.0,6.640043166260394e-09,19830.0,BID
1340,1712379085.116467,128466.56170104,19270.0,1.0614508502047633e-08,19830.0,BID
1341,1712379085.118419,128556.3100026,19300.0,1.157301102999187e-08,19830.0,BID
1342,1712379085.1204174,128556.57831579,19320.0,3.4598888818617044e-11,19830.0,BID
1343,1712379085.1221128,128562.65643449,19300.0,7.8377120830106e-10,19830.0,BID
1344,1712379085.1238346,128611.96062708,19270.0,6.357757804335503e-09,19830.0,BID
1345,1712379085.1255057,128661.26481966,19290.0,6.3577578030463725e-09,19830.0,BID
1346,1712379085.12712,128670.56933915,19300.0,1.199814423389774e-09,19830.0,BID
1347,1712379090.720917,128670.56933915,19300.0,0.0,19830.0,BID
1348,1712379090.793992,128679.23235363,19220.0,-1.1153018002059306e-09,19830.0,ASK
1349,1712379109.6216395,128730.72565947,19210.0,-6.629398673464065e-09,19830.0,ASK
1350,1712379109.7442915,128809.45101062,19210.0,1.0135331767267237e-08,19830.0,BID
1351,1712379109.7466471,128880.54386667,19210.0,9.152702043544156e-09,19830.0,BID
1352,1712379109.7816188,128899.78335329,19210.0,2.476947731283564e-09,19830.0,BID
1353,1712379109.822075,128913.65326961,19210.0,1.785653559291914e-09,19830.0,BID
1354,1712379110.9217288,128929.9605703,19210.0,2.09944954588711e-09,19830.0,BID
1355,1712379117.3728037,128945.90274104,19210.0,2.0524416491008548e-09,19830.0,BID
1356,1712379119.86187,128966.22585792,19210.0,2.616457457665066e-09,19830.0,BID
1357,1712379120.521753,128966.22585792,19210.0,0.0,19830.0,BID
1358,1712379120.9821043,128989.21203407,19210.0,2.9571451828658904e-09,19830.0,BID
1359,1712379123.3520267,129236.15747657,19200.0,-3.1769247784144444e-08,19830.0,ASK
1360,1712379136.9326108,129822.76503667,19200.0,-7.546638941866263e-08,19830.0,ASK
1361,1712379136.9360974,129890.0743898,19200.0,-8.659271036262725e-09,19830.0,ASK
1362,1712379138.152429,129914.79842726,19210.0,3.18071904603567e-09,19830.0,BID
1363,1712379140.602471,130800.03248145,19190.0,-1.1388434518091987e-07,19830.0,ASK
1364,1712379149.30305,131699.89096345,19170.0,-1.1576576103574557e-07,19830.0,ASK
1365,1712379149.3127809,131739.38641846,19170.0,-5.0810449622308e-09,19830.0,ASK
1366,1712379149.3158653,131784.0956378,19180.0,-5.751789759991984e-09,19830.0,ASK
1367,1712379149.4327478,131825.10848908,19170.0,5.2762562510099836e-09,19830.0,BID
1368,1712379149.5327926,131830.58784696,19170.0,7.049131031738644e-10,19830.0,BID
1369,1712379150.50256,131830.58784696,19170.0,0.0,19830.0,BID
1370,1712379150.5534532,131878.41734911,19170.0,6.11001190593626e-09,19830.0,BID
1371,1712379156.1330056,131903.28349733,19170.0,3.1765428208398787e-09,19830.0,BID
1372,1712379180.7133386,131903.28349733,19170.0,0.0,19830.0,BID
1373,1712379182.933809,131928.00753479,19200.0,3.1578266196973142e-09,19830.0,BID
1374,1712379182.9377246,131936.67054927,19200.0,1.106465631919291e-09,19830.0,BID
1375,1712379186.252488,132576.13260213,19210.0,8.16739699604131e-08,19830.0,BID
1376,1712379186.254318,132661.03134258,19210.0,1.0843516274622248e-08,19830.0,BID
1377,1712379192.3939652,132685.8974908,19230.0,3.175977423004048e-09,19830.0,BID
1378,1712379192.3979502,132772.02328645,19240.0,1.1000239365689368e-08,19830.0,BID
1379,1712379210.7241328,132772.02328645,19240.0,0.0,19830.0,BID
1380,1712379213.9343026,133475.19965261,19240.0,8.962069080572657e-08,19830.0,BID
1381,1712379234.4347177,133476.25418152,19250.0,1.344010036979363e-10,19830.0,BID
1382,1712379234.438278,133543.0224578,19250.0,8.509698749971114e-09,19830.0,BID
1383,1712379240.4958992,133543.0224578,19250.0,0.0,19830.0,BID
1384,1712379270.5053403,133543.0224578,19250.0,0.0,19830.0,BID
1385,1712379271.0654447,133547.60232926,19230.0,5.82608699143689e-10,19830.0,BID
1386,1712379300.726113,133547.60232926,19230.0,0.0,19830.0,BID
1387,1712379303.529162,134288.24119938,19250.0,9.422794027897948e-08,19830.0,BID
1388,1712379310.696489,134289.24119938,19200.0,-1.2722521606746574e-10,19830.0,ASK
1389,1712379319.196479,134534.23693539,19250.0,3.116963544948303e-08,19830.0,BID
1390,1712379319.1983066,134726.98672823,19280.0,2.4522634041026047e-08,19830.0,BID
1391,1712379319.2000668,135027.15969834,19290.0,3.818957097985738e-08,19830.0,BID
1392,1712379330.7329843,135027.15969834,19290.0,0.0,19830.0,BID
1393,1712379360.4970536,135027.15969834,19290.0,0.0,19830.0,BID
1394,1712379367.5075097,135112.4863139,19290.0,1.0816478504781585e-08,19830.0,BID
1395,1712379367.5124094,135119.36446572,19290.0,8.719129526606352e-10,19830.0,BID
1396,1712379367.5167954,135489.25380799,19310.0,4.688923958313221e-08,19830.0,BID
1397,1712379367.5206025,138725.90008256,19320.0,4.1029536477799577e-07,19830.0,BID
1398,1712379367.524583,138918.6498754,19310.0,2.4434040625796344e-08,19830.0,BID
1399,1712379371.967373,139087.02753107,19330.0,2.1344492351966986e-08,19830.0,BID
1400,1712379371.9696865,139156.14679816,19340.0,8.761944462916368e-09,19830.0,BID
1401,1712379371.9719596,139300.79359351,19330.0,1.8336235914433792e-08,19830.0,BID
1402,1712379371.979603,139301.79359351,19340.0,1.2676558696007192e-10,19830.0,BID
1403,1712379371.981829,139311.05178937,19370.0,1.173620632383098e-09,19830.0,BID
1404,1712379371.983846,139339.32428977,19330.0,3.58398010803791e-09,19830.0,BID
1405,1712379371.985666,139596.06226156,19390.0,3.254553968889639e-08,19830.0,BID
1406,1712379371.9875314,139656.06226156,19340.0,7.605935217604315e-09,19830.0,BID
1407,1712379371.9893415,139668.25597803,19410.0,1.5457436255450851e-09,19830.0,BID
1408,1712379371.9913282,139678.57606321,19370.0,1.3082316553196275e-09,19830.0,BID
1409,1712379371.9931417,140384.4619628,19360.0,8.94820403883658e-08,19830.0,BID
1410,1712379371.995019,140394.77672286,19380.0,1.3075566133571146e-09,19830.0,BID
1411,1712379371.9970615,140407.77672286,19400.0,1.647952630480934e-09,19830.0,BID
1412,1712379371.998908,140424.88397874,19380.0,2.168611332903494e-09,19830.0,BID
1413,1712379372.0007153,140425.39944266,19400.0,6.534308637796095e-11,19830.0,BID
1414,1712379372.0025666,140425.66635327,19420.0,3.3835080141623266e-11,19830.0,BID
1415,1712379372.0044012,140441.09073984,19440.0,1.955281417044757e-09,19830.0,BID
1416,1712379372.006242,140441.35795229,19470.0,3.387334306849794e-11,19830.0,BID
1417,1712379372.008135,140456.76648646,19460.0,1.953271878252205e-09,19830.0,BID
1418,1712379372.009974,140475.28287817,19470.0,2.347241263500744e-09,19830.0,BID
1419,1712379372.011859,140542.59977206,19450.0,8.533465566295402e-09,19830.0,BID
1420,1712379372.2272642,140556.56769756,19330.0,-1.770652274623105e-09,19830.0,ASK
1421,1712379372.4279888,140562.48325423,19340.0,-7.49889013467095e-10,19830.0,ASK
1422,1712379372.4327104,140588.32348174,19340.0,-3.275651607486224e-09,19830.0,ASK
1423,1712379372.627572,140604.36228866,19350.0,-2.033168773352812e-09,19830.0,ASK
1424,1712379372.7074811,140609.69620052,19350.0,-6.761564677277671e-10,19830.0,ASK
1425,1712379372.717438,140619.25915359,19350.0,-1.2122533589914171e-09,19830.0,ASK
1426,1712379372.847239,140621.18036988,19350.0,2.4354411067637305e-10,19830.0,BID
1427,1712379375.177307,140622.90206961,19340.0,-2.1825227684223984e-10,19830.0,ASK
1428,1712379375.2374976,140631.65340809,19340.0,1.109368559104899e-09,19830.0,BID
1429,1712379375.2573123,140631.72829223,19340.0,9.492731959946596e-12,19830.0,BID
1430,1712379380.6476111,140635.67423164,19340.0,-5.002093254190783e-10,19830.0,ASK
1431,1712379380.7275455,140656.36781342,19320.0,-2.6232340406456927e-09,19830.0,ASK
1432,1712379380.733081,140662.67642808,19320.0,-7.997152402830269e-10,19830.0,ASK
1433,1712379390.49782,140662.67642808,19320.0,-0.0,19830.0,ASK
1434,1712379420.7383084,140662.67642808,19320.0,-0.0,19830.0,ASK
1435,1712379426.4483154,140668.38538998,19320.0,7.13841463129487e-10,19830.0,BID
1436,1712379426.4683342,140669.53246118,19320.0,1.4342834968585568e-10,19830.0,BID
1437,1712379426.5483923,140683.50038668,19240.0,-1.7465319528326715e-09,19830.0,ASK
1438,1712379428.6388185,140704.19396846,19390.0,2.5874996109675326e-09,19830.0,BID
1439,1712379428.643281,140710.50258312,19390.0,7.88821295029496e-10,19830.0,BID
1440,1712379428.6475654,140736.10434311,19400.0,3.2012120820142742e-09,19830.0,BID
1441,1712379428.6519196,140741.43825497,19400.0,6.66945674724523e-10,19830.0,BID
1442,1712379428.65404,140745.38419438,19390.0,4.933953337217556e-10,19830.0,BID
1443,1712379428.655981,140753.02145078,19400.0,9.54952998181569e-10,19830.0,BID
1444,1712379428.6579134,140813.49113356,19410.0,7.561053583284405e-09,19830.0,BID
1445,1712379428.66301,140839.33136107,19400.0,3.231029762772929e-09,19830.0,BID
1446,1712379432.318818,140884.26312516,19330.0,-5.618211643545289e-09,19830.0,ASK
1447,1712379432.3232477,140935.38821569,19330.0,-6.392617443588835e-09,19830.0,ASK
1448,1712379432.327582,141159.72641444,19320.0,-2.8050968080947293e-08,19830.0,ASK
1449,1712379432.331911,141192.94599595,19310.0,-4.153734967079218e-09,19830.0,ASK
1450,1712379432.3338957,141318.49413259,19320.0,-1.5698382144167878e-08,19830.0,ASK
1451,1712379434.408451,141414.55098721,19310.0,-1.2010829087134125e-08,19830.0,ASK
1452,1712379445.9084864,141419.72965111,19470.0,6.47533663773875e-10,19830.0,BID
1453,1712379447.598956,141424.90831501,19470.0,6.475336637702359e-10,19830.0,BID
1454,1712379449.2888432,141442.72291884,19310.0,-2.2275158051325404e-09,19830.0,ASK
1455,1712379449.2971528,141546.29619693,19310.0,-1.295067328671506e-08,19830.0,ASK
1456,1712379449.3005242,141582.56562698,19300.0,-4.535084218006713e-09,19830.0,ASK
1457,1712379449.3039842,141719.48950061,19310.0,-1.7120790084417442e-08,19830.0,ASK
1458,1712379449.3062413,141875.06896476,19300.0,-1.945346181452405e-08,19830.0,ASK
1459,1712379449.3082137,141989.37109021,19290.0,-1.4292194955867288e-08,19830.0,ASK
1460,1712379449.34856,142056.76352152,19290.0,8.426665410115887e-09,19830.0,BID
1461,1712379449.3583908,142186.29118991,19290.0,1.6195977822110506e-08,19830.0,BID
1462,1712379449.3686037,142189.09005812,19290.0,3.49966984039539e-10,19830.0,BID
1463,1712379449.5285904,142194.26872202,19290.0,6.47533663773875e-10,19830.0,BID
1464,1712379450.7527914,142194.26872202,19290.0,0.0,19830.0,BID
1465,1712379451.2087257,142199.44738592,19280.0,6.45146910129377e-10,19830.0,BID
1466,1712379452.8788795,142204.62604982,19250.0,-6.45146910129377e-10,19830.0,ASK
1467,1712379452.883463,142250.57247645,19240.0,-5.7239078928819116e-09,19830.0,ASK
1468,1712379452.9386976,142282.58862778,19240.0,-3.988503888958657e-09,19830.0,ASK
1469,1712379452.9419413,142295.50424054,19240.0,-1.6089995074854063e-09,19830.0,ASK
1470,1712379453.5587966,142364.79104054,19240.0,-8.631601856360018e-09,19830.0,ASK
1471,1712379453.563367,142530.57367184,19230.0,-2.0652846834911443e-08,19830.0,ASK
1472,1712379453.5700085,142875.45146696,19230.0,-4.296414059496317e-08,19830.0,ASK
1473,1712379453.5721793,142964.2066542,19240.0,-1.1056932041060264e-08,19830.0,ASK
1474,1712379453.5741131,143150.79011753,19230.0,-2.324417015138872e-08,19830.0,ASK
1475,1712379453.5760984,143384.35105012,19220.0,-2.909652313740641e-08,19830.0,ASK
1476,1712379453.5781927,143579.04683795,19230.0,-2.4254786245850647e-08,19830.0,ASK
1477,1712379453.5801885,143643.77108353,19220.0,-8.063208551987121e-09,19830.0,ASK
1478,1712379453.6385794,143712.05608353,19220.0,8.506799747737804e-09,19830.0,BID
1479,1712379453.6628172,143730.30628238,19220.0,2.2735708716898762e-09,19830.0,BID
1480,1712379453.6671033,143830.50718238,19220.0,1.2482814539694297e-08,19830.0,BID
1481,1712379454.0787013,143835.68584628,19220.0,6.451469101257516e-10,19830.0,BID
1482,1712379454.8107,143855.26307853,19220.0,2.438889864037517e-09,19830.0,BID
1483,1712379455.2687612,143978.73972276,19210.0,-1.5382457142668487e-08,19830.0,ASK
1484,1712379455.5087554,143983.91838666,19220.0,6.45146910129377e-10,19830.0,BID
1485,1712379455.7686498,144140.0670469,19220.0,1.945266725546064e-08,19830.0,BID
1486,1712379456.508842,144234.35225579,19220.0,1.1745850350749205e-08,19830.0,BID
1487,1712379457.9589667,144660.72950443,19220.0,-5.3117168795074834e-08,19830.0,ASK
1488,1712379457.96257,144665.90816833,19220.0,-6.45146910129377e-10,19830.0,ASK
1489,1712379458.1346369,144890.24636708,19210.0,-2.794757461425292e-08,19830.0,ASK
1490,1712379462.2993724,145306.24241219,19220.0,5.182390058726892e-08,19830.0,BID
1491,1712379462.304847,145431.79054883,19260.0,1.5640519251636098e-08,19830.0,BID
1492,1712379462.3100798,145561.31821722,19250.0,1.6136280834516318e-08,19830.0,BID
1493,1712379466.6591485,145626.0424628,19280.0,8.063208551987121e-09,19830.0,BID
1494,1712379466.663191,145980.29894716,19290.0,4.413251770942309e-08,19830.0,BID
1495,1712379466.6666758,146045.02319274,19280.0,8.063208551987121e-09,19830.0,BID
1496,1712379466.6701794,146096.80983178,19430.0,6.4514691062718505e-09,19830.0,BID
1497,1712379469.3291411,146161.5004194,19230.0,-8.059015515072185e-09,19830.0,ASK
1498,1712379469.3338833,146182.31207393,19220.0,-2.5926715604569203e-09,19830.0,ASK
1499,1712379469.3384511,146264.8913771,19230.0,-1.0287553567765914e-08,19830.0,ASK
1500,1712379469.3430583,146313.38253214,19220.0,-6.040924734010155e-09,19830.0,ASK
1501,1712379469.346217,146378.07311976,19230.0,-8.059015515072185e-09,19830.0,ASK
1502,1712379469.3483472,147632.47955575,19220.0,-1.5627127997715358e-07,19830.0,ASK
1503,1712379471.7191093,147809.05995096,19230.0,-2.199800924694856e-08,19830.0,ASK
1504,1712379471.7250657,147918.09841249,19240.0,-1.3583779117479192e-08,19830.0,ASK
1505,1712379474.5889714,147918.0984125,19220.0,-1.243612754668287e-18,19830.0,ASK
1506,1712379474.5991616,148938.01665317,19220.0,-1.2705924042533918e-07,19830.0,ASK
1507,1712379480.439052,148990.01873325,19230.0,-6.478308291813215e-09,19830.0,ASK
1508,1712379480.4418304,149051.93897258,19220.0,-7.713891430216667e-09,19830.0,ASK
1509,1712379480.5289586,149051.93897258,19220.0,-0.0,19830.0,ASK
1510,1712379483.1707,149077.82447542,19270.0,3.172638717397564e-09,19830.0,BID
1511,1712379486.5791526,149083.8738331,19230.0,-7.41435331952868e-10,19830.0,ASK
1512,1712379488.8491905,149093.42509945,19230.0,-1.170644341332666e-09,19830.0,ASK
1513,1712379489.229298,149202.46356098,19210.0,-1.336422347574309e-08,19830.0,ASK
1514,1712379490.4390934,149487.71719296,19210.0,-3.4961913728023794e-08,19830.0,ASK
1515,1712379490.4419818,149578.50357192,19210.0,-1.1127169623915253e-08,19830.0,ASK
1516,1712379490.4447336,149695.90133814,19210.0,-1.4388775862223181e-08,19830.0,ASK
