,time,acc_trade_volume,trade_price,dev,high,ask_bid
0,1712451675.035167,385737.97204119,1294.0,0.0,1295.0,ASK
1,1712451679.4142456,385757.29707976,1295.0,3.4302523983437873e-09,1295.0,BID
2,1712451681.7672913,385762.04878554,1294.0,-8.43442050011659e-10,1295.0,ASK
3,1712451681.7696671,385925.39838169,1294.0,-2.8995044016762266e-08,1295.0,ASK
4,1712451687.5243945,386153.74668153,1294.0,-4.05325091770164e-08,1295.0,ASK
5,1712451687.5256145,386739.72500796,1294.0,-1.0401291321283e-07,1295.0,ASK
6,1712451690.7643905,386739.72500796,1294.0,-0.0,1295.0,ASK
7,1712451691.1244187,387124.97713315,1294.0,6.836366077745729e-08,1295.0,BID
8,1712451696.0743446,387413.86797549,1294.0,5.126418326104485e-08,1295.0,BID
9,1712451699.2543528,387630.50012386,1294.0,3.844175213143093e-08,1295.0,BID
10,1712451702.7846196,387955.39425059,1294.0,5.76530287987464e-08,1295.0,BID
11,1712451708.1642385,388502.79497336,1293.0,-9.71372119033208e-08,1295.0,ASK
12,1712451715.5541873,388657.35447876,1294.0,2.7426853497260867e-08,1295.0,BID
13,1712451720.5070086,388657.35447876,1294.0,0.0,1295.0,BID
14,1712451734.9046729,389332.57487562,1294.0,1.1976631056732896e-07,1295.0,BID
15,1712451734.9062145,389524.2147117,1294.0,3.399185840913317e-08,1295.0,BID
16,1712451750.7363403,389524.2147117,1294.0,0.0,1295.0,BID
17,1712451765.294353,391682.51665536,1293.0,-3.827497539775105e-07,1295.0,ASK
18,1712451780.7886724,391682.51665536,1293.0,-0.0,1295.0,ASK
19,1712451810.7702217,391682.51665536,1293.0,-0.0,1295.0,ASK
20,1712451840.515715,391682.51665536,1293.0,-0.0,1295.0,ASK
21,1712451844.9043326,391797.88433887,1293.0,-2.0448997113505865e-08,1295.0,ASK
22,1712451845.7551117,391805.61829091,1293.0,-1.3708480410600134e-09,1295.0,ASK
23,1712451845.755731,391857.93254195,1293.0,-9.272735101944172e-09,1295.0,ASK
24,1712451845.7563467,395258.61875917,1293.0,-6.027738490028682e-07,1295.0,ASK
25,1712451852.938848,395373.15545833,1293.0,-2.0301704595726365e-08,1295.0,ASK
26,1712451852.9403095,396901.79094345,1293.0,-2.7095163629692415e-07,1295.0,ASK
27,1712451870.5488515,396901.79094345,1293.0,-0.0,1295.0,ASK
28,1712451873.664213,397781.930047,1294.0,1.5581884252938194e-07,1295.0,BID
29,1712451875.5134516,397949.101378,1294.0,2.95958254728708e-08,1295.0,BID
30,1712451875.5146897,400658.05440122,1294.0,4.795900134899897e-07,1295.0,BID
31,1712451880.324479,401002.45594562,1295.0,6.097246423581377e-08,1295.0,BID
32,1712451881.714419,402361.52930469,1295.0,2.406088274781169e-07,1295.0,BID
33,1712451895.348085,403750.35632531,1294.0,-2.4587638244190845e-07,1295.0,ASK
34,1712451898.4993677,404650.43354538,1295.0,1.593486643789418e-07,1295.0,BID
35,1712451900.774762,404650.43354538,1295.0,0.0,1295.0,BID
36,1712451913.9942677,404811.88061873,1295.0,2.8676974428873773e-08,1295.0,BID
37,1712451930.766225,404811.88061873,1295.0,0.0,1295.0,BID
38,1712451931.6542766,406271.34007818,1295.0,2.592262994354561e-07,1295.0,BID
39,1712451946.134258,406498.52266618,1295.0,4.035172145555396e-08,1295.0,BID
40,1712451960.5463502,406498.52266618,1295.0,0.0,1295.0,BID
41,1712451968.7458117,406565.81065712,1294.0,-1.1946924867758297e-08,1295.0,ASK
42,1712451968.7467444,406951.60857949,1294.0,-6.849808900965153e-08,1295.0,ASK
43,1712451969.7777703,407028.82865671,1295.0,1.3710358236909962e-08,1295.0,BID
44,1712451982.574389,407186.02534261,1294.0,-2.7910136261639293e-08,1295.0,ASK
45,1712451982.5764608,407415.22742024,1294.0,-4.069463157875572e-08,1295.0,ASK
46,1712451990.5420983,407415.22742024,1294.0,-0.0,1295.0,ASK
47,1712452004.3143451,407715.22742024,1295.0,5.3253525209049054e-08,1295.0,BID
48,1712452011.4456336,408074.72261627,1294.0,-6.381462161438715e-08,1295.0,ASK
49,1712452020.8326972,408074.72261627,1294.0,-0.0,1295.0,ASK
50,1712452024.5143692,408419.12416067,1295.0,6.112605808079343e-08,1295.0,BID
51,1712452026.6341896,413358.19998767,1295.0,8.766111557154654e-07,1295.0,BID
52,1712452026.6543436,414760.84113198,1295.0,2.4894755975319695e-07,1295.0,BID
53,1712452026.655391,415652.31427869,1295.0,1.5822298195033778e-07,1295.0,BID
54,1712452046.21566,416423.91921697,1296.0,1.369481903889279e-07,1296.0,BID
55,1712452046.2170854,416854.33615941,1296.0,7.639248850752079e-08,1296.0,BID
56,1712452046.218501,417625.94109769,1296.0,1.3694819038893822e-07,1296.0,BID
57,1712452050.7805328,417625.94109769,1296.0,0.0,1296.0,BID
58,1712452053.5445576,417717.38338862,1296.0,1.6194065548180652e-08,1296.0,BID
59,1712452053.546136,418091.96348772,1296.0,6.633664375836541e-08,1296.0,BID
60,1712452053.6677732,418103.18585776,1296.0,1.9874370401900286e-09,1296.0,BID
61,1712452080.3558369,418110.93178776,1297.0,1.3717733542710515e-09,1297.0,BID
62,1712452080.3571854,418113.18585776,1297.0,3.991868200080764e-10,1297.0,BID
63,1712452080.5140114,418113.18585776,1297.0,0.0,1297.0,BID
64,1712452089.114568,418364.66767275,1297.0,4.453144782922436e-08,1297.0,BID
65,1712452108.934492,419135.67769588,1297.0,1.365275362840375e-07,1297.0,BID
66,1712452110.5511217,419135.67769588,1297.0,0.0,1297.0,BID
67,1712452130.6745543,419139.67769588,1298.0,7.08138563582807e-10,1298.0,BID
68,1712452130.6763794,420203.27586918,1298.0,1.882937206674861e-07,1298.0,BID
69,1712452130.678179,420669.12270106,1297.0,8.247102659428399e-08,1298.0,BID
70,1712452130.6800628,420676.86864105,1298.0,1.3712997045260671e-09,1298.0,BID
71,1712452133.387087,423113.27046775,1298.0,4.313275224674597e-07,1298.0,BID
72,1712452133.3885255,424198.27046775,1298.0,1.920825853718364e-07,1298.0,BID
73,1712452133.5244086,425169.88176468,1298.0,-1.720088570422098e-07,1298.0,ASK
74,1712452136.0342422,425500.19657645,1298.0,5.847716408424168e-08,1298.0,BID
75,1712452137.0971825,425577.29757645,1297.0,-1.3649547847693482e-08,1298.0,ASK
76,1712452138.5542626,425627.37847013,1298.0,8.86605302837243e-09,1298.0,BID
77,1712452140.750104,425627.37847013,1298.0,0.0,1298.0,BID
78,1712452144.549143,425781.46167506,1298.0,2.7237436456034093e-08,1298.0,BID
79,1712452169.114524,425781.46167737,1297.0,-4.0834609080105796e-16,1298.0,ASK
80,1712452169.1187332,425981.65947506,1297.0,-3.538915740814289e-08,1298.0,ASK
81,1712452170.7985654,425981.65947506,1297.0,-0.0,1298.0,ASK
82,1712452179.0142188,428573.85932097,1298.0,4.58188432403245e-07,1298.0,BID
83,1712452190.294636,429951.89757457,1298.0,2.4357735697149105e-07,1298.0,BID
84,1712452200.6107967,429951.89757457,1298.0,0.0,1298.0,BID
85,1712452203.9645193,430634.06650551,1298.0,1.2247300541061633e-07,1298.0,BID
86,1712452208.904447,430641.77066575,1298.0,1.3831642221805054e-09,1298.0,BID
87,1712452216.1344912,430741.77066575,1298.0,1.7953471619096854e-08,1298.0,BID
88,1712452230.5638273,430741.77066575,1298.0,0.0,1298.0,BID
89,1712452231.5344648,430749.47482599,1298.0,1.3829096714881872e-09,1298.0,BID
90,1712452236.414263,430849.47482599,1298.0,1.7950167551243386e-08,1298.0,BID
91,1712452260.7891362,430849.47482599,1298.0,0.0,1298.0,BID
92,1712452269.331408,430870.47482599,1297.0,-3.769440594158962e-09,1298.0,ASK
93,1712452270.944247,431640.89085064,1298.0,1.3828749703363957e-07,1298.0,BID
94,1712452277.6667902,432406.89524497,1297.0,-1.3749562187102524e-07,1298.0,ASK
95,1712452277.6690104,432594.12932446,1297.0,-3.3607987611410634e-08,1298.0,ASK
96,1712452277.6842964,432825.43233139,1297.0,-4.151823542251999e-08,1298.0,ASK
97,1712452277.685918,433547.36779827,1297.0,-1.2958537405812926e-07,1298.0,ASK
98,1712452290.792963,433547.36779827,1297.0,-0.0,1298.0,ASK
99,1712452294.8546224,433894.30688847,1297.0,6.22354871208755e-08,1298.0,BID
100,1712452304.1442966,434169.74860011,1297.0,4.940996728688069e-08,1298.0,BID
101,1712452320.514776,434169.74860011,1297.0,0.0,1298.0,BID
102,1712452327.754374,434202.36779827,1297.0,5.850530609155655e-09,1298.0,BID
103,1712452327.7558863,434264.28181635,1297.0,1.1104805707849392e-08,1298.0,BID
104,1712452329.5543222,434269.74860011,1297.0,-9.805141611579328e-10,1298.0,ASK
105,1712452329.8543806,434299.53309058,1296.0,-5.3421016763850905e-09,1298.0,ASK
106,1712452329.8641715,434551.80211073,1296.0,-4.524659425682186e-08,1298.0,ASK
107,1712452330.1807754,434628.90311304,1297.0,1.3828720491496173e-08,1298.0,BID
108,1712452350.6083846,434628.90311304,1297.0,0.0,1298.0,BID
109,1712452352.124703,434761.3394936,1296.0,-2.37510554952798e-08,1298.0,ASK
110,1712452352.344332,434785.71859296,1296.0,-4.372132033322139e-09,1298.0,ASK
111,1712452352.3463216,434908.64363628,1296.0,-2.2045298378797054e-08,1298.0,ASK
112,1712452352.3843005,435055.71171149,1296.0,-2.6375094223564092e-08,1298.0,ASK
113,1712452362.505024,436511.18641548,1296.0,-2.610238993263954e-07,1298.0,ASK
114,1712452362.507044,437183.53527001,1295.0,-1.2057861207477877e-07,1298.0,ASK
115,1712452362.50944,437387.66349427,1295.0,-3.66082247344126e-08,1298.0,ASK
116,1712452380.7867005,437387.66349427,1295.0,-0.0,1298.0,ASK
117,1712452382.2991524,437413.96992475,1295.0,-4.71475599151276e-09,1298.0,ASK
118,1712452400.0243533,438370.16649826,1295.0,-1.713738216004508e-07,1298.0,ASK
119,1712452410.7667036,438370.16649826,1295.0,-0.0,1298.0,ASK
120,1712452423.5343058,438385.58669871,1297.0,2.763047141936266e-09,1298.0,BID
121,1712452423.5365694,438401.00689918,1297.0,2.763047145524137e-09,1298.0,BID
122,1712452427.8825085,439055.58669873,1297.0,1.1728996974979313e-07,1298.0,BID
123,1712452431.8251796,439055.66572724,1297.0,-1.4160613495105116e-11,1298.0,ASK
124,1712452431.826919,439483.55669873,1297.0,-7.667104780314679e-08,1298.0,ASK
125,1712452437.3243864,439601.21329873,1297.0,-2.1082134010789465e-08,1298.0,ASK
126,1712452440.6138718,439601.21329873,1297.0,-0.0,1298.0,ASK
127,1712452443.389816,439601.21330811,1297.0,-1.6802597159594874e-15,1298.0,ASK
128,1712452443.3911648,439678.31809873,1297.0,-1.3811962966759509e-08,1298.0,ASK
129,1712452456.3943405,439678.31816547,1297.0,-1.1955288687742824e-14,1298.0,ASK
130,1712452456.3966696,439841.81809873,1297.0,-2.92881285987166e-08,1298.0,ASK
131,1712452458.4044404,439986.72209873,1297.0,-2.5956995222244704e-08,1298.0,ASK
132,1712452458.6041276,439986.72217472,1297.0,-1.3612275617451115e-14,1298.0,ASK
133,1712452470.5646234,439986.72217472,1297.0,-0.0,1298.0,ASK
134,1712452494.2648494,440414.69217472,1297.0,-7.665640941771997e-08,1298.0,ASK
135,1712452494.7842178,440454.19217472,1297.0,-7.075094450545915e-09,1298.0,ASK
136,1712452500.145707,440454.19468364,1297.0,-4.4938850144219254e-13,1298.0,ASK
137,1712452500.155882,440839.50697472,1297.0,-6.90157177809456e-08,1298.0,ASK
138,1712452500.5556917,440839.50697472,1297.0,-0.0,1298.0,ASK
139,1712452500.5601172,440839.50703902,1297.0,-1.1620654235819516e-14,1298.0,ASK
140,1712452500.5619476,441079.36967888,1296.0,-4.334929647994162e-08,1298.0,ASK
141,1712452521.433885,442239.89558124,1296.0,-2.097366286113952e-07,1298.0,ASK
142,1712452521.4357505,442620.56062405,1296.0,-6.879588171777476e-08,1298.0,ASK
143,1712452521.5039573,442927.91773132,1298.0,5.554726811997577e-08,1298.0,BID
144,1712452530.5295453,442927.91773132,1298.0,0.0,1298.0,BID
145,1712452533.754234,442931.91773132,1299.0,7.22548502512412e-10,1299.0,BID
146,1712452533.7560766,444484.69696075,1299.0,2.804895767392486e-07,1299.0,BID
147,1712452533.757967,446058.20985348,1298.0,2.842348460815109e-07,1299.0,BID
148,1712452533.760034,446066.54621369,1299.0,1.505856146540118e-09,1299.0,BID
149,1712452533.7618024,455461.06113278,1299.0,1.6969981716547442e-06,1299.0,BID
150,1712452533.8339567,455774.41911141,1299.0,-5.66040845523551e-08,1299.0,ASK
151,1712452533.8994062,456386.55372134,1299.0,-1.1057423643524305e-07,1299.0,ASK
152,1712452533.9004424,458801.16972134,1299.0,-4.361692937356244e-07,1299.0,ASK
153,1712452533.9138882,462979.07111854,1299.0,-7.546840995478461e-07,1299.0,ASK
154,1712452536.3497198,463278.93586931,1297.0,-5.416670665627653e-08,1299.0,ASK
155,1712452545.9339676,463356.04072667,1297.0,-1.3927999805477614e-08,1299.0,ASK
156,1712452545.9439423,463369.53395453,1297.0,-2.437377896078551e-09,1299.0,ASK
157,1712452554.324144,463590.33226831,1297.0,3.988437274474927e-08,1299.0,BID
158,1712452554.5944753,463652.98205314,1297.0,-1.1316877052908792e-08,1299.0,ASK
159,1712452557.666517,463807.18405776,1297.0,2.7854606880646573e-08,1299.0,BID
160,1712452559.3041656,463884.28506007,1297.0,1.3927303440323285e-08,1299.0,BID
161,1712452559.4640665,464655.2950832,1297.0,1.392730344086583e-07,1299.0,BID
162,1712452560.7554708,464655.2950832,1297.0,0.0,1299.0,BID
163,1712452562.5161414,464732.39608551,1297.0,1.3856670617848034e-08,1299.0,BID
164,1712452563.5237997,465503.40610864,1297.0,1.3856670618388873e-07,1299.0,BID
165,1712452567.9439812,466274.41613177,1297.0,1.385667061838783e-07,1299.0,BID
166,1712452580.9837074,466282.126232,1296.0,-1.3856670616059178e-09,1299.0,ASK
167,1712452580.993808,466285.52264243,1296.0,-6.10406339749621e-10,1299.0,ASK
168,1712452580.9951856,466482.01809344,1296.0,-3.53143624722786e-08,1299.0,ASK
169,1712452590.8085551,466482.01809344,1296.0,-0.0,1299.0,ASK
170,1712452620.5627537,466482.01809344,1296.0,-0.0,1299.0,ASK
171,1712452635.5738668,466949.49060236,1296.0,-8.397887959453376e-08,1299.0,ASK
172,1712452644.2165391,466953.42275347,1297.0,7.06389441765125e-10,1299.0,BID
173,1712452644.5938714,467193.63562162,1297.0,4.315292802571247e-08,1299.0,BID
174,1712452650.5380342,467193.63562162,1297.0,0.0,1299.0,BID
175,1712452655.255772,467203.63562162,1297.0,1.7961476479754491e-09,1299.0,BID
176,1712452658.463877,467207.56777273,1297.0,7.062723967760695e-10,1299.0,BID
177,1712452660.6140056,467211.49992384,1297.0,7.06272396765614e-10,1299.0,BID
178,1712452660.882521,467223.56840049,1298.0,2.1676765949527555e-09,1299.0,BID
179,1712452660.8845108,467256.01046895,1297.0,5.827074495986949e-09,1299.0,BID
180,1712452660.8864117,467390.39886873,1297.0,2.4138140818008423e-08,1299.0,BID
181,1712452662.6040337,467394.32799045,1298.0,7.0572827360277e-10,1299.0,BID
182,1712452665.1539345,467398.25711217,1298.0,7.057282735923156e-10,1299.0,BID
183,1712452667.3639667,467402.18623389,1298.0,7.0572827360277e-10,1299.0,BID
184,1712452669.5374146,467406.11535561,1298.0,7.057282735923156e-10,1299.0,BID
185,1712452672.4240816,467410.04447733,1298.0,7.0572827360277e-10,1299.0,BID
186,1712452675.2040048,467413.97359905,1298.0,7.0572827360277e-10,1299.0,BID
187,1712452677.5539727,467417.90272077,1298.0,7.057282735923156e-10,1299.0,BID
188,1712452677.913947,467427.90272077,1298.0,1.7961476479754491e-09,1299.0,BID
189,1712452679.7640092,467431.83184249,1298.0,7.0572827360277e-10,1299.0,BID
190,1712452680.791022,467431.83184249,1298.0,0.0,1299.0,BID
191,1712452683.4644284,467435.74889318,1298.0,7.03521093041815e-10,1299.0,BID
192,1712452685.5985024,467589.83209811,1298.0,2.767408270435825e-08,1299.0,BID
193,1712452686.1738486,467593.76121983,1298.0,7.056891079387028e-10,1299.0,BID
194,1712452688.6239898,467597.69034155,1298.0,7.05689107928248e-10,1299.0,BID
195,1712452692.1340606,467674.73194401,1298.0,1.3837041351285276e-08,1299.0,BID
196,1712452693.8840032,467968.49030365,1298.0,5.2760410477350753e-08,1299.0,BID
197,1712452697.61691,468177.55024689,1298.0,3.7548168614618416e-08,1299.0,BID
198,1712452697.6196015,468569.15690781,1298.0,7.033443474128857e-08,1299.0,BID
199,1712452697.6222367,469534.83378939,1298.0,1.734402000443228e-07,1299.0,BID
200,1712452697.6938546,469829.53378939,1298.0,-5.292953360283067e-08,1299.0,ASK
201,1712452702.4140854,469833.46291111,1298.0,-7.056891079387028e-10,1299.0,ASK
202,1712452702.4167051,470853.85378939,1298.0,-1.832670963011205e-07,1299.0,ASK
203,1712452703.3141458,470881.35567314,1298.0,-4.93947024121119e-09,1299.0,ASK
204,1712452710.7872577,470881.35567314,1298.0,-0.0,1299.0,ASK
205,1712452717.4541447,471647.10002863,1297.0,-1.3742084861410254e-07,1299.0,ASK
206,1712452718.4122348,471650.95507874,1297.0,6.91829138238384e-10,1299.0,BID
207,1712452719.0738382,472226.5159416,1297.0,1.0329042798189718e-07,1299.0,BID
208,1712452720.604047,472230.44809271,1297.0,7.05665720598266e-10,1299.0,BID
209,1712452725.6039662,472238.15819294,1297.0,1.3836582782630307e-09,1299.0,BID
210,1712452727.8939106,472440.44659799,1297.0,3.630277400996974e-08,1299.0,BID
211,1712452739.8539674,472445.44659799,1297.0,-8.97302393604734e-10,1299.0,ASK
212,1712452740.5287757,472445.44659799,1297.0,-0.0,1299.0,ASK
213,1712452770.5400696,472445.44659799,1297.0,-0.0,1299.0,ASK
214,1712452796.2560198,472449.3787491,1297.0,-7.05408910724194e-10,1299.0,ASK
215,1712452796.2640266,472652.73500304,1297.0,-3.6481129429364606e-08,1299.0,ASK
216,1712452800.5947864,472652.73500304,1297.0,-0.0,1299.0,ASK
217,1712452814.4840353,473220.38870304,1297.0,-1.021200516804096e-07,1299.0,ASK
218,1712452830.5071723,473220.38870304,1297.0,-0.0,1299.0,ASK
219,1712452848.874166,473451.73863385,1297.0,-4.1613994797903524e-08,1299.0,ASK
220,1712452848.876932,473451.73870304,1297.0,-1.2445527558429532e-14,1299.0,ASK
221,1712452853.4461052,473681.97890304,1297.0,-4.1414382323449284e-08,1299.0,ASK
222,1712452860.8105402,473681.97890304,1297.0,-0.0,1299.0,ASK
223,1712452865.1768303,473791.04890304,1297.0,-1.9616818867108705e-08,1299.0,ASK
224,1712452870.4939835,473991.39879536,1297.0,-3.603399236899077e-08,1299.0,ASK
225,1712452870.4968083,475029.54940304,1297.0,-1.867169013260797e-07,1299.0,ASK
226,1712452881.1115112,475501.97640304,1297.0,-8.496850542707863e-08,1299.0,ASK
227,1712452884.3040276,475525.10670374,1297.0,-4.160107446356506e-09,1299.0,ASK
228,1712452890.791147,475525.10670374,1297.0,-0.0,1299.0,ASK
229,1712452898.0574963,475529.20661212,1297.0,-7.37073395122169e-10,1299.0,ASK
230,1712452898.0599127,475995.49870374,1297.0,-8.382906719804098e-08,1299.0,ASK
231,1712452910.1938708,476235.52650805,1298.0,4.315172249006217e-08,1299.0,BID
232,1712452911.9841058,476235.52659967,1297.0,-1.6471265876227018e-14,1299.0,ASK
233,1712452911.9877503,476350.19650805,1297.0,-2.0615128645619012e-08,1299.0,ASK
234,1712452912.8679106,476590.22431236,1298.0,4.315172249006217e-08,1299.0,BID
235,1712452917.0238967,476596.22431236,1298.0,1.0786680971593623e-09,1299.0,BID
236,1712452920.5468094,476596.22431236,1298.0,0.0,1299.0,BID
237,1712452925.2340777,477239.36578007,1298.0,1.1559381699332893e-07,1299.0,BID
238,1712452925.2371323,477496.22431236,1298.0,4.616598317073424e-08,1299.0,BID
239,1712452931.0640547,477960.60874995,1298.0,8.346525980429211e-08,1299.0,BID
240,1712452934.3938951,478200.63655426,1298.0,4.3140944065554736e-08,1299.0,BID
241,1712452937.1699193,478217.24672375,1298.0,2.9853974415561234e-09,1299.0,BID
242,1712452937.174197,478224.24672375,1298.0,1.258131779053824e-09,1299.0,BID
243,1712452937.1755822,478879.24672375,1298.0,1.1772518789717929e-07,1299.0,BID
244,1712452947.364096,478894.24672375,1298.0,2.695996669401052e-09,1299.0,BID
245,1712452948.3643389,479134.27452806,1298.0,4.3140944065554736e-08,1299.0,BID
246,1712452948.3675797,479789.27452806,1298.0,1.1772518789717929e-07,1299.0,BID
247,1712452950.5168824,479789.27452806,1298.0,0.0,1299.0,BID
248,1712452950.6590576,481245.36081465,1298.0,2.615121134908937e-07,1299.0,BID
249,1712452951.201026,481260.36081465,1298.0,2.693989867557806e-09,1299.0,BID
250,1712452956.333979,483571.60888861,1298.0,4.150985928440411e-07,1299.0,BID
251,1712452956.3364923,484583.77404266,1298.0,1.817841779537273e-07,1299.0,BID
252,1712452957.141299,484667.86096082,1299.0,1.5101953701141458e-08,1299.0,BID
253,1712452957.146035,484819.22590385,1300.0,2.7185041521752173e-08,1300.0,BID
254,1712452957.1492572,484823.50054385,1299.0,7.677224565003548e-10,1300.0,BID
255,1712452962.0539477,484831.05945475,1300.0,1.3575752916194675e-09,1300.0,BID
256,1712452962.0557797,485063.15907461,1300.0,4.168493494445799e-08,1300.0,BID
257,1712452971.993844,485832.38984384,1300.0,1.3815332654128682e-07,1300.0,BID
258,1712452977.613922,486613.58364228,1300.0,1.4030187850643138e-07,1300.0,BID
259,1712452977.616791,487328.4300557,1300.0,1.283859329742327e-07,1300.0,BID
260,1712452980.8077335,487328.4300557,1300.0,0.0,1300.0,BID
261,1712452987.120618,487428.4300557,1300.0,-1.7928405396741977e-08,1300.0,ASK
262,1712452987.6976266,487443.7940746,1300.0,-2.754523593618802e-09,1300.0,ASK
263,1712452987.6991482,489558.942793,1300.0,-3.792124369787522e-07,1300.0,ASK
264,1712452993.4791052,489676.53143349,1302.0,2.108176816755836e-08,1302.0,BID
265,1712452993.4814975,489798.32672947,1301.0,2.183595441745659e-08,1302.0,BID
266,1712452998.174059,490037.61712117,1302.0,4.2900951499426576e-08,1302.0,BID
267,1712453005.9839568,490052.98991133,1301.0,2.7560961406764863e-09,1302.0,BID
268,1712453010.8040178,490052.98991133,1301.0,0.0,1302.0,BID
269,1712453017.684846,490062.98991133,1301.0,1.7917025152134451e-09,1302.0,BID
270,1712453022.7251651,491102.87348982,1301.0,1.863162023109692e-07,1302.0,BID
271,1712453022.72768,491139.05741023,1302.0,6.4830821208873095e-09,1302.0,BID
272,1712453039.8742275,491181.97048405,1300.0,-7.688746229884104e-09,1302.0,ASK
273,1712453040.5041482,491181.97048405,1300.0,-0.0,1302.0,ASK
274,1712453041.6044424,492936.97048405,1302.0,3.143610626766584e-07,1302.0,BID
275,1712453041.60782,495201.96215067,1302.0,4.057123574201958e-07,1302.0,BID
276,1712453041.6105368,496558.31457007,1302.0,2.4295406719466805e-07,1302.0,BID
277,1712453045.1338696,498387.43317007,1300.0,-3.276374170128989e-07,1302.0,ASK
278,1712453052.4239385,498402.80596007,1301.0,-2.7536219947026874e-09,1302.0,ASK
279,1712453070.516696,498402.80596007,1301.0,-0.0,1302.0,ASK
280,1712453074.8640835,499767.09595991,1300.0,-2.439651869274281e-07,1302.0,ASK
281,1712453074.8676684,499767.09596007,1301.0,-2.8603424950759584e-17,1302.0,ASK
282,1712453076.3642662,499810.40556801,1300.0,-7.744714538757446e-09,1302.0,ASK
283,1712453076.374137,499929.91596007,1300.0,-2.1371097891285573e-08,1302.0,ASK
284,1712453078.09851,500092.73596007,1300.0,-2.9115812430043e-08,1302.0,ASK
285,1712453079.68667,500855.43596007,1300.0,-1.3638760680747565e-07,1302.0,ASK
286,1712453081.1914356,501735.67596007,1300.0,-1.574063550756644e-07,1302.0,ASK
287,1712453082.1138525,501854.17716007,1300.0,-2.1190632059543223e-08,1302.0,ASK
288,1712453082.6957,502638.62605238,1300.0,-1.40276789150306e-07,1302.0,ASK
289,1712453082.6983423,503022.05716007,1300.0,-6.856595142700204e-08,1302.0,ASK
290,1712453082.8737211,503847.40183207,1300.0,-1.4758985788040393e-07,1302.0,ASK
291,1712453086.7440517,504076.93693163,1300.0,-4.104594585984248e-08,1302.0,ASK
292,1712453086.7468843,504076.93693207,1300.0,-7.868023624555738e-17,1302.0,ASK
293,1712453088.23408,504347.40183207,1300.0,-4.8365098251508456e-08,1302.0,ASK
294,1712453091.4239511,504726.54223163,1300.0,-6.779867803856744e-08,1302.0,ASK
295,1712453091.4274328,504726.54223207,1300.0,-7.868023624555738e-17,1302.0,ASK
296,1712453100.793601,504726.54223207,1300.0,-0.0,1302.0,ASK
297,1712453101.5448098,504726.54226229,1300.0,-5.409048896462316e-15,1302.0,ASK
298,1712453101.5478125,509993.26575029,1299.0,-9.426851584003784e-07,1302.0,ASK
299,1712453101.5495248,511266.17342829,1299.0,-2.2783637280341681e-07,1302.0,ASK
300,1712453102.1678767,513533.76143929,1299.0,-4.0587313311717044e-07,1302.0,ASK
301,1712453106.7038443,513541.45374698,1300.0,1.376837859386192e-09,1302.0,BID
302,1712453130.8088336,513541.45374698,1300.0,0.0,1302.0,BID
303,1712453147.6709125,513618.3768239,1300.0,1.3740217656368354e-08,1302.0,BID
304,1712453159.263918,514002.99220851,1300.0,6.87010882836509e-08,1302.0,BID
305,1712453160.563514,514002.99220851,1300.0,0.0,1302.0,BID
306,1712453172.3936985,514011.36186983,1298.0,-1.4948523784129687e-09,1302.0,ASK
307,1712453184.3637414,514073.17633136,1300.0,1.1040290796192577e-08,1302.0,BID
308,1712453184.7249174,515073.17633136,1299.0,-1.7860368792232208e-07,1302.0,ASK
309,1712453190.5655315,515073.17633136,1299.0,-0.0,1302.0,ASK
310,1712453195.7838168,515227.0224852,1300.0,2.747066951182577e-08,1302.0,BID
311,1712453202.9336884,515299.12594673,1300.0,1.2874747355784245e-08,1302.0,BID
312,1712453220.789588,515299.12594673,1300.0,0.0,1302.0,BID
313,1712453225.133728,515665.30459307,1298.0,-6.53811925650048e-08,1302.0,ASK
314,1712453240.453844,515971.98316203,1300.0,5.475745451884472e-08,1302.0,BID
315,1712453240.4574902,515980.41088607,1300.0,1.5047700182718347e-09,1302.0,BID
316,1712453250.8189948,515980.41088607,1300.0,0.0,1302.0,BID
317,1712453252.683934,516332.06746469,1300.0,6.277835822437722e-08,1302.0,BID
318,1712453252.685788,516365.02627068,1300.0,5.8838646989271185e-09,1302.0,BID
319,1712453260.514475,517134.25703992,1300.0,1.3732444585017294e-07,1302.0,BID
320,1712453266.533698,517666.88522425,1299.0,-9.50857313333512e-08,1302.0,ASK
321,1712453273.3639593,517708.27175429,1299.0,-7.388396994327964e-09,1302.0,ASK
322,1712453280.285589,517998.76170225,1299.0,-5.1858782466628027e-08,1302.0,ASK
323,1712453280.4739735,518491.97081325,1299.0,8.804856821217421e-08,1302.0,BID
324,1712453280.8189292,518491.97081325,1299.0,0.0,1302.0,BID
325,1712453282.3543165,518491.97081385,1299.0,1.0705151128671411e-16,1302.0,BID
326,1712453282.357939,520261.16893325,1299.0,3.1565648384810265e-07,1302.0,BID
327,1712453282.4537568,520916.16893325,1299.0,1.168636766303055e-07,1302.0,BID
328,1712453286.214039,520923.16893325,1299.0,1.2489247884154771e-09,1302.0,BID
329,1712453287.0137758,522367.34400014,1299.0,2.5766657712149335e-07,1302.0,BID
330,1712453310.7995648,522367.34400014,1299.0,0.0,1302.0,BID
331,1712453321.1304724,524385.42905014,1299.0,-3.597392403882042e-07,1302.0,ASK
332,1712453321.323815,524406.45145826,1299.0,-3.747406546723195e-09,1302.0,ASK
333,1712453321.327242,524408.52373837,1299.0,-3.6939992825197446e-10,1302.0,ASK
334,1712453340.541267,524408.52373837,1299.0,-0.0,1302.0,ASK
335,1712453370.5801146,524408.52373837,1299.0,-0.0,1302.0,ASK
336,1712453371.703933,524410.52373837,1300.0,3.5634701354231953e-10,1302.0,BID
337,1712453383.592442,524482.55464599,1300.0,1.2833999406560822e-08,1302.0,BID
338,1712453384.5137415,524576.54090361,1299.0,-1.6745861108439314e-08,1302.0,ASK
339,1712453396.1437175,524578.54090361,1300.0,3.5634701354231953e-10,1302.0,BID
340,1712453400.6935074,524578.54090361,1300.0,0.0,1302.0,BID
341,1712453402.4905794,524662.61203524,1299.0,-1.5052313948945247e-08,1302.0,ASK
342,1712453402.4926934,526129.53548865,1299.0,-2.626417883483209e-07,1302.0,ASK
343,1712453405.0542707,526131.53548865,1300.0,3.5808519897585576e-10,1302.0,BID
344,1712453410.373742,529977.6893348,1300.0,6.886253826451934e-07,1302.0,BID
345,1712453416.3173962,530254.3532251,1299.0,-4.953462210374943e-08,1302.0,ASK
346,1712453416.3203487,530639.54707928,1299.0,-6.896610895916967e-08,1302.0,ASK
347,1712453416.322276,531852.3093348,1299.0,-2.171361067891395e-07,1302.0,ASK
348,1712453416.3937232,532507.3093348,1299.0,-1.1727290266459277e-07,1302.0,ASK
349,1712453417.4037497,533763.6384558,1299.0,-2.249364316362265e-07,1302.0,ASK
350,1712453417.4453611,533763.63845658,1299.0,-1.3965012232879139e-16,1302.0,ASK
351,1712453419.1668043,534418.63845658,1298.0,-1.1727290266459277e-07,1302.0,ASK
352,1712453421.1422925,535818.99826212,1298.0,-2.507240598022816e-07,1302.0,ASK
353,1712453421.1462293,536487.55416424,1298.0,-1.1969998661857492e-07,1302.0,ASK
354,1712453421.148611,536893.00585658,1298.0,-7.259312496332679e-08,1302.0,ASK
355,1712453421.5337834,536895.00585658,1299.0,3.5808519897585576e-10,1302.0,BID
356,1712453422.3936336,536971.98815065,1299.0,1.3783110044849204e-08,1302.0,BID
357,1712453425.2938907,537140.68225626,1298.0,-3.0203431186687925e-08,1302.0,ASK
358,1712453427.1539657,537595.77225626,1298.0,-8.14804966009761e-08,1302.0,ASK
359,1712453429.4237015,537597.77225626,1299.0,3.5808519897585576e-10,1302.0,BID
360,1712453430.3840044,537953.48475626,1298.0,-6.368769067033287e-08,1302.0,ASK
361,1712453430.5705273,537953.48475626,1298.0,-0.0,1302.0,ASK
362,1712453431.276306,538685.89530233,1299.0,1.3072604524928297e-07,1302.0,BID
363,1712453433.6644874,539071.10331465,1298.0,-6.875477192283666e-08,1302.0,ASK
364,1712453433.6683097,540026.51562567,1298.0,-1.705290477755712e-07,1302.0,ASK
365,1712453433.6714993,540221.98530233,1298.0,-3.48888720035935e-08,1302.0,ASK
366,1712453434.3637612,540362.90624965,1298.0,-2.5152611789633305e-08,1302.0,ASK
367,1712453435.1838202,541559.57624965,1298.0,-2.135905024959608e-07,1302.0,ASK
368,1712453436.6742277,542642.74624965,1298.0,-1.933321839676546e-07,1302.0,ASK
369,1712453437.2760572,542644.74624965,1299.0,3.5697477582955047e-10,1302.0,BID
370,1712453438.1872003,543057.77624965,1298.0,-7.372064583044461e-08,1302.0,ASK
371,1712453440.8041887,543152.30844965,1298.0,-1.68728054518192e-08,1302.0,ASK
372,1712453440.9764893,543333.29463087,1298.0,-3.2303750734635046e-08,1302.0,ASK
373,1712453441.4482508,545210.01463087,1298.0,-3.349708506474121e-07,1302.0,ASK
374,1712453441.7937102,545286.99692494,1299.0,1.3740368584253663e-08,1302.0,BID
375,1712453442.3360443,547697.57202494,1298.0,-4.302572529714012e-07,1302.0,ASK
376,1712453443.133755,547815.68322494,1298.0,-2.1081359571466505e-08,1302.0,ASK
377,1712453443.8639345,549467.10322494,1298.0,-2.947576421502257e-07,1302.0,ASK
378,1712453445.3236642,552163.01322494,1298.0,-4.811859339533276e-07,1302.0,ASK
379,1712453446.2737494,552345.79058798,1298.0,-3.262345409894277e-08,1302.0,ASK
380,1712453446.8139682,553145.79058798,1298.0,-1.4278991033182022e-07,1302.0,ASK
381,1712453447.1337628,555492.21258798,1298.0,-4.188067337257665e-07,1302.0,ASK
382,1712453447.1374404,555494.21258798,1298.0,-3.5697477582955047e-10,1302.0,ASK
383,1712453447.2963476,556582.62249998,1298.0,-1.942674421734413e-07,1302.0,ASK
384,1712453448.1638055,558802.62249998,1298.0,-3.962420011708011e-07,1302.0,ASK
385,1712453448.223809,560240.03602398,1298.0,-2.565601852521275e-07,1302.0,ASK
386,1712453448.2666037,560895.03602398,1298.0,-1.169092390841778e-07,1302.0,ASK
387,1712453448.3636217,561187.38892398,1298.0,-5.218130547029876e-08,1302.0,ASK
388,1712453450.003895,562460.03602398,1298.0,-2.2715145661632455e-07,1302.0,ASK
389,1712453454.930113,562460.03602497,1298.0,-1.767017816690785e-16,1302.0,ASK
390,1712453454.933236,563230.45204898,1298.0,-1.3750954373324e-07,1302.0,ASK
391,1712453455.0838568,563232.45204898,1299.0,3.5697477582955047e-10,1302.0,BID
392,1712453460.7986517,563232.45204898,1299.0,0.0,1302.0,BID
393,1712453463.924182,563240.15027838,1299.0,1.3660364034088167e-09,1302.0,BID
394,1712453463.9441462,563240.15027902,1298.0,-1.1355527268595126e-16,1302.0,ASK
395,1712453463.9481516,563437.23955538,1298.0,-3.497312333016726e-08,1302.0,ASK
396,1712453464.9439473,563462.64371242,1299.0,4.5079201348228735e-09,1302.0,BID
397,1712453472.174219,563501.13485945,1299.0,6.830182022394423e-09,1302.0,BID
398,1712453485.9888935,563561.05159748,1298.0,-1.063211305740512e-08,1302.0,ASK
399,1712453485.992041,563603.96232112,1298.0,-7.614427622674452e-09,1302.0,ASK
400,1712453486.064056,563910.24383989,1298.0,-5.434908244388546e-08,1302.0,ASK
401,1712453486.1236963,563914.24383989,1298.0,7.097925158806951e-10,1302.0,BID
402,1712453489.854193,564554.24383989,1298.0,1.1356680254091125e-07,1302.0,BID
403,1712453489.8562388,564684.65986454,1298.0,2.3142079561867267e-08,1302.0,BID
404,1712453490.885043,564684.65986454,1298.0,0.0,1302.0,BID
405,1712453494.1037612,564694.1374062,1298.0,1.681209676319085e-09,1302.0,BID
406,1712453497.094091,564771.23840851,1297.0,-1.3676853743984441e-08,1302.0,ASK
407,1712453520.5275524,564771.23840851,1297.0,-0.0,1302.0,ASK
408,1712453545.2836134,565669.92769147,1297.0,1.594142315409935e-07,1302.0,BID
409,1712453546.4839847,566000.36835308,1297.0,5.861530246243826e-08,1302.0,BID
410,1712453550.571009,566000.36835308,1297.0,0.0,1302.0,BID
411,1712453569.834114,566002.36835308,1298.0,3.5467022354506256e-10,1302.0,BID
412,1712453580.810398,566002.36835308,1298.0,0.0,1302.0,BID
413,1712453582.7450397,566004.36835308,1299.0,3.5467006026846207e-10,1302.0,BID
414,1712453584.8541377,566091.28063151,1297.0,-1.5412591514410632e-08,1302.0,ASK
415,1712453590.38099,566093.28063151,1299.0,3.5467006026846207e-10,1302.0,BID
416,1712453596.673571,566108.67709032,1299.0,2.730331487045791e-09,1302.0,BID
417,1712453604.3637707,566248.32388229,1298.0,-2.4764268062150072e-08,1302.0,ASK
418,1712453604.432769,566386.80172533,1298.0,-2.4556972468404333e-08,1302.0,ASK
419,1712453604.4347727,566491.18626981,1298.0,-1.8511036340910543e-08,1302.0,ASK
420,1712453605.9736087,566493.18626981,1299.0,3.5467006026846207e-10,1302.0,BID
421,1712453610.8151903,566493.18626981,1299.0,0.0,1302.0,BID
422,1712453616.4768958,566640.75385751,1298.0,-2.6165946768222368e-08,1302.0,ASK
423,1712453622.8148272,566662.07396507,1298.0,-3.780374865509456e-09,1302.0,ASK
424,1712453624.9102542,566669.77812531,1298.0,1.366063170618028e-09,1302.0,BID
425,1712453632.133745,566768.2311639,1297.0,-1.7457200507688864e-08,1302.0,ASK
426,1712453632.5337102,566775.93532414,1298.0,1.366063170618028e-09,1302.0,BID
427,1712453640.57573,566775.93532414,1298.0,0.0,1302.0,BID
428,1712453644.4840791,566795.9353236,1297.0,-3.546069195817616e-09,1302.0,ASK
429,1712453644.4877806,567468.49230868,1297.0,-1.192466835811721e-07,1302.0,ASK
430,1712453649.6648045,568068.49230868,1297.0,1.0638207874711421e-07,1302.0,BID
431,1712453659.5235915,568083.91250914,1297.0,2.7340549660548238e-09,1302.0,BID
432,1712453665.2437356,568159.62244903,1296.0,-1.3423634645542152e-08,1302.0,ASK
433,1712453670.5728571,568159.62244903,1296.0,-0.0,1302.0,ASK
434,1712453683.8787751,568163.62244903,1297.0,7.0898827040115e-10,1302.0,BID
435,1712453691.7639222,568199.20224857,1297.0,6.3064151342695836e-09,1302.0,BID
436,1712453691.7686872,568759.32474433,1297.0,9.928006987041049e-08,1302.0,BID
437,1712453692.5344796,569219.56500878,1297.0,-8.157623726533757e-08,1302.0,ASK
438,1712453697.7763767,569227.27510901,1297.0,1.3665926566828602e-09,1302.0,BID
439,1712453698.413846,569266.89411694,1296.0,-7.022352976812056e-09,1302.0,ASK
440,1712453698.418211,569276.06457828,1296.0,-1.6254373810554699e-09,1302.0,ASK
441,1712453700.7736678,569333.06457828,1296.0,-1.0103082853216396e-08,1302.0,ASK
442,1712453700.8548603,569333.06457828,1296.0,-0.0,1302.0,ASK
443,1712453703.417029,569335.06457828,1297.0,3.5716724868831837e-10,1302.0,BID
444,1712453705.9438922,569538.44557035,1296.0,-3.63205146865844e-08,1302.0,ASK
445,1712453705.9482543,569689.02411276,1296.0,-2.689086185202605e-08,1302.0,ASK
446,1712453710.6658225,569691.02411276,1297.0,3.5716724868831837e-10,1302.0,BID
447,1712453730.7945163,569691.02411276,1297.0,0.0,1302.0,BID
448,1712453733.5464203,569729.94392771,1297.0,6.949865827056874e-09,1302.0,BID
449,1712453737.5037582,569744.94392771,1297.0,2.678532452938323e-09,1302.0,BID
450,1712453743.071828,570515.95395085,1297.0,1.3767835790141436e-07,1302.0,BID
451,1712453747.9036543,570677.8660557,1297.0,2.8912455157627932e-08,1302.0,BID
452,1712453754.5536616,571805.74221516,1297.0,2.014035264006124e-07,1302.0,BID
453,1712453754.5580566,572291.82457209,1297.0,8.679915785583164e-08,1302.0,BID
454,1712453756.1741724,572502.29366726,1297.0,-3.758322011689972e-08,1302.0,ASK
455,1712453756.480445,572733.74999359,1297.0,-4.133088543420025e-08,1302.0,ASK
456,1712453756.6437695,572875.56110655,1297.0,-2.5323044550041592e-08,1302.0,ASK
457,1712453756.9039068,573449.75528349,1297.0,-1.0253318248146928e-07,1302.0,ASK
458,1712453756.9732342,573877.64898215,1297.0,-7.640847721790067e-08,1302.0,ASK
459,1712453757.0237525,574093.97465434,1297.0,-3.86290222242964e-08,1302.0,ASK
460,1712453757.0634806,574413.42839098,1297.0,-5.70444800535186e-08,1302.0,ASK
461,1712453757.0834968,574630.61331325,1297.0,-3.87824575059408e-08,1302.0,ASK
462,1712453757.1238475,574734.22064103,1297.0,-1.8501039321394377e-08,1302.0,ASK
463,1712453757.1282609,574953.04735922,1297.0,-3.9075631082791174e-08,1302.0,ASK
464,1712453757.863706,574960.75151946,1298.0,1.375722881700822e-09,1302.0,BID
465,1712453759.3135836,575079.14611578,1297.0,-2.1141584566375897e-08,1302.0,ASK
466,1712453759.3540337,575289.43659307,1297.0,-3.755132453101941e-08,1302.0,ASK
467,1712453760.5239272,575289.43659307,1297.0,-0.0,1302.0,ASK
468,1712453760.975639,575401.19902879,1297.0,-1.9931444000527544e-08,1302.0,ASK
469,1712453760.98216,575904.70284279,1297.0,-8.979365927511251e-08,1302.0,ASK
470,1712453764.9542542,575906.70284279,1298.0,3.5667519005169965e-10,1302.0,BID
471,1712453765.0539317,576505.75012235,1297.0,-1.0683265114348888e-07,1302.0,ASK
472,1712453773.3240552,576507.75012235,1298.0,3.5667519005169965e-10,1302.0,BID
473,1712453778.2042294,576515.45428259,1298.0,1.3739414088977202e-09,1302.0,BID
474,1712453783.107742,577598.12573259,1297.0,-1.930810225961539e-07,1302.0,ASK
475,1712453785.023629,577600.12573259,1298.0,3.5667519005169965e-10,1302.0,BID
476,1712453790.5687904,577600.12573259,1298.0,0.0,1302.0,BID
477,1712453819.7539513,577607.82989283,1298.0,1.373207465536334e-09,1302.0,BID
478,1712453820.781517,577607.82989283,1298.0,0.0,1302.0,BID
479,1712453827.9637244,577623.23821332,1298.0,2.746410037591965e-09,1302.0,BID
480,1712453833.9937649,577653.23821332,1297.0,-5.347260344242466e-09,1302.0,ASK
481,1712453836.0316515,577660.94237356,1298.0,1.373205017903728e-09,1302.0,BID
482,1712453848.2638602,577822.90456519,1298.0,2.8868466818976043e-08,1302.0,BID
483,1712453848.268963,579682.68265904,1298.0,3.314905883444996e-07,1302.0,BID
484,1712453848.3434794,580337.68265904,1298.0,1.167485175159605e-07,1302.0,BID
485,1712453848.943521,580462.25774412,1297.0,-2.2204513744296453e-08,1302.0,ASK
486,1712453848.9474936,582021.71287747,1297.0,-2.779604197729239e-07,1302.0,ASK
487,1712453849.028234,582837.68265904,1297.0,1.4544009516965184e-07,1302.0,BID
488,1712453850.8243098,582837.68265904,1297.0,0.0,1302.0,BID
489,1712453851.073961,582979.50804575,1298.0,2.524870344386641e-08,1302.0,BID
490,1712453857.3335946,582981.50804575,1299.0,3.5605336998649296e-10,1302.0,BID
491,1712453861.473564,583610.09868369,1298.0,-1.1190590749024508e-07,1302.0,ASK
492,1712453862.1358683,583617.80284393,1298.0,1.371546108186315e-09,1302.0,BID
493,1712453869.213595,583956.78589477,1298.0,6.034802880993797e-08,1302.0,BID
494,1712453874.3510883,584727.20191942,1298.0,1.3715461093413218e-07,1302.0,BID
495,1712453880.5498722,584727.20191942,1298.0,0.0,1302.0,BID
496,1712453880.9835982,586855.48064142,1298.0,3.7872504370200473e-07,1302.0,BID
497,1712453882.4875553,586855.48064214,1298.0,1.2812838979298815e-16,1302.0,BID
498,1712453885.098055,586858.48064214,1299.0,5.33846962506086e-10,1302.0,BID
499,1712453906.5339649,586862.32679598,1300.0,6.84419181597383e-10,1302.0,BID
500,1712453908.1486638,586865.32679598,1300.0,5.33846962506086e-10,1302.0,BID
501,1712453910.5188086,586865.32679598,1300.0,0.0,1302.0,BID
502,1712453912.5007913,586872.2472112,1299.0,-1.230872999691448e-09,1302.0,ASK
503,1712453916.4936368,586880.58695827,1300.0,1.483316992776195e-09,1302.0,BID
504,1712453916.4978983,586902.48535448,1300.0,3.894873902013643e-09,1302.0,BID
505,1712453916.5027013,587641.47798043,1300.0,1.3143807724549604e-07,1302.0,BID
506,1712453920.6736803,587649.17028812,1300.0,1.3681626810011664e-09,1302.0,BID
507,1712453925.2638943,587873.19675511,1299.0,-3.9845604731730373e-08,1302.0,ASK
508,1712453927.033573,587950.11983204,1300.0,1.3681626815270932e-08,1302.0,BID
509,1712453928.5335736,587952.11983204,1300.0,3.5572229716507456e-10,1302.0,BID
510,1712453934.9259217,588721.94277276,1299.0,-1.3692159244164794e-07,1302.0,ASK
511,1712453936.6535275,588723.94277276,1300.0,3.5572229716507456e-10,1302.0,BID
512,1712453940.798598,588723.94277276,1300.0,0.0,1302.0,BID
513,1712453947.1542494,588950.12122199,1300.0,4.021108527885317e-08,1302.0,BID
514,1712453970.79135,588950.12122199,1300.0,0.0,1302.0,BID
515,1712454000.6171072,588950.12122199,1300.0,0.0,1302.0,BID
516,1712454024.4253404,588996.33476219,1300.0,8.269331053456369e-09,1302.0,BID
517,1712454024.433556,589590.81702793,1300.0,1.0637511516181928e-07,1302.0,BID
518,1712454030.5759392,589590.81702793,1300.0,0.0,1302.0,BID
519,1712454034.588712,590080.10876547,1300.0,8.753954810077449e-08,1302.0,BID
520,1712454034.59278,591558.94054993,1300.0,2.6457889270637064e-07,1302.0,BID
521,1712454034.596762,591890.81702793,1300.0,5.9376267123318816e-08,1302.0,BID
522,1712454044.7436442,591899.55798946,1300.0,1.563851918163574e-09,1302.0,BID
523,1712454060.8046968,591899.55798946,1300.0,0.0,1302.0,BID
524,1712454078.3136585,591903.48106638,1300.0,7.01503914111168e-10,1302.0,BID
525,1712454080.093523,591911.17337407,1300.0,1.3754978714258175e-09,1302.0,BID
526,1712454089.1337874,591919.17337407,1300.0,1.430517786725831e-09,1302.0,BID
527,1712454090.788081,591919.17337407,1300.0,0.0,1302.0,BID
528,1712454100.1556983,592503.78875868,1300.0,1.0453736159288029e-07,1302.0,BID
529,1712454104.154277,592522.64991252,1300.0,3.372636627315655e-09,1302.0,BID
530,1712454116.663905,592529.48863461,1299.0,-1.22285862256748e-09,1302.0,ASK
531,1712454116.66904,592999.07991252,1299.0,-8.396945156086118e-08,1302.0,ASK
532,1712454119.9219415,593001.07991252,1300.0,3.576278159789244e-10,1302.0,BID
533,1712454120.5694046,593001.07991252,1300.0,0.0,1302.0,BID
534,1712454128.7843874,593105.15326705,1300.0,1.8605085685800842e-08,1302.0,BID
535,1712454128.7894704,594001.07991252,1300.0,1.6016387751151865e-07,1302.0,BID
536,1712454131.789359,594001.08062844,1299.0,-1.279842766919563e-13,1302.0,ASK
537,1712454131.793358,594005.00672543,1299.0,-7.01864288315497e-10,1302.0,ASK
538,1712454131.9835148,594589.48709494,1299.0,1.0448694966649117e-07,1302.0,BID
539,1712454132.243482,596491.00284976,1299.0,3.3993199999253335e-07,1302.0,BID
540,1712454136.1550925,597219.44087901,1299.0,1.3022211124252368e-07,1302.0,BID
541,1712454139.1316884,597262.8411738,1298.0,-7.758625702074271e-09,1302.0,ASK
542,1712454139.1356485,598982.87087901,1298.0,-3.074879270689632e-07,1302.0,ASK
543,1712454139.8547034,599965.07634201,1298.0,-1.7558785226727237e-07,1302.0,ASK
544,1712454139.8735473,599965.07634208,1298.0,-1.2507679276353333e-17,1302.0,ASK
545,1712454139.89497,599988.1710303,1298.0,4.128613468445738e-09,1302.0,BID
546,1712454140.893499,600372.8901411,1299.0,6.877583655992314e-08,1302.0,BID
547,1712454141.1734986,600374.8901411,1299.0,3.5753792639463887e-10,1302.0,BID
548,1712454150.542766,600374.8901411,1299.0,0.0,1302.0,BID
549,1712454156.113686,600451.78100584,1299.0,1.3722207248838342e-08,1302.0,BID
550,1712454156.1187594,601030.4474929,1299.0,1.032708045389096e-07,1302.0,BID
551,1712454168.423676,601038.1457223,1299.0,1.3738524028094738e-09,1302.0,BID
552,1712454180.8010914,601038.1457223,1299.0,0.0,1302.0,BID
553,1712454197.2737782,601076.1457223,1299.0,6.780567666744709e-09,1302.0,BID
554,1712454199.9035466,601481.66043992,1299.0,7.235842059692538e-08,1302.0,BID
555,1712454210.7767303,601481.66043992,1299.0,0.0,1302.0,BID
556,1712454240.5193934,601481.66043992,1299.0,0.0,1302.0,BID
557,1712454262.3836415,601758.28656103,1299.0,4.935498235191885e-08,1302.0,BID
558,1712454266.6537466,601832.89442563,1299.0,1.3311359845100021e-08,1302.0,BID
559,1712454266.6638608,602717.72420537,1299.0,1.57869249614944e-07,1302.0,BID
560,1712454270.494167,602717.72420537,1299.0,0.0,1302.0,BID
561,1712454300.561158,602717.72420537,1299.0,0.0,1302.0,BID
562,1712454300.6975777,602794.82520769,1297.0,-1.3833853213032756e-08,1302.0,ASK
563,1712454300.702484,602957.59914373,1297.0,-2.9205725870297e-08,1302.0,ASK
564,1712454304.3248882,603207.83398624,1297.0,-4.4898405674400654e-08,1302.0,ASK
565,1712454305.2436385,603209.83398624,1299.0,3.5885015231332634e-10,1302.0,BID
566,1712454316.8037508,603607.71350894,1299.0,7.138956366162055e-08,1302.0,BID
567,1712454330.567165,603607.71350894,1299.0,0.0,1302.0,BID
568,1712454340.117768,603838.12825548,1297.0,-4.133361677424362e-08,1302.0,ASK
569,1712454343.383679,603840.12825548,1298.0,3.5877579360629286e-10,1302.0,BID
570,1712454343.9943454,603844.12825548,1297.0,-7.17551587212585e-10,1302.0,ASK
571,1712454343.997235,604371.50082489,1297.0,-9.460425605813377e-08,1302.0,ASK
572,1712454344.0000775,605117.44685336,1297.0,-1.3381368917590438e-07,1302.0,ASK
573,1712454360.795775,605117.44685336,1297.0,-0.0,1302.0,ASK
574,1712454373.7737546,605119.44685336,1298.0,3.58649812791357e-10,1302.0,BID
575,1712454388.833792,605352.18541038,1297.0,-4.1735819952271314e-08,1302.0,ASK
576,1712454390.760604,605352.18541038,1297.0,-0.0,1302.0,ASK
577,1712454408.2438557,605574.18541038,1297.0,-3.9807955829416896e-08,1302.0,ASK
578,1712454419.2238429,607161.14541038,1297.0,-2.845659170407656e-07,1302.0,ASK
579,1712454420.5587947,607161.14541038,1297.0,-0.0,1302.0,ASK
580,1712454424.1848853,607256.35423163,1297.0,-1.7065201309314673e-08,1302.0,ASK
581,1712454424.2038088,607610.21127338,1297.0,-6.342523279775925e-08,1302.0,ASK
582,1712454424.3690157,607687.31227516,1297.0,-1.3819561037004717e-08,1302.0,ASK
583,1712454424.374082,609396.40629138,1297.0,-3.063375122222279e-07,1302.0,ASK
584,1712454430.10385,609398.40629138,1298.0,3.5847941577814645e-10,1302.0,BID
585,1712454439.144016,610939.23834068,1298.0,2.761782864226684e-07,1302.0,BID
586,1712454439.7839053,611560.26473654,1296.0,-1.113125897853525e-07,1302.0,ASK
587,1712454439.7867942,611560.26473707,1297.0,-9.498316216178491e-17,1302.0,ASK
588,1712454439.7937064,612331.86967534,1296.0,-1.383022437412917e-07,1302.0,ASK
589,1712454439.7980494,614046.86967468,1296.0,-3.0739609891147e-07,1302.0,ASK
590,1712454439.8038702,614046.86967534,1296.0,-1.1829076148839163e-16,1302.0,ASK
591,1712454443.9437716,614048.86967534,1296.0,3.5847941577814645e-10,1302.0,BID
592,1712454450.5832007,614048.86967534,1296.0,0.0,1302.0,BID
593,1712454452.703878,615592.07955188,1296.0,2.7616236939764885e-07,1302.0,BID
594,1712454459.5435295,615633.07955188,1295.0,-7.337081830171994e-09,1302.0,ASK
595,1712454461.9135914,615635.07955188,1296.0,3.5790643074009724e-10,1302.0,BID
596,1712454479.751129,615637.07955188,1297.0,3.5790643074009724e-10,1302.0,BID
597,1712454480.8090053,615637.07955188,1297.0,0.0,1302.0,BID
598,1712454485.4436767,615695.08957501,1297.0,1.0377257845124513e-08,1302.0,BID
599,1712454485.446525,616408.08957501,1297.0,1.275466625309613e-07,1302.0,BID
600,1712454488.333507,616593.94389501,1296.0,-3.3246982093922395e-08,1302.0,ASK
601,1712454489.6236396,616593.94389599,1296.0,-1.7530674808182414e-16,1302.0,ASK
602,1712454490.626224,616761.20354105,1296.0,2.9920630439702984e-08,1302.0,BID
603,1712454500.623591,617125.30847125,1295.0,-6.513375688370642e-08,1302.0,ASK
604,1712454504.333649,617148.47449441,1295.0,-4.144107907672678e-09,1302.0,ASK
605,1712454504.3435268,617920.67526661,1295.0,-1.3813693029164477e-07,1302.0,ASK
606,1712454504.3486314,619435.40149869,1295.0,-2.709653233519005e-07,1302.0,ASK
607,1712454510.8051207,619435.40149869,1295.0,-0.0,1302.0,ASK
608,1712454513.5334628,619505.40149869,1295.0,-1.2511099775267262e-08,1302.0,ASK
609,1712454514.533647,619513.11754807,1296.0,1.379089480918557e-09,1302.0,BID
610,1712454540.567478,619513.11754807,1296.0,0.0,1302.0,BID
611,1712454540.993855,620109.37386569,1295.0,-1.0656697268211597e-07,1302.0,ASK
612,1712454540.997402,620283.53403,1295.0,-3.112708565742788e-08,1302.0,ASK
613,1712454547.423633,626688.68703,1296.0,1.1447723816167072e-06,1302.0,BID
614,1712454548.410669,627824.60771729,1296.0,2.0301944864028685e-07,1302.0,BID
615,1712454570.557574,627824.60771729,1296.0,0.0,1302.0,BID
616,1712454574.8197525,627868.33053918,1297.0,7.799424941984074e-09,1302.0,BID
617,1712454578.2334898,628211.08344391,1296.0,-6.114142314098406e-08,1302.0,ASK
618,1712454578.8638148,628288.18444622,1297.0,1.3753537728720206e-08,1302.0,BID
619,1712454581.373997,629059.19446936,1297.0,1.3753537729424192e-07,1302.0,BID
620,1712454600.5923164,629059.19446936,1297.0,0.0,1302.0,BID
621,1712454605.3838563,629522.82705526,1297.0,-8.295622869228063e-08,1302.0,ASK
622,1712454607.585553,629524.82705526,1298.0,3.5785331409035325e-10,1302.0,BID
623,1712454611.383775,629755.95186265,1298.0,4.135438914650935e-08,1302.0,BID
624,1712454611.403613,629908.58071516,1297.0,-2.73093703482574e-08,1302.0,ASK
625,1712454615.8637776,629910.58071516,1298.0,3.5785331409035325e-10,1302.0,BID
626,1712454621.2435856,630087.37652627,1297.0,-3.1633483461492674e-08,1302.0,ASK
627,1712454622.943813,631522.20783811,1297.0,-2.567295700512943e-07,1302.0,ASK
628,1712454623.123715,631524.20783811,1298.0,3.5785331409035325e-10,1302.0,BID
629,1712454630.5433793,631524.20783811,1298.0,0.0,1302.0,BID
630,1712454636.2735307,631656.27893661,1298.0,2.3617528727786728e-08,1302.0,BID
631,1712454659.203857,633417.58544499,1298.0,3.149644966428724e-07,1302.0,BID
632,1712454660.7516987,633417.58544499,1298.0,0.0,1302.0,BID
633,1712454664.1037147,633419.58544499,1299.0,3.574915956098292e-10,1302.0,BID
634,1712454688.6879404,633802.49691536,1299.0,6.844381625994178e-08,1302.0,BID
635,1712454688.6911993,638038.52308933,1299.0,7.57171877988761e-07,1302.0,BID
636,1712454690.791495,638038.52308933,1299.0,0.0,1302.0,BID
637,1712454692.2334938,638040.52308933,1300.0,3.5710843997720724e-10,1302.0,BID
638,1712454703.633721,638340.52308933,1300.0,5.356626599658109e-08,1302.0,BID
639,1712454703.6397913,638401.43039702,1300.0,1.087525681619552e-08,1302.0,BID
640,1712454720.62874,638401.43039702,1300.0,0.0,1302.0,BID
641,1712454730.4989414,638496.78727616,1300.0,1.7024939024823623e-08,1302.0,BID
642,1712454730.5042286,638639.81216625,1300.0,2.5535546619963818e-08,1302.0,BID
643,1712454734.739594,638639.81216697,1299.0,-1.2855334548805703e-16,1302.0,ASK
644,1712454734.7532046,638854.50900997,1299.0,-3.8331798333397817e-08,1302.0,ASK
645,1712454737.2436385,638856.50900997,1300.0,3.5707836033150794e-10,1302.0,BID
646,1712454742.6636765,639049.71900997,1299.0,-3.449555499981868e-08,1302.0,ASK
647,1712454746.5237134,639051.71900997,1300.0,3.5707836033150794e-10,1302.0,BID
648,1712454750.5804656,639051.71900997,1300.0,0.0,1302.0,BID
649,1712454764.7134595,639111.44631766,1300.0,1.0662056073196352e-08,1302.0,BID
650,1712454780.813208,639111.44631766,1300.0,0.0,1302.0,BID
651,1712454792.913392,639111.45271488,1299.0,-1.141966298857226e-12,1302.0,ASK
652,1712454792.9233923,639115.30259941,1299.0,-6.872420234640033e-10,1302.0,ASK
653,1712454793.9236455,639253.61022389,1298.0,-2.4689263007456465e-08,1302.0,ASK
654,1712454794.8635285,639432.02629155,1298.0,-3.184901219850548e-08,1302.0,ASK
655,1712454794.903564,641494.52342948,1298.0,-3.68175901233884e-07,1302.0,ASK
656,1712454795.023627,643271.29220029,1298.0,-3.171705945413945e-07,1302.0,ASK
657,1712454795.6136408,643744.19766047,1298.0,-8.441824756903516e-08,1302.0,ASK
658,1712454795.8536212,644098.39983396,1298.0,-6.322855050094726e-08,1302.0,ASK
659,1712454795.933818,644284.38697282,1298.0,-3.3200522419358594e-08,1302.0,ASK
660,1712454796.2566843,644571.40832673,1298.0,-5.1236117474196464e-08,1302.0,ASK
661,1712454796.6536508,644822.80728861,1298.0,-4.487717226717285e-08,1302.0,ASK
662,1712454798.1459146,645231.13686687,1298.0,-7.289082137936718e-08,1302.0,ASK
663,1712454798.6436431,645399.86109608,1298.0,-3.0118924291817815e-08,1302.0,ASK
664,1712454798.7034364,645566.48584992,1298.0,-2.9744147414651005e-08,1302.0,ASK
665,1712454798.9446695,645867.52381085,1298.0,-5.3738218847790345e-08,1302.0,ASK
666,1712454799.3835297,646095.69155167,1298.0,-4.073017220921084e-08,1302.0,ASK
667,1712454799.5841043,647005.43206677,1298.0,-1.6239757518990197e-07,1302.0,ASK
668,1712454799.6236267,647333.27414893,1298.0,-5.8523016513260255e-08,1302.0,ASK
669,1712454799.723589,647930.83319419,1298.0,-1.066701310673783e-07,1302.0,ASK
670,1712454801.0352464,648076.3088123,1298.0,-2.5968819941700385e-08,1302.0,ASK
671,1712454801.7133973,648290.84416285,1298.0,-3.829665728144217e-08,1302.0,ASK
672,1712454802.5734458,648645.10566662,1298.0,-6.323914153592523e-08,1302.0,ASK
673,1712454803.0333018,648892.17062777,1298.0,-4.4103510769488926e-08,1302.0,ASK
674,1712454803.053595,649139.36707803,1298.0,-4.412698286099716e-08,1302.0,ASK
675,1712454804.4235785,649279.87756699,1298.0,-2.5082495851396773e-08,1302.0,ASK
676,1712454805.4703035,649333.87756699,1298.0,-9.639527881519125e-09,1302.0,ASK
677,1712454807.213661,649337.81579092,1298.0,-7.03011469956132e-10,1302.0,ASK
678,1712454807.220188,649702.18052775,1298.0,-6.50426674021328e-08,1302.0,ASK
679,1712454810.798524,649702.18052775,1298.0,-0.0,1302.0,ASK
680,1712454810.8056862,649717.58884824,1298.0,2.7438027218450926e-09,1302.0,BID
681,1712454812.77674,649777.34864476,1298.0,1.0641594095587885e-08,1302.0,BID
682,1712454840.536763,649777.34864476,1298.0,0.0,1302.0,BID
683,1712454870.5881474,649777.34864476,1298.0,0.0,1302.0,BID
684,1712454872.3935158,649785.052805,1298.0,1.371877524705185e-09,1302.0,BID
685,1712454888.8936048,650106.07833919,1298.0,5.7164921482862574e-08,1302.0,BID
686,1712454888.897383,650166.95037835,1298.0,1.0839465925545877e-08,1302.0,BID
687,1712454900.5523572,650166.95037835,1298.0,0.0,1302.0,BID
688,1712454901.563472,650168.95037835,1299.0,3.5672990405867886e-10,1302.0,BID
689,1712454924.453703,650172.26081732,1298.0,-5.904662880778664e-10,1302.0,ASK
690,1712454927.9835556,651528.1930207,1298.0,2.418507824109177e-07,1302.0,BID
691,1712454930.5650997,651528.1930207,1298.0,0.0,1302.0,BID
692,1712454939.1967833,653113.4911717,1298.0,2.826725438001974e-07,1302.0,BID
693,1712454960.8068302,653113.4911717,1298.0,0.0,1302.0,BID
694,1712454968.8437834,653643.69962968,1298.0,9.450613628643693e-08,1302.0,BID
695,1712454968.8499022,654689.54125535,1298.0,1.8641432387958977e-07,1302.0,BID
696,1712454969.103666,654905.10387569,1298.0,-3.842260542905591e-08,1302.0,ASK
697,1712454969.223798,655366.28879456,1298.0,-8.220314885586814e-08,1302.0,ASK
698,1712454971.8336427,655652.10451145,1298.0,-5.0944753307256094e-08,1302.0,ASK
699,1712454971.893673,655654.10451145,1299.0,3.5648671711679435e-10,1302.0,BID
700,1712454975.263766,657433.75594926,1299.0,3.172110493385215e-07,1302.0,BID
701,1712454975.2700365,657654.10451145,1299.0,3.9275667778273086e-08,1302.0,BID
702,1712454990.7958832,657654.10451145,1299.0,0.0,1302.0,BID
703,1712454997.133607,658424.5205361,1299.0,1.3717738376716496e-07,1302.0,BID
704,1712455001.8236444,658456.06880399,1299.0,5.6173660893179625e-09,1302.0,BID
705,1712455014.313542,658667.85651764,1298.0,-3.771012484550039e-08,1302.0,ASK
706,1712455019.0735805,658875.68065046,1298.0,-3.700438452961944e-08,1302.0,ASK
707,1712455019.1337037,659083.96348311,1298.0,-3.7086058898531284e-08,1302.0,ASK
708,1712455019.4134605,659211.06031237,1298.0,-2.2630384058937573e-08,1302.0,ASK
709,1712455020.244887,659321.89098377,1298.0,-1.9734093083962683e-08,1302.0,ASK
710,1712455020.6525416,659617.9334456,1298.0,-5.2712208856604144e-08,1302.0,ASK
711,1712455020.669491,659619.9334456,1299.0,3.561124882611001e-10,1302.0,BID
712,1712455020.6964786,659619.9334456,1299.0,0.0,1302.0,BID
713,1712455023.0437255,659716.05107688,1298.0,-1.71065698326325e-08,1302.0,ASK
714,1712455024.4963903,660367.10761246,1298.0,-1.158720199673937e-07,1302.0,ASK
715,1712455027.263518,660462.3885925,1298.0,-1.6957666528710076e-08,1302.0,ASK
716,1712455030.6935942,661466.04574907,1298.0,-1.7862624170246489e-07,1302.0,ASK
717,1712455031.753803,661702.16895229,1298.0,-4.202411161404153e-08,1302.0,ASK
718,1712455031.793521,661891.44225531,1298.0,-3.368598385590725e-08,1302.0,ASK
719,1712455032.3739016,662534.02749404,1298.0,-1.1436433787816781e-07,1302.0,ASK
720,1712455039.8056605,662670.63169144,1298.0,-2.4312180930131112e-08,1302.0,ASK
721,1712455043.1936972,662889.00986635,1298.0,-3.8865933848688004e-08,1302.0,ASK
722,1712455043.3552866,663063.5726668,1298.0,-3.106787689534026e-08,1302.0,ASK
723,1712455043.433538,663240.063001,1298.0,-3.141093040445495e-08,1302.0,ASK
724,1712455045.163638,663242.063001,1299.0,3.5595071590565914e-10,1302.0,BID
725,1712455046.4036884,663599.53414694,1298.0,-6.362105515648204e-08,1302.0,ASK
726,1712455046.413557,664759.06041241,1298.0,-2.0636710215272413e-07,1302.0,ASK
727,1712455046.4182453,664794.143001,1298.0,-6.2438362622348105e-09,1302.0,ASK
728,1712455046.4639297,664836.67185506,1298.0,-7.569088024649795e-09,1302.0,ASK
729,1712455046.4704585,665072.08618997,1297.0,-4.189795052283285e-08,1302.0,ASK
730,1712455050.573816,665072.08618997,1297.0,-0.0,1302.0,ASK
731,1712455052.493571,665074.08618997,1298.0,3.5550297013636864e-10,1302.0,BID
732,1712455052.793642,665151.12779243,1298.0,1.3694259249292172e-08,1302.0,BID
733,1712455054.6538312,665228.1100865,1299.0,1.3683717094889707e-08,1302.0,BID
734,1712455060.8436096,665328.1100865,1298.0,1.777514850681843e-08,1302.0,BID
735,1712455069.01362,665331.96216662,1298.0,6.847129619327987e-10,1302.0,BID
736,1712455080.7915225,665331.96216662,1298.0,0.0,1302.0,BID
737,1712455088.783917,665335.81501715,1298.0,6.848088336708825e-10,1302.0,BID
738,1712455099.672848,665382.19329144,1298.0,8.243312756719624e-09,1302.0,BID
739,1712455105.884048,665384.19329144,1299.0,3.5548165096326977e-10,1302.0,BID
740,1712455110.7956913,665384.19329144,1299.0,0.0,1302.0,BID
741,1712455131.3936412,665389.19329144,1298.0,-8.886934182325871e-10,1302.0,ASK
742,1712455134.5538511,665391.19329144,1299.0,3.5547736729303476e-10,1302.0,BID
743,1712455140.554423,665391.19329144,1299.0,0.0,1302.0,BID
744,1712455154.283711,665704.85934414,1299.0,5.57505012583206e-08,1302.0,BID
745,1712455154.2905264,667701.79067404,1299.0,3.549313725921059e-07,1302.0,BID
746,1712455170.80477,667701.79067404,1299.0,0.0,1302.0,BID
747,1712455173.8053083,667709.50737919,1299.0,1.3708234988866915e-09,1302.0,BID
748,1712455174.2439554,667735.17070736,1298.0,-4.558926722153689e-09,1302.0,ASK
749,1712455200.9159253,667975.39605458,1297.0,-4.267450221272021e-08,1302.0,ASK
750,1712455200.9506695,667975.39605458,1297.0,-0.0,1302.0,ASK
751,1712455203.9244788,667977.39605458,1298.0,3.5632035922139357e-10,1302.0,BID
752,1712455216.6438715,668016.66377414,1298.0,6.995943969703796e-09,1302.0,BID
753,1712455228.123876,668022.91693033,1298.0,1.1140634299511934e-09,1302.0,BID
754,1712455230.8094776,668022.91693033,1298.0,0.0,1302.0,BID
755,1712455234.3662336,668024.91693033,1299.0,3.563164435554411e-10,1302.0,BID
756,1712455236.2539494,668091.42607888,1298.0,-1.1849151637615944e-08,1302.0,ASK
757,1712455240.0735395,668099.12430828,1299.0,1.3715028607365839e-09,1302.0,BID
758,1712455244.7236998,668189.66372041,1298.0,-1.6130340665884478e-08,1302.0,ASK
759,1712455245.2977612,668281.25601703,1298.0,-1.6317920694359572e-08,1302.0,ASK
760,1712455246.5136127,668283.25601703,1299.0,3.563164435554411e-10,1302.0,BID
761,1712455247.2135491,668413.57001586,1298.0,-2.321651030430371e-08,1302.0,ASK
762,1712455247.217312,668420.45936693,1298.0,-1.2273945358206691e-09,1302.0,ASK
763,1712455247.6735814,668824.1049157,1298.0,-7.191277319737101e-08,1302.0,ASK
764,1712455255.803737,668831.80907594,1298.0,1.372559488651359e-09,1302.0,BID
765,1712455260.5647905,668831.80907594,1298.0,0.0,1302.0,BID
766,1712455267.6536982,668872.97587272,1297.0,-7.3328316466254045e-09,1302.0,ASK
767,1712455270.463824,668874.97587272,1298.0,3.5624980422063275e-10,1302.0,BID
768,1712455283.1338851,669131.99527962,1297.0,-4.578155669452169e-08,1302.0,ASK
769,1712455283.1413372,670664.38154349,1297.0,-2.729561532470259e-07,1302.0,ASK
770,1712455283.1464474,671380.7595697,1297.0,-1.2760476579263877e-07,1302.0,ASK
771,1712455285.4638302,671382.7595697,1298.0,3.5624980422063275e-10,1302.0,BID
772,1712455290.569775,671382.7595697,1298.0,0.0,1302.0,BID
773,1712455312.5236678,671514.97618726,1298.0,2.3537200606459207e-08,1302.0,BID
774,1712455313.773702,671591.95848133,1299.0,1.3704387028714044e-08,1302.0,BID
775,1712455320.8433197,671591.95848133,1299.0,0.0,1302.0,BID
776,1712455327.143618,671844.75736833,1298.0,-4.5001078755940495e-08,1302.0,ASK
777,1712455329.2041333,671846.75736833,1299.0,3.560227601471049e-10,1302.0,BID
778,1712455331.3736787,671846.75736834,1298.0,-1.78219968061027e-18,1302.0,ASK
779,1712455351.0862975,671846.75736834,1298.0,-0.0,1302.0,ASK
780,1712455359.4519627,673388.7774146,1297.0,2.744809567786134e-07,1302.0,BID
781,1712455376.4840631,673390.7774146,1298.0,3.5600180094200607e-10,1302.0,BID
782,1712455380.523903,673390.7774146,1298.0,0.0,1302.0,BID
783,1712455402.486781,674623.21411467,1297.0,2.192966710412547e-07,1302.0,BID
784,1712455410.526688,674623.21411467,1297.0,0.0,1302.0,BID
785,1712455412.923965,674854.33892206,1297.0,4.11140700029969e-08,1302.0,BID
786,1712455415.6737683,674861.85251299,1297.0,1.336569219719529e-09,1302.0,BID
787,1712455427.057096,675176.41257669,1297.0,5.5956107114380086e-08,1302.0,BID
788,1712455427.0637417,675632.86253612,1297.0,8.11964574326365e-08,1302.0,BID
789,1712455427.2840312,677945.89260551,1297.0,4.1145769364104973e-07,1302.0,BID
790,1712455434.563877,677958.24264454,1297.0,-2.1969098642250754e-09,1302.0,ASK
791,1712455435.813918,677960.24264454,1298.0,3.5577375243510553e-10,1302.0,BID
792,1712455440.7781923,677960.24264454,1298.0,0.0,1302.0,BID
793,1712455442.159834,678089.99422894,1297.0,-2.3063347166197173e-08,1302.0,ASK
794,1712455442.1715822,678154.74519222,1297.0,-1.1509485239644573e-08,1302.0,ASK
795,1712455443.5639317,678156.74519222,1298.0,3.5550004684497353e-10,1302.0,BID
796,1712455444.4914918,678274.50254896,1297.0,-2.0931372918717332e-08,1302.0,ASK
797,1712455444.90702,678453.89844948,1297.0,-3.188762551931282e-08,1302.0,ASK
798,1712455445.1038835,678731.22394028,1297.0,-4.929461248536717e-08,1302.0,ASK
799,1712455445.4877758,679159.08744364,1297.0,-7.605274774385955e-08,1302.0,ASK
800,1712455445.7045324,679236.18844595,1297.0,-1.3704704966509204e-08,1302.0,ASK
801,1712455445.7179377,680417.12467952,1297.0,-2.0991144317752802e-07,1302.0,ASK
802,1712455447.3544283,682337.12467952,1296.0,-3.4128004497117457e-07,1302.0,ASK
803,1712455447.3599772,687417.12467952,1296.0,-9.029701189862327e-07,1302.0,ASK
804,1712455451.043831,687419.12467952,1298.0,3.5550004684497353e-10,1302.0,BID
805,1712455470.7436695,687419.12467952,1298.0,0.0,1302.0,BID
806,1712455489.9048612,688189.01862314,1298.0,1.365510638501906e-07,1302.0,BID
807,1712455500.5038664,688189.01862314,1298.0,0.0,1302.0,BID
1008,1712455503.3037107,688201.33911928,1298.0,2.188406862501013e-09,1302.0,BID
808,1712455503.3037107,688201.33911928,1298.0,2.1884068625010132e-09,1302.0,BID
809,1712455514.323847,688574.22663547,1298.0,6.623350148366044e-08,1302.0,BID
810,1712455514.333604,688586.5471316,1298.0,2.1884068607020207e-09,1302.0,BID
811,1712455523.2639918,688602.02793332,1298.0,2.749750686668025e-09,1302.0,BID
812,1712455523.270872,688663.29310243,1298.0,1.0882119923451766e-08,1302.0,BID
813,1712455529.8039627,688701.81390366,1298.0,6.842190834099194e-09,1302.0,BID
814,1712455530.483779,688701.81390366,1298.0,0.0,1302.0,BID
815,1712455540.6436074,688705.67368794,1298.0,6.85506475258364e-10,1302.0,BID
816,1712455560.7448535,688705.67368794,1298.0,0.0,1302.0,BID
817,1712455569.4340243,689052.29031378,1297.0,-6.15598470773122e-08,1302.0,ASK
818,1712455571.9959402,689054.29031378,1298.0,3.5520423712009407e-10,1302.0,BID
819,1712455572.303943,689287.41512117,1298.0,4.140345968137316e-08,1302.0,BID
820,1712455572.314447,689439.4983261,1298.0,2.7010299392960893e-08,1302.0,BID
821,1712455590.7339978,689439.4983261,1298.0,0.0,1302.0,BID
822,1712455596.4841328,689539.4983261,1297.0,-1.7757209018982192e-08,1302.0,ASK
823,1712455596.4914608,690209.39226972,1297.0,-1.1895446777411157e-07,1302.0,ASK
824,1712455599.5336545,690211.39226972,1298.0,3.551441803796438e-10,1302.0,BID
825,1712455610.933757,691074.63637672,1297.0,-1.5328806042404766e-07,1302.0,ASK
826,1712455611.037482,691635.26321172,1297.0,-9.955167890745489e-08,1302.0,ASK
827,1712455611.1138074,693225.22785183,1297.0,-2.8233334447222576e-07,1302.0,ASK
828,1712455611.122177,695485.22765872,1297.0,-4.013128895380567e-07,1302.0,ASK
829,1712455611.1396174,695485.22765907,1297.0,-6.216104086497734e-17,1302.0,ASK
830,1712455613.4236708,695487.22765907,1298.0,3.551441803796438e-10,1302.0,BID
831,1712455620.4774773,695487.22765907,1298.0,0.0,1302.0,BID
832,1712455624.1438851,695525.77816022,1297.0,6.835971520512018e-09,1302.0,BID
833,1712455627.1937132,695527.77816022,1298.0,3.5465020254444285e-10,1302.0,BID
834,1712455639.663843,696058.67416145,1298.0,9.41411871831261e-08,1302.0,BID
835,1712455639.669128,696101.01793645,1297.0,7.508614190115629e-09,1302.0,BID
836,1712455645.2039597,696103.01793645,1298.0,3.5465020254444285e-10,1302.0,BID
837,1712455650.513872,696103.01793645,1298.0,0.0,1302.0,BID
838,1712455654.233853,696110.71824654,1298.0,1.3652647800533932e-09,1302.0,BID
839,1712455654.343712,696197.59943692,1298.0,1.54040328099926e-08,1302.0,BID
840,1712455654.3501763,696264.2485692,1298.0,1.1816889431522393e-08,1302.0,BID
841,1712455680.781745,696264.2485692,1298.0,0.0,1302.0,BID
842,1712455710.8151295,696264.2485692,1298.0,0.0,1302.0,BID
843,1712455728.7937417,696271.95272944,1298.0,1.365896730092843e-09,1302.0,BID
844,1712455729.0137415,697144.25960454,1298.0,1.546542479953117e-07,1302.0,BID
845,1712455729.144292,697427.57670454,1298.0,-5.023025072421305e-08,1302.0,ASK
846,1712455733.0793695,697427.57676642,1298.0,-1.0970912178435218e-14,1302.0,ASK
847,1712455733.893657,697429.57676642,1298.0,3.5458679143754435e-10,1302.0,BID
848,1712455740.5245843,697429.57676642,1298.0,0.0,1302.0,BID
849,1712455741.2731917,698229.57676642,1297.0,-1.4179669049126698e-07,1302.0,ASK
850,1712455742.8360174,698231.57676642,1298.0,3.544917262281674e-10,1302.0,BID
851,1712455744.4140692,698352.47802771,1297.0,-2.142924840891912e-08,1302.0,ASK
852,1712455744.425372,698410.4441294,1297.0,-1.0274251725396178e-08,1302.0,ASK
853,1712455744.433012,698473.49904893,1297.0,-1.1176223635693777e-08,1302.0,ASK
854,1712455750.6069465,698475.49904893,1298.0,3.544917262281674e-10,1302.0,BID
855,1712455770.4938462,698475.49904893,1298.0,0.0,1302.0,BID
856,1712455772.744073,698482.49904893,1298.0,1.2404227876345974e-09,1302.0,BID
857,1712455775.513796,698675.10305509,1298.0,3.4130056890070976e-08,1302.0,BID
858,1712455781.3139737,698815.92355862,1298.0,2.4953851649272163e-08,1302.0,BID
859,1712455781.3205583,699014.08610593,1298.0,3.511504847700603e-08,1302.0,BID
860,1712455790.4541922,702750.43737787,1298.0,6.620936086174002e-07,1302.0,BID
861,1712455790.4614768,702880.50847637,1298.0,2.3049022084589088e-08,1302.0,BID
862,1712455793.103895,704328.89187637,1298.0,-2.566582535130848e-07,1302.0,ASK
863,1712455793.423896,704330.89187637,1299.0,3.5440651075274204e-10,1302.0,BID
864,1712455798.5199468,704344.51687637,1299.0,2.414394354503056e-09,1302.0,BID
865,1712455798.643817,704573.63207637,1299.0,-4.059995929620837e-08,1302.0,ASK
866,1712455800.5359335,704573.63207637,1299.0,-0.0,1302.0,ASK
867,1712455801.18421,704575.63207637,1300.0,3.5724146453506945e-10,1302.0,BID
868,1712455806.854138,704725.99871718,1299.0,-2.6858599490098693e-08,1302.0,ASK
869,1712455806.859951,705131.40771718,1299.0,-7.241445244784633e-08,1302.0,ASK
870,1712455808.5141218,705151.77215034,1300.0,3.6375099632617022e-09,1302.0,BID
871,1712455809.6905415,705383.54772942,1299.0,-4.139992365699894e-08,1302.0,ASK
872,1712455809.6970673,705427.77215034,1299.0,-7.899398448840652e-09,1302.0,ASK
873,1712455815.1240034,705481.77215034,1298.0,-9.645519542446876e-09,1302.0,ASK
874,1712455815.2721918,705485.62120694,1300.0,6.87521308433144e-10,1302.0,BID
875,1712455815.284448,705935.64245154,1300.0,8.038312424639038e-08,1302.0,BID
876,1712455815.287915,706251.00291957,1300.0,5.632991772774679e-08,1302.0,BID
877,1712455817.3988504,706253.00291957,1301.0,3.5724146453506945e-10,1302.0,BID
878,1712455818.285766,706492.96228159,1301.0,4.2861716958466013e-08,1302.0,BID
1078,1712455818.285766,706492.96228159,1301.0,4.286171695846601e-08,1302.0,BID
879,1712455818.654497,706732.92164361,1301.0,4.2861716958466013e-08,1302.0,BID
1079,1712455818.654497,706732.92164361,1301.0,4.286171695846601e-08,1302.0,BID
880,1712455823.36422,707506.89344297,1301.0,1.3824740955610578e-07,1302.0,BID
881,1712455823.3676991,707515.2347457,1301.0,1.489929601702548e-09,1302.0,BID
882,1712455823.3710165,713575.58503782,1301.0,1.0825042069762449e-06,1302.0,BID
883,1712455823.4337325,714444.04342934,1301.0,-1.55124673837181e-07,1302.0,ASK
884,1712455823.4581532,715091.90794352,1301.0,-1.1572203393298109e-07,1302.0,ASK
885,1712455823.4641984,715744.84811459,1301.0,-1.1662865148342133e-07,1302.0,ASK
886,1712455823.479,716396.58067411,1301.0,-1.1641294702404573e-07,1302.0,ASK
887,1712455823.4936843,716566.34998222,1302.0,3.032431813116103e-08,1302.0,BID
888,1712455823.4989693,716636.35573555,1302.0,1.2504478922757773e-08,1302.0,BID
889,1712455823.533628,717020.08046187,1301.0,-6.854119160441903e-08,1302.0,ASK
890,1712455823.5537045,717259.85552331,1302.0,4.28287970539188e-08,1302.0,BID
891,1712455823.5937045,717499.63058475,1302.0,4.2828797053898014e-08,1302.0,BID
892,1712455823.6235006,717611.37636007,1301.0,-1.9960112215459173e-08,1302.0,ASK
893,1712455823.653808,717851.15142151,1302.0,4.28287970539188e-08,1302.0,BID
894,1712455823.6938004,718003.9892284,1301.0,-2.7300000984859468e-08,1302.0,ASK
895,1712455823.701134,718847.94010975,1301.0,-1.5074712442456308e-07,1302.0,ASK
896,1712455823.713596,719087.71517119,1302.0,4.2828797053898014e-08,1302.0,BID
897,1712455823.7336602,720213.84979458,1301.0,-2.0115099106175349e-07,1302.0,ASK
898,1712455823.7543592,721560.61863687,1301.0,-2.405608368049261e-07,1302.0,ASK
899,1712455823.8988545,721727.84383687,1301.0,-2.9869887677603285e-08,1302.0,ASK
900,1712455823.934084,723168.42593555,1301.0,-2.573178293577176e-07,1302.0,ASK
901,1712455823.977033,724128.45073982,1301.0,-1.7148033353370618e-07,1302.0,ASK
902,1712455824.0137055,725129.25774685,1301.0,-1.7876488045417876e-07,1302.0,ASK
903,1712455824.3838043,725663.84591003,1301.0,-9.548852916875501e-08,1302.0,ASK
904,1712455824.4643476,726200.19638645,1301.0,-9.580331485018489e-08,1302.0,ASK
905,1712455825.224027,726476.09677212,1301.0,-4.9281528921273273e-08,1302.0,ASK
906,1712455825.4039476,726686.09677212,1301.0,-3.75103537761823e-08,1302.0,ASK
907,1712455825.4673955,726688.09677212,1302.0,3.5724146453506945e-10,1302.0,BID
908,1712455825.7094457,727266.84153112,1301.0,-1.0337581264858201e-07,1302.0,ASK
909,1712455825.7237418,727266.8415319,1301.0,-1.3932107321364839e-16,1302.0,ASK
910,1712455825.9638605,727371.31747038,1300.0,-1.8661568635635186e-08,1302.0,ASK
1111,1712455826.814449,727611.2768324,1301.0,4.286171695846601e-08,1302.0,BID
911,1712455826.814449,727611.2768324,1301.0,4.2861716958466013e-08,1302.0,BID
912,1712455830.49991,727611.2768324,1301.0,0.0,1302.0,BID
913,1712455835.6850464,727688.1407832,1301.0,1.3656387826403055e-08,1302.0,BID
914,1712455838.1542234,727690.1407832,1302.0,3.5533921127554056e-10,1302.0,BID
915,1712455857.613763,727704.25248075,1302.0,2.507219738575855e-09,1302.0,BID
916,1712455860.76376,727704.25248075,1302.0,0.0,1302.0,BID
917,1712455864.7539349,727709.25765865,1302.0,8.89248870127701e-10,1302.0,BID
918,1712455869.6136725,727862.86748967,1302.0,2.7291211501772392e-08,1302.0,BID
919,1712455881.6155372,728257.61477398,1301.0,7.01330868884943e-08,1302.0,BID
920,1712455889.274167,728608.84875969,1301.0,6.24022624526728e-08,1302.0,BID
921,1712455889.2821,729114.25679535,1302.0,8.97937163546354e-08,1302.0,BID
922,1712455889.2882068,729427.61477398,1301.0,5.56729918506678e-08,1302.0,BID
923,1712455890.784012,729427.61477398,1301.0,0.0,1302.0,BID
924,1712455909.3851976,734244.66814106,1299.0,-8.554846992831063e-07,1302.0,ASK
925,1712455909.393721,734796.42054442,1299.0,-9.798848027985669e-08,1302.0,ASK
926,1712455910.1137743,735387.34014442,1299.0,-1.0494437943355097e-07,1302.0,ASK
927,1712455911.4337254,735389.34014442,1300.0,3.5519004424137176e-10,1302.0,BID
928,1712455920.243601,735395.34014442,1300.0,1.0655701327241155e-09,1302.0,BID
929,1712455920.52362,735395.34014442,1300.0,0.0,1302.0,BID
930,1712455924.6929743,735550.24004442,1299.0,-2.7471630111273964e-08,1302.0,ASK
931,1712455926.7938087,735552.24004442,1300.0,3.5470171525328287e-10,1302.0,BID
932,1712455947.1917477,736237.58044442,1299.0,-1.215457077061831e-07,1302.0,ASK
933,1712455949.483731,736239.58044442,1300.0,3.5470171525328287e-10,1302.0,BID
934,1712455950.5419822,736239.58044442,1300.0,0.0,1302.0,BID
935,1712455953.1739254,736239.58045703,1299.0,-2.235957877664104e-15,1302.0,ASK
936,1712455953.181024,736339.58044442,1299.0,-1.773163479872836e-08,1302.0,ASK
937,1712455956.9136176,736341.58044442,1300.0,3.5463274069372474e-10,1302.0,BID
938,1712455964.9639518,736370.48021365,1300.0,5.124402183733914e-09,1302.0,BID
939,1712455966.9139805,736370.48022626,1299.0,-2.235957877664104e-15,1302.0,ASK
940,1712455966.922086,736447.46252033,1299.0,-1.3650220965458737e-08,1302.0,ASK
941,1712455967.6591532,736547.46252033,1299.0,1.7731637034686237e-08,1302.0,BID
942,1712455971.9841175,736553.15559373,1299.0,1.00947511141752e-09,1302.0,BID
943,1712455977.4337716,737102.89075972,1299.0,9.747704428536925e-08,1302.0,BID
944,1712455977.933747,739394.27075972,1299.0,-4.062991846853944e-07,1302.0,ASK
945,1712455979.853908,739971.09075972,1299.0,-1.0227962874346808e-07,1302.0,ASK
946,1712455980.0439384,739973.09075972,1300.0,3.5463274069372474e-10,1302.0,BID
947,1712455980.7762582,739973.09075972,1300.0,0.0,1302.0,BID
948,1712455980.883811,740203.09075972,1299.0,-4.074772376446842e-08,1302.0,ASK
949,1712455981.5938716,740402.34665972,1299.0,-3.5300975528870016e-08,1302.0,ASK
950,1712455987.6436734,740404.34665972,1300.0,3.54328032734508e-10,1302.0,BID
951,1712456006.2338974,740404.34670179,1299.0,-7.453299485005191e-15,1302.0,ASK
952,1712456006.2419608,740515.42665972,1299.0,-1.9679371484788292e-08,1302.0,ASK
1152,1712456006.2419608,740515.42665972,1299.0,-1.967937148478829e-08,1302.0,ASK
953,1712456010.7640548,740515.42665972,1299.0,-0.0,1302.0,ASK
954,1712456010.793587,740517.42665972,1300.0,3.542838140756528e-10,1302.0,BID
955,1712456020.513751,740560.31128993,1299.0,-7.596665178011232e-09,1302.0,ASK
956,1712456031.6340747,740568.00359762,1299.0,1.3626300537151675e-09,1302.0,BID
957,1712456040.5040689,740568.00359762,1299.0,0.0,1302.0,BID
958,1712456070.215026,742670.09359762,1298.0,-3.723637262505782e-07,1302.0,ASK
959,1712456070.509473,742670.09359762,1298.0,-0.0,1302.0,ASK
960,1712456073.1441376,742672.09359762,1299.0,3.5410837722118527e-10,1302.0,BID
961,1712456083.5470405,743248.91359762,1298.0,-1.0212839707435297e-07,1302.0,ASK
962,1712456092.9541051,743359.99359762,1298.0,-1.9667179270877825e-08,1302.0,ASK
963,1712456094.5075665,745395.59157404,1298.0,-3.604111480524e-07,1302.0,ASK
964,1712456094.5144546,745636.71638143,1298.0,-4.26921571263281e-08,1302.0,ASK
965,1712456094.5183234,745744.42049762,1298.0,-1.906946490203592e-08,1302.0,ASK
966,1712456099.1239238,745746.42049762,1299.0,3.5410837722118527e-10,1302.0,BID
967,1712456100.555374,745746.42049762,1299.0,0.0,1302.0,BID
968,1712456105.8741033,745765.02776364,1299.0,3.2984833417176823e-09,1302.0,BID
969,1712456105.8805804,745900.38508576,1299.0,2.3994598223709986e-08,1302.0,BID
970,1712456121.3841858,745900.38512981,1298.0,-7.808667508669593e-15,1302.0,ASK
971,1712456121.3947802,746040.38512976,1298.0,-2.4817599059348696e-08,1302.0,ASK
972,1712456121.4170551,746040.38512981,1298.0,-8.853177340650169e-18,1302.0,ASK
973,1712456123.6840465,746042.38512981,1299.0,3.545371295457411e-10,1302.0,BID
974,1712456130.764063,746042.38512981,1299.0,0.0,1302.0,BID
975,1712456130.906966,746805.39668605,1298.0,1.3524874931920745e-07,1302.0,BID
976,1712456131.2638986,747221.03266447,1298.0,7.367417412442224e-08,1302.0,BID
977,1712456138.7050598,747348.11509898,1298.0,2.2526186120450093e-08,1302.0,BID
978,1712456160.5338569,747348.11509898,1298.0,0.0,1302.0,BID
979,1712456170.635179,747545.12061513,1297.0,-3.4910018352439615e-08,1302.0,ASK
980,1712456170.8039403,747871.04126227,1298.0,5.7754198945513483e-08,1302.0,BID
981,1712456171.0240734,748671.04126227,1297.0,-1.4176260252876546e-07,1302.0,ASK
982,1712456173.4753485,748673.04126227,1298.0,3.544065063219136e-10,1302.0,BID
983,1712456175.1183803,749034.09961156,1297.0,-6.398071407512149e-08,1302.0,ASK
984,1712456175.1238213,749239.81046227,1297.0,-3.6452631956328646e-08,1302.0,ASK
985,1712456177.583804,749484.23557906,1297.0,-4.331292584943354e-08,1302.0,ASK
986,1712456177.593704,750642.67276227,1297.0,-2.052788374474145e-07,1302.0,ASK
987,1712456181.0039551,750644.67276227,1298.0,3.544065063219136e-10,1302.0,BID
988,1712456190.5039678,750644.67276227,1298.0,0.0,1302.0,BID
1189,1712456197.5641134,750875.79756966,1298.0,4.0925058227445144e-08,1302.0,BID
989,1712456197.5641134,750875.79756966,1298.0,4.092505822744514e-08,1302.0,BID
990,1712456198.7131162,751806.70784223,1297.0,-1.648354304311504e-07,1302.0,ASK
991,1712456198.7176244,752157.94176966,1297.0,-6.219267024534406e-08,1302.0,ASK
992,1712456200.874125,752159.94176966,1298.0,3.5413817053728875e-10,1302.0,BID
993,1712456220.7239408,752159.94176966,1298.0,0.0,1302.0,BID
994,1712456222.6840026,752280.54446966,1297.0,-2.1347580046908667e-08,1302.0,ASK
995,1712456224.958608,752282.54446966,1298.0,3.5401496064184947e-10,1302.0,BID
996,1712456229.0838635,752321.06527089,1298.0,6.818469965662735e-09,1302.0,BID
997,1712456233.4642253,753092.07520366,1297.0,-1.3647452550201057e-07,1302.0,ASK
998,1712456233.4725957,753092.07527089,1297.0,-1.19002272724517e-14,1302.0,ASK
1198,1712456233.4725957,753092.07527089,1297.0,-1.1900227272451701e-14,1302.0,ASK
999,1712456235.6439,753094.07527089,1298.0,3.5401496064184947e-10,1302.0,BID
1000,1712456242.9196396,753351.69508052,1297.0,-4.560063338335865e-08,1302.0,ASK
1201,1712456242.9295022,753351.69517089,1297.0,-1.5996157979090335e-14,1302.0,ASK
1202,1712456244.8288183,753353.69517089,1298.0,3.5401496064184947e-10,1302.0,BID
1203,1712456250.7708678,753353.69517089,1298.0,0.0,1302.0,BID
1204,1712456280.4959383,753353.69517089,1298.0,0.0,1302.0,BID
1205,1712456281.3339102,753469.34665253,1297.0,-2.0465568398241603e-08,1302.0,ASK
1206,1712456281.343706,753469.34668371,1297.0,-5.517577734661743e-15,1302.0,ASK
1207,1712456286.4589686,753739.20018371,1297.0,-4.7753000510123e-08,1302.0,ASK
1208,1712456287.2241716,753741.20018371,1298.0,3.539179629697492e-10,1302.0,BID
1209,1712456289.5041716,753741.20021363,1297.0,-5.2946159604947436e-15,1302.0,ASK
1210,1712456310.477127,753741.20021363,1297.0,-0.0,1302.0,ASK
1211,1712456321.373854,753743.20021363,1299.0,3.5388648870058904e-10,1302.0,BID
1212,1712456324.7040248,753790.06740051,1296.0,-8.292832100113801e-09,1302.0,ASK
1213,1712456329.9240673,753792.06740051,1299.0,3.5388648870058904e-10,1302.0,BID
1214,1712456340.0939178,753971.50740051,1297.0,-3.175069576622756e-08,1302.0,ASK
1215,1712456340.725317,753971.50740051,1297.0,-0.0,1302.0,ASK
1216,1712456342.203957,753973.50740051,1298.0,3.5386778765148154e-10,1302.0,BID
1217,1712456344.0551808,754565.07742351,1297.0,-1.0466878763997437e-07,1302.0,ASK
1218,1712456344.133785,754565.07742364,1297.0,-2.2987162870067018e-17,1302.0,ASK
1219,1712456348.9340034,756065.07742364,1297.0,-2.654008407386112e-07,1302.0,ASK
1220,1712456350.1138506,756796.08922364,1297.0,-1.2934076420658041e-07,1302.0,ASK
1221,1712456350.1169033,756798.08922364,1298.0,3.5386778765148154e-10,1302.0,BID
1222,1712456350.4716296,759992.16372364,1297.0,-5.651400384545039e-07,1302.0,ASK
1223,1712456351.9637396,766369.71512364,1297.0,-1.128405002275804e-06,1302.0,ASK
1224,1712456355.0786507,766464.16372364,1297.0,-1.6711158564390454e-08,1302.0,ASK
1225,1712456356.5571878,768327.07372364,1297.0,-3.296119201468959e-07,1302.0,ASK
1226,1712456356.8037837,769794.37372364,1297.0,-2.5961510241051765e-07,1302.0,ASK
1227,1712456357.364024,780602.23332264,1297.0,-1.912276682772972e-06,1302.0,ASK
1228,1712456357.383762,780602.23332294,1297.0,-5.3080572326310676e-17,1302.0,ASK
1229,1712456358.6836834,780604.23332294,1298.0,3.5386778765148154e-10,1302.0,BID
1230,1712456360.753865,780610.39665113,1298.0,1.09050165560058e-09,1302.0,BID
1231,1712456370.781955,780610.39665113,1298.0,0.0,1302.0,BID
1232,1712456377.2138932,781235.39665113,1298.0,1.099117730445943e-07,1302.0,BID
1233,1712456377.2238853,784462.4767744,1298.0,5.675105569689052e-07,1302.0,BID
1234,1712456400.541632,784462.4767744,1298.0,0.0,1302.0,BID
1235,1712456411.7438774,784493.21231796,1297.0,-5.4214681046089715e-09,1302.0,ASK
1236,1712456411.753824,784556.9566744,1297.0,-1.1243920076239247e-08,1302.0,ASK
1237,1712456414.67404,784558.9566744,1298.0,3.5278166426598833e-10,1302.0,BID
1238,1712456430.5612395,784558.9566744,1298.0,0.0,1302.0,BID
1239,1712456447.4069502,784589.75791476,1298.0,5.432936497063807e-09,1302.0,BID
1240,1712456460.770861,784589.75791476,1298.0,0.0,1302.0,BID
1241,1712456490.763991,784589.75791476,1298.0,0.0,1302.0,BID
1242,1712456497.9272096,784811.35791476,1297.0,-3.9087069988725946e-08,1302.0,ASK
1243,1712456501.1738312,784813.35791476,1298.0,3.5277138978998236e-10,1302.0,BID
1244,1712456513.9438832,784890.39951722,1298.0,1.3589036585725296e-08,1302.0,BID
1245,1712456515.164208,785843.59353563,1298.0,1.6812978930700628e-07,1302.0,BID
1246,1712456515.1675818,788969.99999801,1298.0,5.514533763910811e-07,1302.0,BID
1247,1712456515.2639775,790433.67999801,1298.0,-2.581722139039098e-07,1302.0,ASK
1248,1712456516.7537055,790530.67999801,1298.0,-1.7109412404814152e-08,1302.0,ASK
1249,1712456520.496535,790530.67999801,1298.0,-0.0,1302.0,ASK
1250,1712456520.6742597,790670.55999801,1298.0,-2.4639318402240583e-08,1302.0,ASK
1251,1712456522.8538857,790861.94239801,1298.0,-3.3711266015047655e-08,1302.0,ASK
1252,1712456524.1038842,790963.01629801,1298.0,-1.780377469441765e-08,1302.0,ASK
1253,1712456525.8639596,791485.49249801,1298.0,-9.203215219754888e-08,1302.0,ASK
1254,1712456527.4938197,791539.49249801,1298.0,-9.51189014670394e-09,1302.0,ASK
1255,1712456527.5166008,791760.89249801,1298.0,-3.899874960146975e-08,1302.0,ASK
1256,1712456529.124853,791871.98249801,1298.0,-1.9568071785150705e-08,1302.0,ASK
1257,1712456529.843994,791873.98249801,1299.0,3.522922276557015e-10,1302.0,BID
1258,1712456530.7040098,792454.33249801,1298.0,-1.022263971599891e-07,1302.0,ASK
1259,1712456532.2137787,793034.68249801,1298.0,-1.022263971599891e-07,1302.0,ASK
1260,1712456533.1139116,793138.14319801,1298.0,-1.8224200238918665e-08,1302.0,ASK
1261,1712456533.6937702,794077.84319801,1298.0,-1.6552450316402318e-07,1302.0,ASK
1262,1712456535.1840594,794172.17699801,1298.0,-1.6616532272617613e-08,1302.0,ASK
1263,1712456536.7139072,794752.52699801,1298.0,-1.022263971599891e-07,1302.0,ASK
1264,1712456538.1938045,795332.87699801,1298.0,-1.022263971599891e-07,1302.0,ASK
1265,1712456539.7098243,797132.89699801,1298.0,-3.170665278124112e-07,1302.0,ASK
1266,1712456539.8039446,797134.89699801,1299.0,3.522922276557015e-10,1302.0,BID
1267,1712456540.9437883,797505.96230601,1298.0,-6.536171198052764e-08,1302.0,ASK
1268,1712456541.584309,797505.96230612,1298.0,-1.937827067069232e-17,1302.0,ASK
1269,1712456548.4765272,797507.96230612,1299.0,3.522922276557015e-10,1302.0,BID
1270,1712456550.5203187,797507.96230612,1299.0,0.0,1302.0,BID
1271,1712456576.9840252,797584.94460019,1298.0,1.3538534309229074e-08,1302.0,BID
1272,1712456580.759422,797584.94460019,1298.0,0.0,1302.0,BID
1273,1712456585.4739945,797586.94460019,1299.0,3.51724940495709e-10,1302.0,BID
1274,1712456586.4138978,797971.12230019,1298.0,-6.756243933613925e-08,1302.0,ASK
1275,1712456586.823717,798948.9182367,1299.0,1.7195760879295716e-07,1302.0,BID
1276,1712456606.0540595,799072.02835215,1299.0,2.165044901553416e-08,1302.0,BID
1277,1712456610.75414,799072.02835215,1299.0,0.0,1302.0,BID
1278,1712456615.3243268,799110.51949918,1299.0,6.766849840151947e-09,1302.0,BID
1279,1712456624.115306,799645.21949918,1298.0,-9.400173517058869e-08,1302.0,ASK
1280,1712456627.184088,799647.21949918,1299.0,3.5160551775050247e-10,1302.0,BID
1281,1712456635.1542182,799868.61949918,1298.0,-3.892273081498473e-08,1302.0,ASK
1282,1712456636.7645452,799870.61949918,1299.0,3.5160551775050247e-10,1302.0,BID
1283,1712456640.5041013,799870.61949918,1299.0,0.0,1302.0,BID
1284,1712456643.2469149,799986.18190287,1298.0,-2.0312487652016743e-08,1302.0,ASK
1285,1712456644.3140252,804480.6045024,1298.0,-7.899879254920376e-07,1302.0,ASK
1286,1712456645.777815,804482.6045024,1299.0,3.515414529887046e-10,1302.0,BID
1287,1712456648.124467,805077.8035024,1298.0,-1.0461856063871592e-07,1302.0,ASK
1288,1712456652.264293,805206.62233073,1298.0,-2.2642579041699463e-08,1302.0,ASK
1289,1712456652.2677364,805658.1535024,1298.0,-7.93659620792938e-08,1302.0,ASK
1290,1712456653.7440526,806427.59172401,1299.0,1.352447152048978e-07,1302.0,BID
1291,1712456653.8641598,806429.59172401,1299.0,3.515414529887046e-10,1302.0,BID
1292,1712456655.3140028,806813.82742401,1298.0,-6.753738813407962e-08,1302.0,ASK
1293,1712456661.360905,806815.82742401,1299.0,3.515414529887046e-10,1302.0,BID
1294,1712456667.0345728,806980.53237179,1298.0,-2.8950308328505456e-08,1302.0,ASK
1295,1712456667.0381892,807619.42742401,1298.0,-1.1229904748235197e-07,1302.0,ASK
1296,1712456670.0246491,807621.42742401,1299.0,3.515414529887046e-10,1302.0,BID
1297,1712456670.4847696,807621.42742401,1299.0,0.0,1302.0,BID
1298,1712456670.8542645,807652.20495287,1299.0,5.400238358240885e-09,1302.0,BID
1299,1712456679.0845754,808047.62171238,1298.0,-6.937999349812732e-08,1302.0,ASK
1300,1712456681.7139716,808049.62171238,1298.0,3.509208541596113e-10,1302.0,BID
1301,1712456691.9342458,808145.87556446,1298.0,1.6888741994028273e-08,1302.0,BID
1302,1712456700.5383992,808145.87556446,1298.0,0.0,1302.0,BID
1303,1712456705.627278,808150.11285259,1298.0,7.44919365268034e-10,1302.0,BID
1304,1712456712.854124,808152.11285259,1299.0,3.51601940862493e-10,1302.0,BID
1305,1712456717.414006,808807.56997345,1299.0,1.1522999792325805e-07,1302.0,BID
1306,1712456730.536347,808807.56997345,1299.0,0.0,1302.0,BID
1307,1712456741.904522,808999.72046989,1297.0,-3.3775140069278515e-08,1302.0,ASK
1308,1712456741.908243,809672.52245454,1297.0,-1.182613716407227e-07,1302.0,ASK
1309,1712456743.7342684,809674.52245454,1299.0,3.5154881923319427e-10,1302.0,BID
1310,1712456750.1547718,810444.34539526,1299.0,1.3531517291437284e-07,1302.0,BID
1311,1712456757.459623,810791.675964,1299.0,6.105182566207532e-08,1302.0,BID
1312,1712456760.774447,810791.675964,1299.0,0.0,1302.0,BID
1313,1712456790.7554336,810791.675964,1299.0,0.0,1302.0,BID
1314,1712456799.242632,811176.58743436,1299.0,6.762696978375369e-08,1302.0,BID
1315,1712456820.4906182,811176.58743436,1299.0,0.0,1302.0,BID
1316,1712456847.764351,812035.46977148,1299.0,1.5088796329723428e-07,1302.0,BID
1317,1712456850.509085,812035.46977148,1299.0,0.0,1302.0,BID
1318,1712456853.3644178,812135.46977148,1299.0,1.7564500748162982e-08,1302.0,BID
1319,1712456870.7842245,813135.46977148,1299.0,1.7564500748162982e-07,1302.0,BID
1320,1712456880.7969568,813135.46977148,1299.0,0.0,1302.0,BID
1321,1712456881.434111,813173.95180273,1298.0,-6.7574806800533865e-09,1302.0,ASK
1322,1712456888.73421,813175.95180273,1299.0,3.5120187061587603e-10,1302.0,BID
1323,1712456891.185537,813982.2853565,1299.0,1.415929262121811e-07,1302.0,BID
1324,1712456907.504198,814442.62658051,1299.0,8.0836349496975e-08,1302.0,BID
1325,1712456910.8243394,814442.62658051,1299.0,0.0,1302.0,BID
1326,1712456940.5477045,814442.62658051,1299.0,0.0,1302.0,BID
1327,1712456948.2842736,814450.32480991,1299.0,1.35141334132668e-09,1302.0,BID
1328,1712456970.4851754,814450.32480991,1299.0,0.0,1302.0,BID
1329,1712456974.5842664,814588.93039155,1298.0,-2.4331972152662657e-08,1302.0,ASK
1330,1712456974.5888438,815107.61854291,1298.0,-9.105481543734289e-08,1302.0,ASK
1331,1712456981.8141866,815146.09160222,1298.0,6.753879581779864e-09,1302.0,BID
1332,1712456982.4742675,815543.94110578,1297.0,-6.984179805053775e-08,1302.0,ASK
1333,1712456982.4764607,816927.15654325,1297.0,-2.428210978767729e-07,1302.0,ASK
1334,1712456982.4784532,817369.03302125,1297.0,-7.757065790861486e-08,1302.0,ASK
1335,1712456984.7841113,817371.03302125,1298.0,3.5109657006273636e-10,1302.0,BID
1336,1712457000.2831683,817414.24670195,1298.0,7.586087536766429e-09,1302.0,BID
1337,1712457000.2877505,818140.12017573,1299.0,1.2742584347184024e-07,1302.0,BID
1338,1712457000.604751,818140.12017573,1299.0,0.0,1302.0,BID
1339,1712457000.8047204,818380.21314411,1297.0,-4.2536895642486324e-08,1302.0,ASK
1340,1712457004.4340734,818382.21314411,1299.0,3.543368715001131e-10,1302.0,BID
1341,1712457009.7940688,818482.17465296,1299.0,1.7710024158167272e-08,1302.0,BID
1342,1712457030.618868,818482.17465296,1299.0,0.0,1302.0,BID
1343,1712457047.3940213,818681.42176612,1299.0,3.5297523711652935e-08,1302.0,BID
1344,1712457049.2846758,818700.11040004,1297.0,-3.310775691899098e-09,1302.0,ASK
1345,1712457049.2887225,818835.26442334,1297.0,-2.394314410128549e-08,1302.0,ASK
1346,1712457053.2140071,818837.26442334,1299.0,3.543090100714564e-10,1302.0,BID
1347,1712457060.78788,818837.26442334,1299.0,0.0,1302.0,BID
1348,1712457090.7659683,818837.26442334,1299.0,0.0,1302.0,BID
1349,1712457120.5118778,818837.26442334,1299.0,0.0,1302.0,BID
1350,1712457129.2810152,819291.17526622,1299.0,8.040578475917707e-08,1302.0,BID
1351,1712457134.255687,820209.72138192,1299.0,1.6271129546441977e-07,1302.0,BID
1352,1712457134.9939723,820375.87076558,1298.0,-2.943170842905413e-08,1302.0,ASK
1353,1712457134.9970365,820945.40295992,1298.0,-1.008869555549026e-07,1302.0,ASK
1354,1712457135.0451543,820945.40296013,1298.0,-3.7201753787533057e-17,1302.0,ASK
1355,1712457150.5577214,820945.40296013,1298.0,-0.0,1302.0,ASK
1356,1712457156.0460298,821176.34984234,1298.0,4.08901097205649e-08,1302.0,BID
1357,1712457159.984108,821264.85924141,1298.0,1.5670958640547218e-08,1302.0,BID
1358,1712457163.1440945,821344.51324757,1298.0,1.410307435370743e-08,1302.0,BID
1359,1712457166.9564955,821416.19783924,1298.0,1.2692056245178858e-08,1302.0,BID
1360,1712457180.7341812,821416.19783924,1298.0,0.0,1302.0,BID
1361,1712457182.71387,821577.47923369,1298.0,2.8552454981290524e-08,1302.0,BID
1362,1712457186.5675294,821600.40296013,1298.0,4.058302381469781e-09,1302.0,BID
1363,1712457186.5704732,821698.42010426,1298.0,1.735246712560572e-08,1302.0,BID
1364,1712457194.834317,826125.81557889,1298.0,7.838040488479222e-07,1302.0,BID
1365,1712457194.8419347,826510.83108346,1298.0,6.81612277648161e-08,1302.0,BID
1366,1712457196.5639737,827130.15928291,1298.0,-1.0964278051876508e-07,1302.0,ASK
1367,1712457197.063924,827135.54804349,1299.0,9.539993400330922e-10,1302.0,BID
1368,1712457201.3444374,827390.59052962,1298.0,-4.515145177392753e-08,1302.0,ASK
1369,1712457201.6640253,827489.09464844,1299.0,1.7438678699878103e-08,1302.0,BID
1370,1712457201.668109,827775.50199998,1299.0,5.0704131366437174e-08,1302.0,BID
1371,1712457206.744162,827837.17005232,1299.0,1.0917404913490344e-08,1302.0,BID
1372,1712457207.7247622,827905.74670871,1298.0,-1.2140469773464614e-08,1302.0,ASK
1373,1712457209.754958,828252.26066282,1298.0,6.134510498780277e-08,1302.0,BID
1374,1712457210.8042283,828252.26066282,1298.0,0.0,1302.0,BID
1375,1712457221.9041772,829410.30827058,1297.0,-2.0469341915020737e-07,1302.0,ASK
1376,1712457233.2640567,829412.30827058,1298.0,3.5351468761484327e-10,1302.0,BID
1377,1712457240.4539397,829514.30133683,1298.0,1.802802347712392e-08,1302.0,BID
1378,1712457240.5061257,829514.30133683,1298.0,0.0,1302.0,BID
1379,1712457244.97411,829616.19183996,1298.0,1.8004685098028996e-08,1302.0,BID
1380,1712457270.554016,829616.19183996,1298.0,0.0,1302.0,BID
1381,1712457274.665122,830662.96121336,1298.0,1.849663307130716e-07,1302.0,BID
1382,1712457286.1043377,830778.52361705,1298.0,2.042011767072293e-08,1302.0,BID
1383,1712457292.2640932,830973.69721233,1297.0,-3.4487581207836216e-08,1302.0,ASK
1384,1712457295.1339204,831461.36543524,1298.0,8.617199173878701e-08,1302.0,BID
1385,1712457295.3339562,831463.36543524,1299.0,3.534041698455533e-10,1302.0,BID
1386,1712457300.7537863,831463.36543524,1299.0,0.0,1302.0,BID
1387,1712457330.777374,831463.36543524,1299.0,0.0,1302.0,BID
1388,1712457334.9042044,831980.68353138,1299.0,9.20489559137784e-08,1302.0,BID
1389,1712457334.908648,832531.7973059,1299.0,9.806238736433728e-08,1302.0,BID
1390,1712457346.2841196,832693.6973059,1298.0,-2.8807664130907067e-08,1302.0,ASK
1391,1712457348.629644,833584.96113229,1298.0,-1.585869608564793e-07,1302.0,ASK
1392,1712457348.6319883,833737.02792735,1298.0,-2.7057993561168063e-08,1302.0,ASK
1393,1712457348.775503,833775.9973059,1298.0,-6.934013395040842e-09,1302.0,ASK
1394,1712457360.525114,833775.9973059,1298.0,-0.0,1302.0,ASK
1395,1712457373.4640014,833777.9973059,1299.0,3.556798023310169e-10,1302.0,BID
1396,1712457381.6379027,834897.27762155,1298.0,-1.990527007117031e-07,1302.0,ASK
1397,1712457382.7701936,835467.38667785,1298.0,-1.0138813822595649e-07,1302.0,ASK
1398,1712457385.3351676,835866.46301726,1298.0,-7.097169675815299e-08,1302.0,ASK
1399,1712457386.802711,836419.15222143,1298.0,-9.829019344483977e-08,1302.0,ASK
1400,1712457386.8138266,836421.15222143,1299.0,3.556798023310169e-10,1302.0,BID
1401,1712457389.9639404,836538.355082,1298.0,-2.084334514009204e-08,1302.0,ASK
1402,1712457390.4796789,836538.355082,1298.0,-0.0,1302.0,ASK
1403,1712457394.644018,836540.355082,1299.0,3.5545314661528873e-10,1302.0,BID
1404,1712457398.632611,836690.80292993,1298.0,-2.6738580474111324e-08,1302.0,ASK
1405,1712457398.6346698,836768.3207261,1298.0,-1.3776972283648578e-08,1302.0,ASK
1406,1712457402.6051595,836770.3207261,1299.0,3.5545314661528873e-10,1302.0,BID
1407,1712457406.754276,836803.64114256,1298.0,-5.921923438627702e-09,1302.0,ASK
1408,1712457406.7586453,836867.90752374,1298.0,-1.142184370598898e-08,1302.0,ASK
1409,1712457411.3678205,836869.90752374,1299.0,3.5545314661528873e-10,1302.0,BID
1410,1712457420.784301,836869.90752374,1299.0,0.0,1302.0,BID
1411,1712457450.7987838,836869.90752374,1299.0,0.0,1302.0,BID
1412,1712457480.514021,836869.90752374,1299.0,0.0,1302.0,BID
1413,1712457510.5437255,836869.90752374,1299.0,0.0,1302.0,BID
1414,1712457511.807011,836906.024695,1298.0,-6.418490157138912e-09,1302.0,ASK
1415,1712457511.8096406,837091.60752374,1298.0,-3.298047765216007e-08,1302.0,ASK
1416,1712457514.194482,837355.33281108,1299.0,4.686740688499543e-08,1302.0,BID
1417,1712457514.1994832,839765.70311643,1299.0,4.283540914250893e-07,1302.0,BID
1418,1712457514.4938655,839842.6854105,1299.0,1.3680752936182548e-08,1302.0,BID
1419,1712457520.9241476,839850.38571866,1298.0,-1.3684447149953702e-09,1302.0,ASK
1420,1712457520.9267426,841336.52208231,1298.0,-2.641057228311236e-07,1302.0,ASK
1421,1712457526.2677767,841413.50437638,1298.0,-1.368075293616186e-08,1302.0,ASK
1422,1712457526.2708352,841726.86235501,1298.0,-5.5687780391638824e-08,1302.0,ASK
1423,1712457526.2742584,841741.66859537,1298.0,-2.631261106544776e-09,1302.0,ASK
1424,1712457527.438559,841743.66859537,1298.0,3.5542596129261677e-10,1302.0,BID
1425,1712457539.0896842,841820.71019784,1298.0,1.3691292808708269e-08,1302.0,BID
1426,1712457540.7556388,841820.71019784,1298.0,0.0,1302.0,BID
1427,1712457556.9139545,842614.5682765,1298.0,1.4091788700305253e-07,1302.0,BID
1428,1712457558.5046823,842773.1260577,1298.0,2.8145619595278133e-08,1302.0,BID
1429,1712457563.4439306,842893.42112703,1298.0,2.1353598889472545e-08,1302.0,BID
1430,1712457564.967118,843243.34336653,1297.0,-6.211475820583527e-08,1302.0,ASK
1431,1712457566.8740082,843245.34336653,1298.0,3.5502035134773715e-10,1302.0,BID
1432,1712457570.754156,843245.34336653,1298.0,0.0,1302.0,BID
1433,1712457583.4540105,845043.56736358,1297.0,-3.190983343110802e-07,1302.0,ASK
1434,1712457585.5640066,845049.34993875,1297.0,-1.026129174016542e-09,1302.0,ASK
1435,1712457586.1533215,845051.34993875,1298.0,3.5490387719724527e-10,1302.0,BID
1436,1712457596.8041751,845880.45089403,1298.0,1.4712557180840768e-07,1302.0,BID
1437,1712457600.6046886,845880.45089403,1298.0,0.0,1302.0,BID
1438,1712457606.1049497,845934.45089403,1298.0,-9.612482125592373e-09,1302.0,ASK
1439,1712457609.2542222,845936.45089403,1299.0,3.5601785650342107e-10,1302.0,BID
1440,1712457615.3745296,846058.76643193,1299.0,2.1773257810104327e-08,1302.0,BID
1441,1712457615.3790965,846061.13619041,1299.0,4.2183816723942887e-10,1302.0,BID
1442,1712457630.476282,846061.13619041,1299.0,0.0,1302.0,BID
1443,1712457643.747161,846099.99138671,1299.0,6.916282951011876e-09,1302.0,BID
1444,1712457643.864943,846193.82065251,1299.0,1.6701749396634032e-08,1302.0,BID
1445,1712457643.869302,846269.28622889,1299.0,1.3432985263418974e-08,1302.0,BID
1446,1712457650.6839905,850139.25758752,1299.0,6.888606795849175e-07,1302.0,BID
1447,1712457650.687462,850322.75347367,1299.0,3.266254168842826e-08,1302.0,BID
1448,1712457656.2239337,850324.75347367,1300.0,3.5600298593876947e-10,1302.0,BID
1449,1712457660.753955,850324.75347367,1300.0,0.0,1302.0,BID
1450,1712457666.2842655,850332.44578136,1300.0,1.3678937141767421e-09,1302.0,BID
1451,1712457666.474034,850370.9369284,1300.0,6.84473375337337e-09,1302.0,BID
1452,1712457666.9161916,850380.36682883,1300.0,1.6768831985548422e-09,1302.0,BID
1453,1712457679.3967564,851823.25682883,1299.0,-2.5658362103787655e-07,1302.0,ASK
1454,1712457690.7642567,851823.25682883,1299.0,-0.0,1302.0,ASK
1455,1712457692.563989,852322.94920461,1299.0,-8.882763936556189e-08,1302.0,ASK
1456,1712457696.3567946,852624.43781737,1300.0,5.3594017169614336e-08,1302.0,BID
1457,1712457696.387972,853091.41266518,1300.0,8.301161951752405e-08,1302.0,BID
1458,1712457699.713989,853129.87420364,1300.0,6.837101851786111e-09,1302.0,BID
1459,1712457708.2746818,853351.47420364,1299.0,-3.939264603083344e-08,1302.0,ASK
1460,1712457708.8381484,853763.25491852,1299.0,-7.320005389707658e-08,1302.0,ASK
1461,1712457715.1276507,853984.95491852,1299.0,-3.941042249564466e-08,1302.0,ASK
1462,1712457720.642883,853984.95491852,1299.0,-0.0,1302.0,ASK
1463,1712457726.361612,854828.20487561,1299.0,-1.498252219889273e-07,1302.0,ASK
1464,1712457726.3652346,855427.72491852,1299.0,-1.0652028234401104e-07,1302.0,ASK
1465,1712457741.0576062,855435.66662411,1300.0,1.4110499419392e-09,1302.0,BID
1466,1712457747.2540405,855481.66662411,1299.0,-8.17309286949064e-09,1302.0,ASK
1467,1712457748.944018,858382.39245638,1300.0,5.153891655668083e-07,1302.0,BID
1468,1712457748.9479754,859320.13508218,1300.0,1.66614294964001e-07,1302.0,BID
1469,1712457750.4942396,859320.13508218,1300.0,0.0,1302.0,BID
1470,1712457755.1838508,859343.21200525,1300.0,4.095168366766337e-09,1302.0,BID
1471,1712457757.533763,859350.90431294,1300.0,1.365056122241673e-09,1302.0,BID
1472,1712457757.8167007,859546.70644107,1300.0,3.4746516198492296e-08,1302.0,BID
1473,1712457757.8198318,859568.70644107,1300.0,3.904060510820135e-09,1302.0,BID
1474,1712457757.8228245,860120.13508217,1300.0,9.785503555699873e-08,1302.0,BID
1475,1712457758.943963,860184.12722134,1300.0,1.1355871978922444e-08,1302.0,BID
1476,1712457758.947646,860350.90431293,1300.0,2.9595811699359524e-08,1302.0,BID
1477,1712457759.4839678,861315.31585139,1300.0,1.711418637946005e-07,1302.0,BID
1478,1712457760.363757,861546.08508215,1300.0,4.095168367828197e-08,1302.0,BID
1479,1712457762.5440152,861623.00815907,1300.0,1.3650561226114648e-08,1302.0,BID
1480,1712457762.7441175,861699.93123599,1300.0,1.3650561226093991e-08,1302.0,BID
