,time,acc_trade_volume,trade_price,dev,high,ask_bid
0,1712451675.1314554,2268108.91163188,2972.0,0.0,3037.0,BID
1,1712451686.5205567,2268204.29110754,2967.0,-1.2786208322668302e-09,3037.0,ASK
2,1712451686.7992766,2268253.9151404,2972.0,6.65240836741095e-10,3037.0,BID
3,1712451690.1297526,2268253.9151404,2972.0,0.0,3037.0,BID
4,1712451694.8096478,2268317.62849631,2972.0,-8.54084487917684e-10,3037.0,ASK
5,1712451695.179266,2268601.97036485,2973.0,3.811633773118144e-09,3037.0,BID
6,1712451695.2495682,2268889.08343385,2973.0,-3.848782017663048e-09,3037.0,ASK
7,1712451695.2599325,2268889.08343483,2973.0,-1.3133673730010759e-17,3037.0,ASK
8,1712451710.7897248,2268977.77186372,2972.0,-1.1888780663141546e-09,3037.0,ASK
9,1712451711.169675,2269007.8755275,2973.0,4.035428976699293e-10,3037.0,BID
10,1712451711.1793368,2270818.19788623,2973.0,2.4267568748143532e-08,3037.0,BID
11,1712451713.4698596,2271036.97344423,2973.0,-2.932710226206776e-09,3037.0,ASK
12,1712451720.0893538,2271036.97344423,2973.0,-0.0,3037.0,ASK
13,1712451723.9304345,2271140.93727658,2972.0,-1.3934919610907151e-09,3037.0,ASK
14,1712451723.9314432,2271412.07819451,2973.0,-3.634270504637437e-09,3037.0,ASK
15,1712451723.9324098,2272045.71587828,2972.0,-8.493040306601904e-09,3037.0,ASK
16,1712451723.933376,2272045.71587866,2973.0,-5.09310325102645e-18,3037.0,ASK
17,1712451728.5694647,2272050.71587866,2974.0,6.701811243354742e-11,3037.0,BID
18,1712451728.570834,2272401.66294818,2974.0,4.703962032664821e-09,3037.0,BID
19,1712451733.7298489,2272460.38176118,2975.0,7.870448023167564e-10,3037.0,BID
20,1712451735.0710242,2272460.38176193,2975.0,1.0055133991916188e-17,3037.0,BID
21,1712451735.072713,2272779.49850532,2975.0,4.2773203575874726e-09,3037.0,BID
22,1712451737.7455964,2272809.49850532,2974.0,-4.021086746012845e-10,3037.0,ASK
23,1712451741.069567,2272829.05476991,2975.0,2.6212478781464916e-10,3037.0,BID
24,1712451746.879316,2273072.98154601,2975.0,3.26950242124384e-09,3037.0,BID
25,1712451746.8897264,2273945.5944199,2974.0,-1.1696173538663812e-08,3037.0,ASK
26,1712451746.9491434,2273971.27634691,2975.0,3.442308543726152e-10,3037.0,BID
27,1712451747.0100932,2274155.67374186,2975.0,2.4715930694429517e-09,3037.0,BID
28,1712451747.2991865,2274202.68553008,2975.0,6.30128261727957e-10,3037.0,BID
29,1712451748.1594963,2274351.73302314,2975.0,1.997776329568293e-09,3037.0,BID
30,1712451748.559487,2275044.23202653,2975.0,9.281995213860104e-09,3037.0,BID
31,1712451748.5609825,2275052.06738792,2975.0,1.0502222611727874e-10,3037.0,BID
32,1712451748.7203991,2275098.98561533,2975.0,-6.288742079484739e-10,3037.0,ASK
33,1712451748.722329,2275125.61505992,2975.0,-3.5693102231918347e-10,3037.0,ASK
34,1712451748.7391536,2275125.61506078,2975.0,-1.152813934392874e-17,3037.0,ASK
35,1712451750.0893106,2275125.61506078,2975.0,-0.0,3037.0,ASK
36,1712451779.0564156,2275247.32499006,2975.0,-1.6310881037490071e-09,3037.0,ASK
37,1712451779.0578198,2275900.32499006,2978.0,8.751139188471067e-09,3037.0,BID
38,1712451779.0591924,2276071.91576005,2978.0,2.299563111237945e-09,3037.0,BID
39,1712451779.0645185,2278020.63726994,2978.0,-2.61156710147264e-08,3037.0,ASK
40,1712451779.0700848,2278320.67716555,2978.0,-4.020966138709071e-09,3037.0,ASK
41,1712451779.077161,2278324.03846555,2975.0,-4.504625444734536e-11,3037.0,ASK
42,1712451779.0779848,2279972.89122394,2975.0,-2.209699845323805e-08,3037.0,ASK
43,1712451779.078786,2279980.45450112,2975.0,-1.0135879222323904e-10,3037.0,ASK
44,1712451779.079594,2280768.20727754,2975.0,-1.0557020202998136e-08,3037.0,ASK
45,1712451779.1592555,2280879.20927454,2974.0,-1.487586410330596e-09,3037.0,ASK
46,1712451779.239581,2280879.20927485,2974.0,-4.1499531118559066e-18,3037.0,ASK
47,1712451780.1291888,2280879.20927485,2974.0,-0.0,3037.0,ASK
48,1712451789.0094776,2280980.04961085,2974.0,-1.351095442797215e-09,3037.0,ASK
49,1712451789.0292947,2280980.04961098,2974.0,-1.740708631156189e-18,3037.0,ASK
50,1712451795.159413,2280982.07461098,2974.0,2.7131685401816613e-11,3037.0,BID
51,1712451797.039556,2281017.06675097,2974.0,4.688373992936767e-10,3037.0,BID
52,1712451797.1192758,2281147.82092397,2974.0,-1.751891894397407e-09,3037.0,ASK
53,1712451797.1393654,2281147.8209241,2974.0,-1.740708631156189e-18,3037.0,ASK
54,1712451801.2820272,2281147.82092452,2974.0,-5.6276673308347055e-18,3037.0,ASK
55,1712451801.2839017,2281517.73047352,2974.0,-4.956182473453104e-09,3037.0,ASK
56,1712451801.4616573,2281754.41408152,2974.0,-3.1711729337511383e-09,3037.0,ASK
57,1712451810.1293502,2281754.41408152,2974.0,-0.0,3037.0,ASK
58,1712451812.8496635,2283171.51447852,2975.0,-1.8986163627219177e-08,3037.0,ASK
59,1712451812.8516238,2283707.55085462,2975.0,-7.181759576330282e-09,3037.0,ASK
60,1712451819.0193677,2283718.55085462,2978.0,1.4737685512016534e-10,3037.0,BID
61,1712451821.039659,2283981.55085462,2978.0,3.523646626963953e-09,3037.0,BID
62,1712451821.0996811,2284082.37628644,2978.0,-1.3508486416150012e-09,3037.0,ASK
63,1712451821.1194742,2287079.89539243,2978.0,-4.0160449000309886e-08,3037.0,ASK
64,1712451821.2597077,2287156.10092799,2975.0,1.0209938339607454e-09,3037.0,BID
65,1712451821.3001974,2287156.1009288,2975.0,-1.0855653742712997e-17,3037.0,ASK
66,1712451821.301979,2287482.7373328,2975.0,-4.376240544476726e-09,3037.0,ASK
67,1712451821.3995476,2287492.82814937,2973.0,-1.3519571015255824e-10,3037.0,ASK
68,1712451821.41358,2287492.8281498,2974.0,-5.76472647026828e-18,3037.0,ASK
69,1712451822.218531,2287501.95762921,2972.0,-1.2231581493456029e-10,3037.0,ASK
70,1712451822.2193468,2287501.95762999,2973.0,-1.045012644772659e-17,3037.0,ASK
71,1712451832.7492983,2287505.33372722,2973.0,-4.523259930661596e-11,3037.0,ASK
72,1712451839.170202,2287761.80214296,2973.0,-3.436137140854942e-09,3037.0,ASK
73,1712451839.171888,2288455.05515462,2973.0,-9.28813169646012e-09,3037.0,ASK
74,1712451840.089248,2288455.05515462,2973.0,-0.0,3037.0,ASK
75,1712451844.969922,2288799.6882233,2973.0,-4.6161246094341394e-09,3037.0,ASK
76,1712451844.9712691,2288855.08517599,2973.0,-7.42004351410496e-10,3037.0,ASK
77,1712451854.290051,2289854.23329441,2973.0,-1.3382906740714812e-08,3037.0,ASK
78,1712451854.292116,2290253.59580123,2973.0,-5.349188059284112e-09,3037.0,ASK
79,1712451854.418726,2291171.29297323,2973.0,1.2291926935233057e-08,3037.0,BID
80,1712451854.4490929,2291171.2929734,2973.0,2.2765834565040896e-18,3037.0,BID
81,1712451870.090947,2291171.2929734,2973.0,0.0,3037.0,BID
82,1712451900.129711,2291171.2929734,2973.0,0.0,3037.0,BID
83,1712451901.4899795,2291383.56897106,2978.0,2.8460900227496e-09,3037.0,BID
84,1712451901.7094574,2291536.61058606,2978.0,2.0519051532824073e-09,3037.0,BID
85,1712451901.7294638,2291536.61058665,2978.0,7.91032799415711e-18,3037.0,BID
86,1712451927.5195382,2291536.61058676,2978.0,1.4734312601587053e-18,3037.0,BID
87,1712451927.521514,2291603.14978576,2978.0,8.92124180229629e-10,3037.0,BID
88,1712451930.1399045,2291603.14978576,2978.0,0.0,3037.0,BID
89,1712451931.2217605,2291735.26711576,2978.0,1.771332300102813e-09,3037.0,BID
90,1712451931.2392297,2291735.26711671,2978.0,1.2736220096125884e-17,3037.0,BID
91,1712451943.0898652,2291784.44971827,2974.0,-6.594042639672821e-10,3037.0,ASK
92,1712451943.8693624,2292140.21542171,2978.0,4.7698457255463585e-09,3037.0,BID
93,1712451943.9292438,2292259.31043171,2978.0,1.5967385807244902e-09,3037.0,BID
94,1712451943.9518766,2292259.31043197,2978.0,3.483730790999139e-18,3037.0,BID
95,1712451960.079481,2292259.31043197,2978.0,0.0,3037.0,BID
96,1712451960.8493416,2292290.95899793,2975.0,-4.2430965442960765e-10,3037.0,ASK
97,1712451975.5393727,2293111.06008099,2975.0,-1.099502604917911e-08,3037.0,ASK
98,1712451983.3895524,2293113.66031455,2975.0,-3.4861112021766636e-11,3037.0,ASK
99,1712451990.090273,2293113.66031455,2975.0,-0.0,3037.0,ASK
100,1712451990.759799,2293117.02165909,2979.0,4.5063727133410135e-11,3037.0,BID
101,1712451990.760758,2293122.33540723,2979.0,7.123854558203832e-11,3037.0,BID
102,1712451991.8593836,2293157.83649108,2979.0,-4.759438184641236e-10,3037.0,ASK
103,1712452002.4395874,2293248.46837208,2979.0,-1.2150525798049967e-09,3037.0,ASK
104,1712452016.719637,2293620.67360323,2978.0,4.989954101535845e-09,3037.0,BID
105,1712452019.4098244,2293620.67360324,2978.0,1.3110024625472757e-19,3037.0,BID
106,1712452019.4108503,2293782.47799711,2979.0,2.169223942244581e-09,3037.0,BID
107,1712452020.139449,2293782.47799711,2979.0,0.0,3037.0,BID
108,1712452027.5994756,2293782.47799712,2979.0,1.3109674516614971e-19,3037.0,BID
109,1712452030.9113114,2293792.54511122,2980.0,1.3496074626813835e-10,3037.0,BID
110,1712452030.91288,2293967.22663922,2980.0,2.34179817019138e-09,3037.0,BID
111,1712452037.070025,2293993.59881733,2979.0,-3.535480777423721e-10,3037.0,ASK
112,1712452037.0724258,2294161.44037489,2979.0,-2.250100837083189e-09,3037.0,ASK
113,1712452037.079249,2294475.40503599,2979.0,-4.209041890610994e-09,3037.0,ASK
114,1712452044.5196111,2294475.405036,2980.0,1.3733944731691874e-19,3037.0,BID
115,1712452044.521906,2294504.38296869,2980.0,3.8848108626936615e-10,3037.0,BID
116,1712452049.8496325,2294594.84790085,2979.0,-1.2127819983326372e-09,3037.0,ASK
117,1712452050.2533984,2294594.84790085,2979.0,-0.0,3037.0,ASK
118,1712452055.8597138,2294609.57540348,2980.0,1.9743197867299086e-10,3037.0,BID
119,1712452057.709829,2294645.92183045,2983.0,4.872480538560036e-10,3037.0,BID
120,1712452057.7120714,2294707.68692432,2983.0,8.28002208001331e-10,3037.0,BID
121,1712452058.2292793,2294813.17215638,2983.0,1.4140997703480087e-09,3037.0,BID
122,1712452064.759391,2294901.06585619,2983.0,1.1782735676754875e-09,3037.0,BID
123,1712452066.0394502,2294914.03570453,2980.0,-1.7386945263117408e-10,3037.0,ASK
124,1712452080.080153,2294914.03570453,2980.0,-0.0,3037.0,ASK
125,1712452093.3297868,2295119.74983573,2980.0,-2.757699701819414e-09,3037.0,ASK
126,1712452093.3392036,2295616.78773602,2980.0,-6.663038953257745e-09,3037.0,ASK
127,1712452099.8595445,2295690.74667357,2980.0,9.91456147608574e-10,3037.0,BID
128,1712452099.919377,2295850.26395092,2980.0,-2.138408020961346e-09,3037.0,ASK
129,1712452107.209877,2295915.46893191,2980.0,-8.74105029070774e-10,3037.0,ASK
130,1712452107.2120798,2295915.46893232,2980.0,-5.49332954126828e-18,3037.0,ASK
131,1712452107.2141356,2295915.46893233,2980.0,-1.3733323853170702e-19,3037.0,ASK
132,1712452107.7898808,2296146.95550674,2979.0,-3.103192053463353e-09,3037.0,ASK
133,1712452110.0796282,2296146.95550674,2979.0,-0.0,3037.0,ASK
134,1712452110.5614965,2297764.63191169,2979.0,-2.168468455085832e-08,3037.0,ASK
135,1712452110.5625155,2297976.39028464,2979.0,-2.838585952277824e-09,3037.0,ASK
136,1712452112.6301067,2298304.34622605,2977.0,-4.396195131672461e-09,3037.0,ASK
137,1712452112.631667,2298662.41245275,2976.0,-4.799818523991952e-09,3037.0,ASK
138,1712452112.6330864,2298696.15002236,2976.0,-4.5224653847310147e-10,3037.0,ASK
139,1712452112.7492716,2298904.84029795,2976.0,-2.797458614808708e-09,3037.0,ASK
140,1712452112.8492734,2298904.84029796,2976.0,-1.3732647519751032e-19,3037.0,ASK
141,1712452112.9538288,2299583.20405855,2975.0,-9.09335396999682e-09,3037.0,ASK
142,1712452112.9550169,2299731.21635491,2975.0,-1.984080342887963e-09,3037.0,ASK
143,1712452118.230183,2299831.21635491,2974.0,-1.340483454200595e-09,3037.0,ASK
144,1712452118.232431,2300206.0770686,2972.0,-5.024945843313434e-09,3037.0,ASK
145,1712452118.234588,2300206.07706861,2975.0,-1.3732647519751032e-19,3037.0,ASK
146,1712452124.549354,2300259.95943131,2972.0,-7.22284156726757e-10,3037.0,ASK
147,1712452140.129253,2300259.95943131,2972.0,-0.0,3037.0,ASK
148,1712452163.8609264,2300261.95943131,2973.0,-2.6805269792126448e-11,3037.0,ASK
149,1712452163.8632298,2300482.57304475,2975.0,-2.956803714033846e-09,3037.0,ASK
150,1712452163.8703852,2300487.57304475,2975.0,-6.701317448031614e-11,3037.0,ASK
151,1712452163.8725252,2301180.83846644,2972.0,-9.291583332975764e-09,3037.0,ASK
152,1712452163.87437,2301214.48584194,2977.0,-4.509634890412008e-10,3037.0,ASK
153,1712452163.8761542,2302059.44324434,2972.0,-1.1324655567089713e-08,3037.0,ASK
154,1712452163.877892,2303719.22552945,2973.0,-2.2245455974284108e-08,3037.0,ASK
155,1712452163.8797936,2305270.8230057,2971.0,-2.079549447983224e-08,3037.0,ASK
156,1712452163.881543,2305301.10564365,2972.0,-4.0586714013396014e-10,3037.0,ASK
157,1712452163.8833125,2305304.10564365,2973.0,-4.0207904688189675e-11,3037.0,ASK
158,1712452163.8847804,2307806.01484476,2971.0,-3.353217556557564e-08,3037.0,ASK
159,1712452163.8857956,2308349.68668564,2972.0,-7.2866351865861105e-09,3037.0,ASK
160,1712452170.1879466,2308349.68668564,2972.0,-0.0,3037.0,ASK
161,1712452171.5095246,2308467.19874046,2972.0,-1.574463851665658e-09,3037.0,ASK
162,1712452171.5110047,2308504.45880102,2972.0,-4.992221313153601e-10,3037.0,ASK
163,1712452176.449189,2310378.92284303,2973.0,2.5114664873411385e-08,3037.0,BID
164,1712452176.5694067,2310513.75333565,2973.0,1.8065017844962227e-09,3037.0,BID
165,1712452176.58912,2311183.50450341,2973.0,8.973538968943544e-09,3037.0,BID
166,1712452179.499411,2311882.68792333,2973.0,9.367881635918517e-09,3037.0,BID
167,1712452183.9496164,2311966.12101692,2972.0,-1.1178631000158102e-09,3037.0,ASK
168,1712452183.95199,2311970.58162314,2972.0,-5.976461955503587e-11,3037.0,ASK
169,1712452189.029641,2312307.16863089,2972.0,-4.509699685317653e-09,3037.0,ASK
170,1712452199.7693093,2312642.85174602,2979.0,4.4975890447634484e-09,3037.0,BID
171,1712452200.1049802,2312642.85174602,2979.0,0.0,3037.0,BID
172,1712452201.9995267,2312978.53486115,2979.0,4.499326132329195e-09,3037.0,BID
173,1712452230.0925715,2312978.53486115,2979.0,0.0,3037.0,BID
174,1712452236.462891,2313357.26106511,2979.0,5.07618581410553e-09,3037.0,BID
175,1712452236.464128,2313452.64054077,2979.0,1.2784009562533702e-09,3037.0,BID
176,1712452249.1101992,2313486.20885228,2979.0,4.49926582606625e-10,3037.0,BID
177,1712452252.539793,2313775.23201441,2979.0,3.873867876617589e-09,3037.0,BID
178,1712452260.141383,2313775.23201441,2979.0,0.0,3037.0,BID
179,1712452263.2995155,2313849.00844945,2979.0,9.888171881299487e-10,3037.0,BID
180,1712452263.9913664,2313908.91303894,2979.0,8.028944161309554e-10,3037.0,BID
181,1712452269.4797244,2313912.10202796,2979.0,4.274165801017533e-11,3037.0,BID
182,1712452269.482275,2315983.66745794,2979.0,2.7764956417196155e-08,3037.0,BID
183,1712452269.600165,2316220.27814582,2980.0,3.171266203689421e-09,3037.0,BID
184,1712452269.6028488,2316387.57155344,2980.0,2.24221456113824e-09,3037.0,BID
185,1712452269.6051288,2316421.21892894,2980.0,4.5097195618280874e-10,3037.0,BID
186,1712452269.607203,2316421.21892951,2980.0,7.639235409145479e-18,3037.0,BID
187,1712452269.6393192,2316421.21893045,2980.0,1.2594752496450637e-17,3037.0,BID
188,1712452269.720022,2316756.90204557,2979.0,4.4991227051838695e-09,3037.0,BID
189,1712452269.8397276,2317928.43224957,2979.0,1.5701886401822524e-08,3037.0,BID
190,1712452270.2496364,2317928.43224985,2979.0,3.757205650576453e-18,3037.0,BID
191,1712452272.554349,2317995.12750267,2982.0,8.939089062694201e-10,3037.0,BID
192,1712452272.5563812,2318263.77765561,2982.0,3.6006875186751474e-09,3037.0,BID
193,1712452290.1293647,2318263.77765561,2982.0,0.0,3037.0,BID
194,1712452305.0902376,2318325.31661066,2982.0,8.246518263179987e-10,3037.0,BID
195,1712452305.0932713,2319252.46049105,2982.0,1.2424177394649582e-08,3037.0,BID
196,1712452305.0962057,2320460.2444792,2982.0,1.6184890868154412e-08,3037.0,BID
197,1712452310.3493853,2320567.50235981,2982.0,1.4373075893155367e-09,3037.0,BID
198,1712452313.1193492,2320616.68496138,2979.0,-6.590707004190496e-10,3037.0,ASK
199,1712452319.1992831,2320784.82205615,2979.0,-2.2531185679246512e-09,3037.0,ASK
200,1712452320.07913,2320784.82205615,2979.0,-0.0,3037.0,ASK
201,1712452323.8021436,2320784.82205682,2981.0,8.978580699684377e-18,3037.0,BID
202,1712452323.8033934,2320996.37894682,2981.0,2.8346793248486927e-09,3037.0,BID
203,1712452327.149528,2321388.09983494,2982.0,5.248721054026055e-09,3037.0,BID
204,1712452327.1521792,2321433.72978217,2982.0,6.114018220236185e-10,3037.0,BID
205,1712452327.209448,2321595.79386042,2982.0,-2.171518459723007e-09,3037.0,ASK
206,1712452327.3492136,2321646.1463277,2979.0,-6.746795056101953e-10,3037.0,ASK
207,1712452334.7993927,2321732.24261265,2979.0,-1.1536157432399027e-09,3037.0,ASK
208,1712452335.9004445,2322339.9705065,2979.0,-8.143028080214044e-09,3037.0,ASK
209,1712452336.1001096,2322550.0043638,2979.0,-2.814272004127784e-09,3037.0,ASK
210,1712452336.1143694,2323479.58489075,2979.0,-1.2455574954476406e-08,3037.0,ASK
211,1712452336.1164365,2324131.72983855,2979.0,-8.738178181467338e-09,3037.0,ASK
212,1712452336.119519,2324219.8699413,2979.0,-1.181001133808456e-09,3037.0,ASK
213,1712452336.227517,2324400.09577262,2979.0,-2.41487024056471e-09,3037.0,ASK
214,1712452336.2796724,2324497.58176676,2979.0,-1.3062279940485804e-09,3037.0,ASK
215,1712452336.294796,2324763.51263305,2979.0,-3.563243572507872e-09,3037.0,ASK
216,1712452336.3198256,2325219.19728926,2979.0,-6.105780216432806e-09,3037.0,ASK
217,1712452336.3408225,2325587.40409292,2979.0,-4.933652662435397e-09,3037.0,ASK
218,1712452336.3491046,2325922.74949868,2979.0,-4.4933383563717164e-09,3037.0,ASK
219,1712452346.060162,2326134.30638935,2974.0,-2.834679333833512e-09,3037.0,ASK
220,1712452350.0894337,2326134.30638935,2974.0,-0.0,3037.0,ASK
221,1712452380.1394043,2326134.30638935,2974.0,-0.0,3037.0,ASK
222,1712452383.2400868,2326235.71644488,2978.0,-1.3585169167861278e-09,3037.0,ASK
223,1712452394.9463785,2326634.62227797,2978.0,-5.343851944726359e-09,3037.0,ASK
224,1712452410.1295524,2326634.62227797,2978.0,-0.0,3037.0,ASK
225,1712452414.8348773,2326667.74979397,2978.0,-4.437764323263252e-10,3037.0,ASK
226,1712452424.8493085,2326812.73924351,2978.0,-1.9422796638830035e-09,3037.0,ASK
227,1712452431.8196874,2326874.56403581,2978.0,-8.282053431384514e-10,3037.0,ASK
228,1712452440.1401126,2326874.56403581,2978.0,-0.0,3037.0,ASK
229,1712452454.21941,2326908.13234732,2979.0,-4.496770276726951e-10,3037.0,ASK
230,1712452455.121488,2327233.5792856,2979.0,4.359647694127286e-09,3037.0,BID
231,1712452464.0596578,2327236.65814103,2980.0,4.124397373628167e-11,3037.0,BID
232,1712452466.9903393,2327332.66728381,2980.0,1.2861268265389154e-09,3037.0,BID
233,1712452466.9935184,2328174.70868778,2981.0,1.1279884470806949e-08,3037.0,BID
234,1712452466.996619,2328570.91718856,2981.0,5.3075609988798636e-09,3037.0,BID
235,1712452468.8800044,2328667.63393632,2982.0,1.295605816982343e-09,3037.0,BID
236,1712452468.8824303,2328835.30663921,2982.0,2.2461231818166476e-09,3037.0,BID
237,1712452470.08984,2328835.30663921,2982.0,0.0,3037.0,BID
238,1712452473.6095529,2328903.28027353,2982.0,9.104952734283532e-10,3037.0,BID
239,1712452475.2998118,2329527.92174156,2983.0,8.366966249716325e-09,3037.0,BID
240,1712452480.7191703,2331357.94940288,2983.0,2.4512909343982995e-08,3037.0,BID
241,1712452480.7794063,2331813.63405909,2983.0,6.103818484945636e-09,3037.0,BID
242,1712452480.8192878,2331837.89080512,2983.0,3.249149884342618e-10,3037.0,BID
243,1712452480.8292203,2331886.10784456,2983.0,6.458590444317754e-10,3037.0,BID
244,1712452480.8319192,2332020.57456729,2983.0,1.8011588861382439e-09,3037.0,BID
245,1712452483.6808405,2332140.74406781,2983.0,1.609650025745355e-09,3037.0,BID
246,1712452491.7398667,2332188.24727017,2983.0,-6.362973181305821e-10,3037.0,ASK
247,1712452491.74914,2332203.77589887,2983.0,-2.0800334093510343e-10,3037.0,ASK
248,1712452491.7593288,2332405.88077834,2983.0,-2.7071604944231406e-09,3037.0,ASK
249,1712452496.1798244,2332523.48025709,2983.0,-1.5752250211452958e-09,3037.0,ASK
250,1712452496.182999,2332550.87022789,2983.0,-3.6688400145179536e-10,3037.0,ASK
251,1712452500.099659,2332550.87022789,2983.0,-0.0,3037.0,ASK
252,1712452503.1302166,2332969.42259689,2983.0,-5.605733216648464e-09,3037.0,ASK
253,1712452503.1331587,2332969.42259701,2983.0,-1.6090608247398001e-18,3037.0,ASK
254,1712452503.2106447,2333212.41324801,2982.0,-3.254409398994469e-09,3037.0,ASK
255,1712452503.2296133,2333212.4132484,2982.0,-5.226329345472684e-18,3037.0,ASK
256,1712452520.3286707,2333547.64623532,2982.0,4.489824522034229e-09,3037.0,BID
257,1712452525.9188902,2333646.73423332,2984.0,1.3271000785145696e-09,3037.0,BID
258,1712452525.9225276,2333646.73423353,2984.0,2.806501438499652e-18,3037.0,BID
259,1712452528.8725655,2333648.7433407,2985.0,2.6908266763577585e-11,3037.0,BID
260,1712452528.875641,2333882.35619365,2985.0,3.128811175403256e-09,3037.0,BID
261,1712452528.878601,2333906.93025056,2985.0,3.29123945509381e-10,3037.0,BID
262,1712452530.0935583,2333906.93025056,2985.0,0.0,3037.0,BID
263,1712452532.0786774,2333973.9319256,2985.0,8.97314638578899e-10,3037.0,BID
264,1712452546.0484695,2334357.30234199,2982.0,-5.134258008023035e-09,3037.0,ASK
265,1712452560.1301534,2334357.30234199,2982.0,-0.0,3037.0,ASK
266,1712452574.1086884,2334506.6941529,2982.0,-2.000682032891252e-09,3037.0,ASK
267,1712452579.109283,2334513.60729843,2982.0,-9.258208979778286e-11,3037.0,ASK
268,1712452579.1119702,2334669.52534554,2982.0,-2.0880825632730903e-09,3037.0,ASK
269,1712452579.1143837,2335285.83355628,2982.0,-8.253710537686158e-09,3037.0,ASK
270,1712452579.2482994,2335630.32734773,2982.0,4.613522888561565e-09,3037.0,BID
271,1712452582.398685,2335812.14826336,2982.0,2.434978442857737e-09,3037.0,BID
272,1712452582.4009402,2335846.73583879,2982.0,4.632030383909935e-10,3037.0,BID
273,1712452582.6987193,2335853.14826336,2985.0,8.587634453477896e-11,3037.0,BID
274,1712452586.259162,2335925.76837876,2985.0,9.725416622436755e-10,3037.0,BID
275,1712452586.2624435,2336362.91017125,2985.0,5.8542816017390325e-09,3037.0,BID
276,1712452588.5691614,2336366.31523135,2987.0,4.5601178011711686e-11,3037.0,BID
277,1712452590.137195,2336366.31523135,2987.0,0.0,3037.0,BID
278,1712452600.0095935,2336372.95369318,2987.0,8.889634212848539e-11,3037.0,BID
279,1712452600.0126598,2336376.31503772,2987.0,4.501211905554023e-11,3037.0,BID
280,1712452600.0147705,2336700.65258225,2987.0,4.343238247293818e-09,3037.0,BID
281,1712452611.7489314,2336702.53541326,2988.0,2.5213188525016428e-11,3037.0,BID
282,1712452611.7527642,2336862.14421544,2988.0,2.137338294387977e-09,3037.0,BID
283,1712452614.908788,2336863.85161416,2988.0,2.286395623793317e-11,3037.0,BID
284,1712452620.0819075,2336863.85161416,2988.0,0.0,3037.0,BID
285,1712452627.569745,2338383.73282688,2987.0,2.0352484449781613e-08,3037.0,BID
286,1712452627.57281,2338975.2916254,2988.0,7.921468564283267e-09,3037.0,BID
287,1712452627.5758138,2338988.69652361,2988.0,1.7950283225153948e-10,3037.0,BID
288,1712452627.578849,2339271.21571347,2987.0,3.783168954430564e-09,3037.0,BID
289,1712452627.5805871,2339693.49544365,2988.0,5.654679832886634e-09,3037.0,BID
290,1712452627.6287775,2341654.73045475,2988.0,-2.6262582056881764e-08,3037.0,ASK
291,1712452627.632619,2343705.51511975,2988.0,-2.7461727044816523e-08,3037.0,ASK
292,1712452633.628574,2343839.42874475,2987.0,-1.793215777402382e-09,3037.0,ASK
293,1712452633.6313584,2343839.42874546,2987.0,-9.50928279457248e-18,3037.0,ASK
294,1712452650.0803022,2343839.42874546,2987.0,-0.0,3037.0,ASK
295,1712452658.538477,2343860.17913601,2987.0,2.777876118613872e-10,3037.0,BID
296,1712452658.6223202,2343992.29646601,2987.0,-1.7686682811320035e-09,3037.0,ASK
297,1712452658.7185223,2344508.99687401,2987.0,-6.917121489480262e-09,3037.0,ASK
298,1712452677.4091594,2344520.99687401,2984.0,-1.6064523385040132e-10,3037.0,ASK
299,1712452677.4125233,2344535.4844579,2984.0,-1.9394677515635587e-10,3037.0,ASK
300,1712452677.8283844,2344634.57245612,2987.0,1.3265012204881019e-09,3037.0,BID
301,1712452677.908522,2344870.26852212,2987.0,-3.155287470016246e-09,3037.0,ASK
302,1712452677.934255,2344870.26852217,2987.0,-6.670225420187904e-19,3037.0,ASK
303,1712452680.1413188,2344870.26852217,2987.0,-0.0,3037.0,ASK
304,1712452684.718805,2344914.29371317,2985.0,-5.893454661549367e-10,3037.0,ASK
305,1712452684.720579,2344914.29371412,2985.0,-1.2716541118752129e-17,3037.0,ASK
306,1712452687.2143383,2345249.4143568,2984.0,-4.486109586153782e-09,3037.0,ASK
307,1712452687.217028,2345405.48023612,2984.0,-2.0891838583611607e-09,3037.0,ASK
308,1712452703.1085413,2345408.99782405,2985.0,-4.7088370344977495e-11,3037.0,ASK
309,1712452707.668982,2345415.18325118,2985.0,8.280153595242265e-11,3037.0,BID
310,1712452707.768773,2345415.18325193,2984.0,-1.0036093726073989e-17,3037.0,ASK
311,1712452710.128477,2345415.18325193,2984.0,-0.0,3037.0,ASK
312,1712452711.318488,2345418.54798873,2984.0,4.504124045463259e-11,3037.0,BID
313,1712452711.461422,2345436.18325193,2984.0,-2.3607021216306556e-10,3037.0,ASK
314,1712452711.561428,2345558.36398305,2984.0,1.6355429908119375e-09,3037.0,BID
315,1712452711.578786,2345650.52905544,2984.0,1.2337455895301908e-09,3037.0,BID
316,1712452712.6685903,2345656.71061613,2984.0,8.274797642972182e-11,3037.0,BID
317,1712452712.6886165,2346441.27846148,2984.0,1.0502428889691096e-08,3037.0,BID
318,1712452712.6921608,2346444.64206148,2984.0,4.5026022950992997e-11,3037.0,BID
319,1712452712.7484772,2346448.00336148,2984.0,-4.499523455623508e-11,3037.0,ASK
320,1712452716.4785912,2347118.02011189,2985.0,8.969018189809562e-09,3037.0,BID
321,1712452726.7624924,2347155.28017245,2984.0,-4.987728451730124e-10,3037.0,ASK
322,1712452739.9989803,2347569.85646889,2985.0,5.549625948241643e-09,3037.0,BID
323,1712452740.088542,2347569.85646889,2985.0,0.0,3037.0,BID
324,1712452749.4394743,2347595.1791772,2987.0,3.3894717116508876e-10,3037.0,BID
325,1712452749.4433866,2347619.65867123,2985.0,3.2766065744062277e-10,3037.0,BID
326,1712452749.4468684,2347678.64570942,2987.0,7.89547843187917e-10,3037.0,BID
327,1712452749.449892,2347737.30416755,2985.0,7.85149763784687e-10,3037.0,BID
328,1712452756.8186934,2348025.7463786,2985.0,3.860829982433439e-09,3037.0,BID
329,1712452763.4770522,2348073.52751315,2985.0,6.39555619109013e-10,3037.0,BID
330,1712452763.5807142,2348175.37060481,2985.0,1.363180722932671e-09,3037.0,BID
331,1712452763.5884874,2348630.84715648,2985.0,6.09660257623698e-09,3037.0,BID
332,1712452770.0895584,2348630.84715648,2985.0,0.0,3037.0,BID
333,1712452773.8386226,2348719.28936753,2985.0,1.183758312462704e-09,3037.0,BID
334,1712452774.5084157,2348729.28936753,2985.0,1.338454001101894e-10,3037.0,BID
335,1712452775.2093632,2349229.68104425,2984.0,-6.697512418236563e-09,3037.0,ASK
336,1712452775.2129695,2349310.49488473,2984.0,-1.0816560813494071e-09,3037.0,ASK
337,1712452775.2159772,2349761.15607775,2984.0,-6.031892769392076e-09,3037.0,ASK
338,1712452775.7096949,2349871.33494392,2984.0,-1.474693442619474e-09,3037.0,ASK
339,1712452779.2786062,2350206.17589865,2984.0,4.4816921559153095e-09,3037.0,BID
340,1712452781.172211,2350432.87663117,2984.0,3.034285024939236e-09,3037.0,BID
341,1712452784.2788303,2350435.10892598,2985.0,2.987823920089558e-11,3037.0,BID
342,1712452800.109083,2350435.10892598,2985.0,0.0,3037.0,BID
343,1712452802.6485996,2350576.40892598,2985.0,1.8914858778501517e-09,3037.0,BID
344,1712452808.5690477,2352297.67123636,2985.0,2.304135422621377e-08,3037.0,BID
345,1712452808.5733752,2352824.38778412,2985.0,7.050792015001281e-09,3037.0,BID
346,1712452818.3897357,2352866.18238867,2984.0,-5.59475614126674e-10,3037.0,ASK
347,1712452818.393396,2353220.358108,2984.0,-4.741106662357836e-09,3037.0,ASK
348,1712452824.6889582,2353250.38760702,2983.0,-4.019842414384119e-10,3037.0,ASK
349,1712452830.0943506,2353250.38760702,2983.0,-0.0,3037.0,ASK
350,1712452843.5384798,2353468.84173213,2983.0,-2.923966155671637e-09,3037.0,ASK
351,1712452844.6789892,2353509.4271169,2983.0,-5.43227514808752e-10,3037.0,ASK
352,1712452844.6888728,2353639.39519534,2983.0,-1.7395975584511235e-09,3037.0,ASK
353,1712452845.2484653,2354921.65613932,2983.0,-1.716281439432366e-08,3037.0,ASK
354,1712452845.2523055,2355531.82071844,2983.0,-8.166934718388374e-09,3037.0,ASK
355,1712452845.308556,2355835.86201844,2983.0,4.069533915542278e-09,3037.0,BID
356,1712452845.348271,2355835.86201893,2983.0,6.55689102352986e-18,3037.0,BID
357,1712452858.1688912,2356136.84331902,2982.0,-4.028576409393723e-09,3037.0,ASK
358,1712452858.172889,2356524.85164176,2982.0,-5.193416252681771e-09,3037.0,ASK
359,1712452860.138716,2356524.85164176,2982.0,-0.0,3037.0,ASK
360,1712452864.3384907,2356978.21460429,2982.0,-6.067382260471644e-09,3037.0,ASK
361,1712452874.8686118,2357025.30400429,2984.0,6.302001129988202e-10,3037.0,BID
362,1712452878.3887565,2357609.2182134,2984.0,7.814557003551692e-09,3037.0,BID
363,1712452878.7314107,2357621.21861581,2983.0,-1.6060206659787571e-10,3037.0,ASK
364,1712452878.7350054,2357654.7419145,2983.0,-4.4864420915575134e-10,3037.0,ASK
365,1712452880.5886407,2357711.7767145,2984.0,7.632999657019698e-10,3037.0,BID
366,1712452890.1365595,2357711.7767145,2984.0,0.0,3037.0,BID
367,1712452892.698849,2358147.43355096,2984.0,5.8301438963243314e-09,3037.0,BID
368,1712452893.6385355,2358294.88663406,2984.0,1.9732794724785023e-09,3037.0,BID
369,1712452898.898625,2358455.19972806,2983.0,-2.145377573043697e-09,3037.0,ASK
370,1712452898.938724,2358515.88663406,2983.0,-8.121378226921754e-10,3037.0,ASK
371,1712452901.0086143,2358866.99348899,2982.0,-4.698660312229233e-09,3037.0,ASK
372,1712452909.540852,2360240.87931602,2982.0,-1.8385920748528066e-08,3037.0,ASK
373,1712452909.5481224,2360586.88455287,2982.0,-4.6303883031197634e-09,3037.0,ASK
374,1712452919.5390172,2360636.05640274,2984.0,6.58038475238469e-10,3037.0,BID
375,1712452920.089196,2360636.05640274,2984.0,0.0,3037.0,BID
376,1712452920.1696167,2360958.10734107,2984.0,4.309318785022395e-09,3037.0,BID
377,1712452921.3085403,2361046.57919093,2984.0,1.1838295100858875e-09,3037.0,BID
378,1712452925.728409,2361056.62944218,2984.0,1.3448101325540423e-10,3037.0,BID
379,1712452927.1284268,2361234.77957622,2984.0,2.383802149913505e-09,3037.0,BID
380,1712452935.6685214,2361268.27957622,2984.0,4.482588377068126e-10,3037.0,BID
381,1712452937.4754837,2361415.73265932,2984.0,1.973049183480633e-09,3037.0,BID
382,1712452949.2188306,2361741.36302132,2984.0,4.357214554994342e-09,3037.0,BID
383,1712452950.0888157,2361741.36302132,2984.0,0.0,3037.0,BID
384,1712452956.322581,2362658.90598032,2984.0,1.2276972814858868e-08,3037.0,BID
385,1712452956.3393383,2364460.54072332,2984.0,2.4106359865942352e-08,3037.0,BID
386,1712452956.3425407,2366224.31585732,2984.0,2.3599788063593425e-08,3037.0,BID
387,1712452956.359192,2366991.51538702,2984.0,1.0265337091098906e-08,3037.0,BID
388,1712452965.9406855,2367055.51538702,2984.0,-8.56337300007531e-10,3037.0,ASK
389,1712452966.038745,2367113.48804805,2984.0,7.756898753233322e-10,3037.0,BID
390,1712452966.0425384,2367113.48804806,2984.0,1.308441518642806e-19,3037.0,BID
391,1712452966.541278,2367170.48804806,2987.0,7.62675407819207e-10,3037.0,BID
392,1712452977.2783773,2367255.44929818,2987.0,1.1368044927076459e-09,3037.0,BID
393,1712452977.3383546,2367760.42694637,2987.0,6.756737434608902e-09,3037.0,BID
394,1712452977.558787,2368048.48315245,2989.0,3.854269902579261e-09,3037.0,BID
395,1712452978.4882796,2368289.74584901,2989.0,3.228160096323944e-09,3037.0,BID
396,1712452978.7486255,2368292.74584901,2987.0,-4.014081093785305e-11,3037.0,ASK
397,1712452978.9283016,2368388.66406092,2987.0,1.2834116032579732e-09,3037.0,BID
398,1712452978.968392,2368388.66406093,2987.0,1.308441518642806e-19,3037.0,BID
399,1712452980.1282969,2368388.66406093,2987.0,0.0,3037.0,BID
400,1712452998.7886264,2368390.42489471,2987.0,2.355417902024417e-11,3037.0,BID
401,1712453002.1627622,2368393.7885005,2989.0,4.4994010118758624e-11,3037.0,BID
402,1712453002.1661513,2368678.48110079,2989.0,3.808252969741004e-09,3037.0,BID
403,1712453002.7385998,2369504.81789079,2989.0,1.1053675196733353e-08,3037.0,BID
404,1712453002.7983153,2370065.55217492,2989.0,7.500785059385971e-09,3037.0,BID
405,1712453006.4777498,2370129.50861102,2989.0,8.55527286144193e-10,3037.0,BID
406,1712453006.5592177,2370244.32462441,2990.0,1.535861569705098e-09,3037.0,BID
407,1712453006.5612755,2370244.32462588,2990.0,1.9665017018514785e-17,3037.0,BID
408,1712453006.563349,2370393.55631013,2989.0,1.996230334558619e-09,3037.0,BID
409,1712453006.5654197,2370404.55631013,2990.0,1.4714391109722023e-10,3037.0,BID
410,1712453008.04222,2370417.97450461,2990.0,1.7949141960779064e-10,3037.0,BID
411,1712453008.0466151,2370555.14212413,2990.0,1.8348527283680567e-09,3037.0,BID
412,1712453010.342707,2370555.14212413,2990.0,0.0,3037.0,BID
413,1712453011.1891186,2370555.14212416,2990.0,4.0485124745496497e-19,3037.0,BID
414,1712453011.1936991,2370757.01503382,2990.0,2.7001633204495352e-09,3037.0,BID
415,1712453011.348347,2370837.58611951,2990.0,1.0776834327808207e-09,3037.0,BID
416,1712453011.3696291,2370925.88043389,2990.0,1.180985945540667e-09,3037.0,BID
417,1712453028.7591205,2370959.35884032,2988.0,-4.4779245130506174e-10,3037.0,ASK
418,1712453028.7632923,2370972.7546876,2986.0,-1.7917696600718514e-10,3037.0,ASK
419,1712453028.767245,2370974.23599313,2986.0,-1.9813291768656867e-11,3037.0,ASK
420,1712453031.4689026,2371006.33962377,2990.0,4.2940405452917366e-10,3037.0,BID
421,1712453031.473879,2371270.1442263,2990.0,3.5285344265192998e-09,3037.0,BID
422,1712453036.9089344,2371462.98497251,2990.0,2.579353071599653e-09,3037.0,BID
423,1712453036.9122958,2371516.67018936,2992.0,7.18069866993393e-10,3037.0,BID
424,1712453039.0186803,2371815.77655981,2992.0,4.000715359788371e-09,3037.0,BID
425,1712453039.0209556,2372400.64959469,2992.0,7.823004674391411e-09,3037.0,BID
426,1712453039.0985096,2372726.09654292,2992.0,-4.353035352006579e-09,3037.0,ASK
427,1712453039.1183195,2373451.07698328,2992.0,-9.697019755650364e-09,3037.0,ASK
428,1712453040.078806,2373451.07698328,2992.0,-0.0,3037.0,ASK
429,1712453046.0284796,2373755.61745792,2991.0,-4.0729276256455e-09,3037.0,ASK
430,1712453046.109956,2373755.61745794,2991.0,-2.6156588344265944e-19,3037.0,ASK
431,1712453057.1892235,2374255.61745794,2990.0,-6.6870054472355374e-09,3037.0,ASK
432,1712453065.098742,2374262.30642115,2990.0,8.945826684606746e-11,3037.0,BID
433,1712453065.1188035,2374509.55676543,2992.0,3.306728798064497e-09,3037.0,BID
434,1712453065.1216657,2374512.89789249,2990.0,4.468426969875549e-11,3037.0,BID
435,1712453065.1245258,2374776.89789249,2992.0,3.5307388761403634e-09,3037.0,BID
436,1712453070.078672,2374776.89789249,2992.0,0.0,3037.0,BID
437,1712453072.0187051,2374776.89789296,2990.0,-6.283475717227405e-18,3037.0,ASK
438,1712453072.023538,2374973.28593596,2990.0,-2.62635653764193e-09,3037.0,ASK
439,1712453076.399802,2375240.84446396,2990.0,-3.578140901455393e-09,3037.0,ASK
440,1712453076.4034264,2375240.84446438,2990.0,-5.617140829473856e-18,3037.0,ASK
441,1712453076.5387616,2375301.83554801,2987.0,-8.15652158774999e-10,3037.0,ASK
442,1712453076.5413709,2375452.42136201,2987.0,-2.013829513410334e-09,3037.0,ASK
443,1712453096.7887766,2375469.99275709,2987.0,-2.349875666516914e-10,3037.0,ASK
444,1712453096.7939675,2375544.19413111,2987.0,-9.92317356914864e-10,3037.0,ASK
445,1712453100.1484275,2375544.19413111,2987.0,-0.0,3037.0,ASK
446,1712453101.241011,2375550.54448263,2987.0,-8.497992176993555e-11,3037.0,ASK
447,1712453101.243474,2375623.34002326,2987.0,-9.741443962756491e-10,3037.0,ASK
448,1712453103.2002287,2375958.12408753,2987.0,4.4800549229962575e-09,3037.0,BID
449,1712453110.2785635,2376225.68261595,2987.0,3.580447907666081e-09,3037.0,BID
450,1712453110.288303,2376481.32078808,2987.0,3.420930605087765e-09,3037.0,BID
451,1712453110.41841,2377128.6926494,2990.0,-8.663081083740154e-09,3037.0,ASK
452,1712453114.309167,2377797.5889704,2990.0,-8.9511197685109e-09,3037.0,ASK
453,1712453114.3116093,2377797.58897047,2990.0,-9.347165973387369e-19,3037.0,ASK
454,1712453114.758984,2377806.15287592,2986.0,-1.1460153234957227e-10,3037.0,ASK
455,1712453114.7643871,2377895.58897047,2986.0,-1.196827025072531e-09,3037.0,ASK
456,1712453123.5886335,2377981.13361938,2986.0,-1.1447519950587279e-09,3037.0,ASK
457,1712453123.5936651,2377987.47974303,2986.0,-8.492334472652198e-11,3037.0,ASK
458,1712453130.1283095,2377987.47974303,2986.0,-0.0,3037.0,ASK
459,1712453136.3986146,2378086.56774126,2985.0,1.325858513703908e-09,3037.0,BID
460,1712453142.6986897,2378087.94859768,2985.0,-1.8476710330701608e-11,3037.0,ASK
461,1712453142.7082512,2378143.07964356,2985.0,-7.37687387528712e-10,3037.0,ASK
462,1712453146.4819837,2378217.44307938,2986.0,9.950286235575815e-10,3037.0,BID
463,1712453146.4982054,2378559.7329989,2986.0,4.580050178201273e-09,3037.0,BID
464,1712453146.5581582,2378767.46892572,2986.0,2.779634790250565e-09,3037.0,BID
465,1712453146.6185143,2379313.44518747,2986.0,7.305499029670077e-09,3037.0,BID
466,1712453160.1580863,2379313.44518747,2986.0,0.0,3037.0,BID
467,1712453171.6189623,2379382.92267647,2985.0,-9.296023956180195e-10,3037.0,ASK
468,1712453171.6284566,2379382.92267653,2985.0,-8.037351554435467e-19,3037.0,ASK
469,1712453190.0785158,2379382.92267653,2985.0,-0.0,3037.0,ASK
470,1712453220.1396396,2379382.92267653,2985.0,-0.0,3037.0,ASK
471,1712453225.3280575,2379478.3639023,2984.0,-1.2769912557489707e-09,3037.0,ASK
472,1712453228.7931268,2379812.14288651,2984.0,-4.4659196353618174e-09,3037.0,ASK
473,1712453228.8909924,2380197.55959399,2984.0,-5.156825693519213e-09,3037.0,ASK
474,1712453228.8989732,2380297.55959351,2984.0,-1.3379870588591235e-09,3037.0,ASK
475,1712453228.9026468,2380297.55959399,2984.0,-6.423632913765134e-18,3037.0,ASK
476,1712453230.818503,2380597.55959399,2983.0,-4.013961195848269e-09,3037.0,ASK
477,1712453230.878548,2381191.34071445,2983.0,-7.944714587846021e-09,3037.0,ASK
478,1712453236.2071278,2381526.12477872,2983.0,-4.479367476561718e-09,3037.0,ASK
479,1712453244.4886353,2381760.55210624,2983.0,-3.1366073197022766e-09,3037.0,ASK
480,1712453249.7684045,2382065.23562561,2983.0,-4.076626079224076e-09,3037.0,ASK
481,1712453250.1546266,2382065.23562561,2983.0,-0.0,3037.0,ASK
482,1712453257.8282542,2382678.1903823,2983.0,-8.200377353310707e-09,3037.0,ASK
483,1712453265.5885465,2388329.37332287,2984.0,7.56040019259131e-08,3037.0,BID
484,1712453269.9682927,2388567.99387179,2983.0,-3.1923702753591758e-09,3037.0,ASK
485,1712453270.1724465,2388739.7800321,2985.0,2.2982305353632876e-09,3037.0,BID
486,1712453272.978255,2391891.29096934,2985.0,4.2162294421243333e-08,3037.0,BID
487,1712453274.9090054,2391891.29096936,2986.0,2.6788229314198644e-19,3037.0,BID
488,1712453274.9139235,2391976.87470797,2986.0,1.144976760922283e-09,3037.0,BID
489,1712453278.5185263,2391980.12738533,2988.0,4.351574316073127e-11,3037.0,BID
490,1712453278.523378,2391980.12738534,2986.0,1.3705605695636516e-19,3037.0,BID
491,1712453279.6983433,2392008.43035791,2988.0,3.78649570399523e-10,3037.0,BID
492,1712453280.148826,2392008.43035791,2988.0,0.0,3037.0,BID
493,1712453285.3960469,2392010.50863769,2988.0,2.779310430933548e-11,3037.0,BID
494,1712453286.7884972,2392033.38661028,2988.0,3.0595008658965784e-10,3037.0,BID
495,1712453300.288109,2392036.73109189,2990.0,4.472618516478752e-11,3037.0,BID
496,1712453300.2938936,2392117.14698987,2990.0,1.0754122050608783e-09,3037.0,BID
497,1712453303.1156783,2392117.14698988,2990.0,1.370016697724443e-19,3037.0,BID
498,1712453307.0334392,2392417.14698987,2990.0,-4.0119388032950915e-09,3037.0,ASK
499,1712453308.0086727,2393146.06836271,2990.0,9.74795980116171e-09,3037.0,BID
500,1712453308.2301118,2393878.96846803,2990.0,9.801167905241476e-09,3037.0,BID
501,1712453310.1320171,2393878.96846803,2990.0,0.0,3037.0,BID
502,1712453310.7919302,2395152.0760612,2990.0,-1.70241592078459e-08,3037.0,ASK
503,1712453334.618364,2395670.14538895,2990.0,6.92768997973042e-09,3037.0,BID
504,1712453340.08623,2395670.14538895,2990.0,0.0,3037.0,BID
505,1712453351.608551,2395703.8992351,2990.0,4.5132846900198037e-10,3037.0,BID
506,1712453351.7084126,2395724.8992351,2988.0,-2.8079460358244307e-10,3037.0,ASK
507,1712453351.988532,2395731.76344914,2990.0,9.178258382053678e-11,3037.0,BID
508,1712453352.7684176,2395743.86813141,2990.0,1.6185378378515067e-10,3037.0,BID
509,1712453353.0282657,2395773.48318157,2990.0,3.9598791761156777e-10,3037.0,BID
510,1712453353.658429,2395782.41361635,2990.0,1.194103758949077e-10,3037.0,BID
511,1712453354.5384676,2395815.27749594,2990.0,4.3942857341609984e-10,3037.0,BID
512,1712453354.598103,2395837.27749594,2988.0,-2.9416577518160707e-10,3037.0,ASK
513,1712453354.8786025,2395853.69020497,2990.0,2.1945714884536664e-10,3037.0,BID
514,1712453356.5133872,2395859.58518824,2990.0,7.882283287389278e-11,3037.0,BID
515,1712453356.8361073,2395862.13401767,2990.0,3.4080835688853174e-11,3037.0,BID
516,1712453357.6285372,2395886.19254609,2990.0,3.2169071192784736e-10,3037.0,BID
517,1712453357.9683404,2395902.59288053,2990.0,2.1929168607698816e-10,3037.0,BID
518,1712453358.6034148,2395917.24003772,2990.0,1.9584965223233312e-10,3037.0,BID
519,1712453358.7184827,2395940.24003772,2988.0,-3.07536946780771e-10,3037.0,ASK
520,1712453359.4583228,2395974.65207785,2990.0,4.6012929365246556e-10,3037.0,BID
521,1712453359.519615,2395978.65207785,2988.0,-5.348468639665583e-11,3037.0,ASK
522,1712453359.8183312,2396013.57114139,2990.0,4.66908790677797e-10,3037.0,BID
523,1712453359.91803,2396055.57114139,2988.0,-5.61589207164886e-10,3037.0,ASK
524,1712453361.5282876,2396089.00993737,2990.0,4.471158791188969e-10,3037.0,BID
525,1712453361.82812,2396103.57181027,2990.0,1.9470930135108823e-10,3037.0,BID
526,1712453362.66836,2396136.03067314,2990.0,4.340130253485055e-10,3037.0,BID
527,1712453362.7482283,2396139.03067314,2988.0,-4.011351479749187e-11,3037.0,ASK
528,1712453362.9683082,2396164.77649253,2990.0,3.4425176902236723e-10,3037.0,BID
529,1712453363.0490727,2396200.77649253,2988.0,-4.813621775699025e-10,3037.0,ASK
530,1712453364.1012185,2396228.81829855,2990.0,3.7495180024178447e-10,3037.0,BID
531,1712453364.1072395,2396255.81829855,2988.0,-3.6102163317742685e-10,3037.0,ASK
532,1712453364.43913,2396274.44839888,2990.0,2.4910626842658896e-10,3037.0,BID
533,1712453364.5390074,2396332.44839888,2988.0,-7.755279527515095e-10,3037.0,ASK
534,1712453364.8381643,2396366.28017145,2990.0,4.5237043653779445e-10,3037.0,BID
535,1712453366.5384166,2396377.01160957,2990.0,1.4349190060693558e-10,3037.0,BID
536,1712453366.6185565,2396390.01160957,2988.0,-1.7382523078913142e-10,3037.0,ASK
537,1712453366.8484893,2396421.86980354,2990.0,4.259813784099095e-10,3037.0,BID
538,1712453366.948153,2396441.86980354,2988.0,-2.6742343198327907e-10,3037.0,ASK
539,1712453367.6482286,2396471.47114133,2990.0,3.958045671552215e-10,3037.0,BID
540,1712453367.7282698,2396489.47114133,2988.0,-2.4068108878495123e-10,3037.0,ASK
541,1712453367.9484615,2396523.33635872,2990.0,4.5281763296474206e-10,3037.0,BID
542,1712453368.0483105,2396526.33635872,2988.0,-4.011351479749187e-11,3037.0,ASK
543,1712453368.6316557,2396543.4570945,2990.0,2.2892429601659195e-10,3037.0,BID
544,1712453369.438473,2396569.49655938,2990.0,3.4817815326418147e-10,3037.0,BID
545,1712453369.5282648,2396582.49655938,2988.0,-1.7382523078913142e-10,3037.0,ASK
546,1712453369.8581913,2396593.2099373,2990.0,1.4325041457473868e-10,3037.0,BID
547,1712453369.9382224,2396623.2099373,2988.0,-4.011351479749187e-10,3037.0,ASK
548,1712453370.088405,2396623.2099373,2988.0,-0.0,3037.0,ASK
549,1712453371.4584675,2396642.50759616,2990.0,2.580224788571892e-10,3037.0,BID
550,1712453371.5584097,2396667.50759616,2988.0,-3.3426655628591563e-10,3037.0,ASK
551,1712453371.8480933,2396693.7544189,2990.0,3.5093740202921536e-10,3037.0,BID
552,1712453371.9181952,2396727.7544189,2988.0,-4.5460251654884524e-10,3037.0,ASK
553,1712453372.6883528,2396737.60659281,2990.0,1.3173008979316758e-10,3037.0,BID
554,1712453372.7883213,2396769.60659281,2988.0,-4.27861192045972e-10,3037.0,ASK
555,1712453372.9697976,2396798.7627801,2990.0,3.8983753279857497e-10,3037.0,BID
556,1712453373.0524485,2396832.7627801,2988.0,-4.5460251654884524e-10,3037.0,ASK
557,1712453373.648361,2396855.16980351,2990.0,2.9959674207310025e-10,3037.0,BID
558,1712453373.7359085,2396876.16980351,2988.0,-2.8078390728016907e-10,3037.0,ASK
559,1712453374.4357555,2396898.35676003,2990.0,2.9665430201880116e-10,3037.0,BID
560,1712453374.508547,2396903.35676003,2988.0,-6.685331125718313e-11,3037.0,ASK
561,1712453374.8382409,2396912.56244564,2990.0,1.230861130835734e-10,3037.0,BID
562,1712453376.458311,2396936.01863293,2990.0,3.1362475795666925e-10,3037.0,BID
563,1712453376.5585332,2396942.31649102,2988.0,-8.420653343073866e-11,3037.0,ASK
564,1712453376.5626516,2396967.01863293,2988.0,-3.3028399636379665e-10,3037.0,ASK
565,1712453376.83971,2396982.53502088,2990.0,2.07464382643895e-10,3037.0,BID
566,1712453376.918423,2396991.53502088,2988.0,-1.2033596026292963e-10,3037.0,ASK
567,1712453377.6896377,2397000.36612455,2990.0,1.1807770447825907e-10,3037.0,BID
568,1712453377.7690363,2397042.36612455,2988.0,-5.61567814560338e-10,3037.0,ASK
569,1712453378.0083463,2397072.57047237,2990.0,4.0385213322641967e-10,3037.0,BID
570,1712453378.089056,2397077.57047237,2988.0,-6.685331125718313e-11,3037.0,ASK
571,1712453378.628336,2397096.25007103,2990.0,2.497586046780331e-10,3037.0,BID
572,1712453379.4488866,2397103.56913457,2990.0,9.786072659124619e-11,3037.0,BID
573,1712453379.8511348,2397114.11762955,2990.0,1.4104036363506752e-10,3037.0,BID
574,1712453379.9287188,2397128.11762955,2988.0,-1.8718927152011274e-10,3037.0,ASK
575,1712453381.5384214,2397163.66779677,2990.0,4.75329278883107e-10,3037.0,BID
576,1712453381.6583254,2397188.66779677,2988.0,-3.3426655628591563e-10,3037.0,ASK
577,1712453381.8784494,2397202.5243185,2990.0,1.8527087202945728e-10,3037.0,BID
578,1712453381.9602196,2397248.5243185,2988.0,-6.15050463566084e-10,3037.0,ASK
579,1712453382.6870494,2397283.36110779,2990.0,4.65790943520453e-10,3037.0,BID
580,1712453382.8087158,2397302.77667763,2988.0,-2.5959902674980713e-10,3037.0,ASK
581,1712453382.814002,2397339.36110779,2988.0,-4.89158059330643e-10,3037.0,ASK
582,1712453383.0105462,2397356.34204424,2990.0,2.2704636598542315e-10,3037.0,BID
583,1712453383.0884552,2397378.34204424,2988.0,-2.941545695316058e-10,3037.0,ASK
584,1712453383.6687572,2397381.65475327,2990.0,4.429311358048412e-11,3037.0,BID
585,1712453383.7683628,2397385.65475327,2988.0,-5.34826490057465e-11,3037.0,ASK
586,1712453384.428203,2397389.38886698,2990.0,4.992757322488383e-11,3037.0,BID
587,1712453384.5283833,2397393.38886698,2988.0,-5.34826490057465e-11,3037.0,ASK
588,1712453384.8536923,2397415.4841847,2990.0,2.9542903057190027e-10,3037.0,BID
589,1712453384.9483397,2397421.4841847,2988.0,-8.022397350861973e-11,3037.0,ASK
590,1712453386.3983967,2397448.39923486,2990.0,3.598720451717045e-10,3037.0,BID
591,1712453386.4783137,2397471.39923486,2988.0,-3.075252317830424e-10,3037.0,ASK
592,1712453386.9183502,2397481.07548904,2990.0,1.2937792649708207e-10,3037.0,BID
593,1712453387.6984549,2397490.76813118,2990.0,1.2959704438068578e-10,3037.0,BID
594,1712453387.7984226,2397496.76813118,2989.0,-8.022397350861973e-11,3037.0,ASK
595,1712453388.0186365,2397529.38418469,2990.0,4.3609823545688175e-10,3037.0,BID
596,1712453388.1182406,2397579.38418469,2989.0,-6.685331125718313e-10,3037.0,ASK
597,1712453388.6479638,2397587.58953586,2990.0,1.0971097914431216e-10,3037.0,BID
598,1712453388.7108085,2397600.58953586,2989.0,-1.7381860926867611e-10,3037.0,ASK
599,1712453389.4481432,2397622.82264622,2990.0,2.9727140942696316e-10,3037.0,BID
600,1712453389.5485196,2397681.82264622,2989.0,-7.888690728347609e-10,3037.0,ASK
601,1712453389.8482358,2397699.76612448,2990.0,2.3991618742676046e-10,3037.0,BID
602,1712453389.9300582,2397713.07077076,2989.0,-1.7789193178643096e-10,3037.0,ASK
603,1712453389.93356,2397758.76612448,2989.0,-6.109771410483296e-10,3037.0,ASK
604,1712453391.259722,2398008.76612448,2990.0,3.342665562859156e-09,3037.0,BID
605,1712453391.4782145,2398037.98451912,2990.0,3.9066928625931344e-10,3037.0,BID
606,1712453391.5784736,2398065.98451912,2989.0,-3.743785430402255e-10,3037.0,ASK
607,1712453391.8992488,2398091.3698034,2990.0,3.3941806226376513e-10,3037.0,BID
608,1712453392.7185504,2398123.01227831,2990.0,4.230808448244346e-10,3037.0,BID
609,1712453392.8016343,2398148.01227831,2989.0,-3.3426655628591563e-10,3037.0,ASK
610,1712453393.0396204,2398169.96545556,2990.0,2.93528518355544e-10,3037.0,BID
611,1712453393.2923298,2398173.96545556,2989.0,-5.34826490057465e-11,3037.0,ASK
612,1712453393.757736,2398208.81963616,2990.0,4.660234768535556e-10,3037.0,BID
613,1712453393.768155,2398266.81963616,2989.0,-7.754984105833243e-10,3037.0,ASK
614,1712453394.468363,2398271.83167629,2990.0,6.701429576704107e-11,3037.0,BID
615,1712453394.5680957,2398282.78205394,2990.0,1.464138010850776e-10,3037.0,BID
616,1712453394.8479693,2398284.56733822,2990.0,2.387043312861552e-11,3037.0,BID
617,1712453395.5686755,2398310.2789401,2990.0,3.4378114468595045e-10,3037.0,BID
618,1712453395.5745368,2398367.08389903,2990.0,7.59519920056729e-10,3037.0,BID
619,1712453396.5393765,2398392.42636004,2993.0,3.388454867845842e-10,3037.0,BID
620,1712453396.5456476,2398395.2719755,2991.0,3.804776321408531e-11,3037.0,BID
621,1712453396.5509288,2398397.35108619,2993.0,2.779908681836386e-11,3037.0,BID
622,1712453396.5557466,2398399.02388031,2992.0,2.236636519364727e-11,3037.0,BID
623,1712453396.5584965,2398402.36500962,2993.0,4.46731115418966e-11,3037.0,BID
624,1712453396.618383,2398434.36500962,2990.0,-4.27861192045972e-10,3037.0,ASK
625,1712453396.878258,2398439.94402732,2993.0,7.459516136364995e-11,3037.0,BID
626,1712453396.958121,2398460.94402732,2990.0,-2.8078390728016907e-10,3037.0,ASK
627,1712453397.700924,2398466.2925071,2993.0,7.151271669571903e-11,3037.0,BID
628,1712453397.8001912,2398478.2925071,2990.0,-1.604479470172395e-10,3037.0,ASK
629,1712453398.373311,2398494.70914592,2993.0,2.1950133296559472e-10,3037.0,BID
630,1712453398.3780744,2398549.70914592,2990.0,-7.353864238290144e-10,3037.0,ASK
631,1712453399.3929882,2398577.41713121,2993.0,3.7047411298472544e-10,3037.0,BID
632,1712453399.4899566,2398607.41713121,2990.0,-4.011198675430987e-10,3037.0,ASK
633,1712453399.7280865,2398624.19093675,2993.0,2.2427688854112624e-10,3037.0,BID
634,1712453399.7762473,2398696.40348475,2993.0,9.65529589627297e-10,3037.0,BID
635,1712453399.8686438,2398696.40348478,2993.0,3.9847678695430233e-19,3037.0,BID
636,1712453399.8732617,2398722.13594967,2994.0,3.4406009694108447e-10,3037.0,BID
637,1712453400.2173538,2398748.13594967,2990.0,-3.4763721853735223e-10,3037.0,ASK
638,1712453400.3245342,2398748.13594967,2990.0,-0.0,3037.0,ASK
639,1712453401.4746149,2398772.77689823,2994.0,3.2953809804725875e-10,3037.0,BID
640,1712453401.558524,2398784.77689823,2990.0,-1.6048315538356222e-10,3037.0,ASK
641,1712453402.0052242,2398814.5718214,2994.0,3.9846527372775456e-10,3037.0,BID
642,1712453402.1288054,2398820.5718214,2990.0,-8.024157769178111e-11,3037.0,ASK
643,1712453402.706961,2398839.64095967,2994.0,2.550229566662014e-10,3037.0,BID
644,1712453402.7817457,2398862.64095967,2990.0,-3.075927144851609e-10,3037.0,ASK
645,1712453403.0384026,2398882.8988087,2994.0,2.709202944708164e-10,3037.0,BID
646,1712453403.1387484,2398910.8988087,2990.0,-3.7446069589497847e-10,3037.0,ASK
647,1712453403.8826275,2398933.55946334,2994.0,3.0305444663802596e-10,3037.0,BID
648,1712453403.8935764,2398936.8994767,2994.0,4.466799025486317e-11,3037.0,BID
649,1712453404.069188,2398962.8994767,2990.0,-3.477135033310515e-10,3037.0,ASK
650,1712453404.4886203,2398973.52739921,2994.0,1.4213354496201644e-10,3037.0,BID
651,1712453404.5710113,2398981.52739921,2990.0,-1.0698877025570814e-10,3037.0,ASK
652,1712453404.6289806,2398984.87188081,2994.0,4.4727746690625735e-11,3037.0,BID
653,1712453404.9089143,2399019.0956617,2994.0,4.5769502886517646e-10,3037.0,BID
654,1712453404.988802,2399051.0956617,2990.0,-4.2795508102283255e-10,3037.0,ASK
655,1712453406.5084257,2399085.17715802,2994.0,4.557921724715696e-10,3037.0,BID
656,1712453406.58874,2399131.17715802,2990.0,-6.151854289703218e-10,3037.0,ASK
657,1712453406.9582796,2399145.2956977,2994.0,1.8881564977469511e-10,3037.0,BID
658,1712453406.96317,2399146.20888814,2994.0,1.2212640270555792e-11,3037.0,BID
659,1712453407.038241,2399160.20888814,2990.0,-1.8723034794748926e-10,3037.0,ASK
660,1712453407.7186346,2399182.16880797,2994.0,2.936831021887374e-10,3037.0,BID
661,1712453407.8183467,2399182.16880803,2991.0,-8.033560218165134e-19,3037.0,ASK
662,1712453407.8244116,2399287.83452703,2991.0,-1.413130666751501e-09,3037.0,ASK
663,1712453408.0583892,2399313.97113357,2994.0,3.4954042404736007e-10,3037.0,BID
664,1712453408.138342,2399363.97113357,2990.0,-6.686798140981759e-10,3037.0,ASK
665,1712453408.7185862,2399376.49885568,2994.0,1.6754069783230958e-10,3037.0,BID
666,1712453409.490737,2399410.6805524,2994.0,4.5713221216520334e-10,3037.0,BID
667,1712453409.5682774,2399412.15330295,2990.0,-1.969597127533057e-11,3037.0,ASK
668,1712453409.57408,2399463.6805524,2990.0,-6.89104631668735e-10,3037.0,ASK
669,1712453409.908379,2399471.0566379,2994.0,9.864478961513184e-11,3037.0,BID
670,1712453411.4701807,2399497.59204204,2994.0,3.5487378214883767e-10,3037.0,BID
671,1712453411.5482998,2399533.59204204,2990.0,-4.81449466150686e-10,3037.0,ASK
672,1712453411.9089837,2399548.51087971,2994.0,1.9951851199166886e-10,3037.0,BID
673,1712453412.0085547,2399578.51087971,2990.0,-4.0120788845890546e-10,3037.0,ASK
674,1712453412.7410388,2399598.7106125,2994.0,2.70143071340149e-10,3037.0,BID
675,1712453412.8381698,2399610.7106125,2990.0,-1.6048315538356222e-10,3037.0,ASK
676,1712453413.0785928,2399641.28876881,2994.0,4.0893991753850245e-10,3037.0,BID
677,1712453413.198454,2399679.28876881,2990.0,-5.081966587146131e-10,3037.0,ASK
678,1712453413.75839,2399690.37928317,2994.0,1.4832006160990179e-10,3037.0,BID
679,1712453413.8400242,2399715.37928317,2990.0,-3.3433990704908793e-10,3037.0,ASK
680,1712453414.4784992,2399723.89832124,2994.0,1.1393017585876748e-10,3037.0,BID
681,1712453414.8980846,2399758.36625711,2994.0,4.6096025899713165e-10,3037.0,BID
682,1712453414.9892228,2399805.36625711,2990.0,-6.285590252522854e-10,3037.0,ASK
683,1712453415.5185568,2399933.67090338,2994.0,1.715894540313564e-09,3037.0,BID
684,1712453415.5248692,2399947.42820217,2994.0,1.8398455994671423e-10,3037.0,BID
685,1712453415.527672,2400113.17661377,2994.0,-2.2166523411152838e-09,3037.0,ASK
686,1712453415.5318456,2400113.17661378,2994.0,-1.370064533330488e-19,3037.0,ASK
687,1712453415.6282814,2400972.46354778,2990.0,-1.1491756545681886e-08,3037.0,ASK
688,1712453415.6686502,2401634.52444518,2990.0,-8.854135155897676e-09,3037.0,ASK
689,1712453415.674571,2402582.60820078,2990.0,-1.2679289388885729e-08,3037.0,ASK
690,1712453415.6892552,2403338.21676362,2990.0,-1.0105203866612584e-08,3037.0,ASK
691,1712453415.694843,2404125.90452509,2990.0,-1.0534218118146164e-08,3037.0,ASK
692,1712453415.6999948,2405403.22397984,2990.0,-1.7082354710924885e-08,3037.0,ASK
693,1712453415.705686,2406538.29145678,2990.0,-1.517993418938083e-08,3037.0,ASK
694,1712453415.711485,2406625.82127414,2990.0,-1.1705884400064763e-09,3037.0,ASK
695,1712453415.7142274,2406816.21270049,2990.0,-2.546218071551958e-09,3037.0,ASK
696,1712453416.1095624,2406849.8389118,2989.0,-4.4970337455556216e-10,3037.0,ASK
697,1712453416.1143155,2406869.09233664,2989.0,-2.574875308559294e-10,3037.0,ASK
698,1712453416.1190517,2407430.30075871,2989.0,-7.505374866800673e-09,3037.0,ASK
699,1712453416.5287895,2407455.68946191,2992.0,3.3953826671986056e-10,3037.0,BID
700,1712453416.600377,2407552.53123173,2989.0,-1.2951227327983503e-09,3037.0,ASK
701,1712453416.618556,2407571.56930604,2989.0,-2.546075198133549e-10,3037.0,ASK
702,1712453416.6241736,2407614.56930604,2988.0,-5.750646401244313e-10,3037.0,ASK
703,1712453416.8705273,2408037.45007135,2988.0,-5.655436630664011e-09,3037.0,ASK
704,1712453417.1737938,2408073.86425669,2989.0,4.869886136682037e-10,3037.0,BID
705,1712453417.183526,2408125.86425669,2988.0,-6.954270066621031e-10,3037.0,ASK
706,1712453417.3087747,2408144.53114793,2988.0,-2.4964346728373856e-10,3037.0,ASK
707,1712453417.3227851,2408158.29794846,2988.0,-1.8411163238594958e-10,3037.0,ASK
708,1712453417.3257976,2408191.76515059,2988.0,-4.475768499704644e-10,3037.0,ASK
709,1712453417.3293357,2408191.7651506,2988.0,-1.370064533330488e-19,3037.0,ASK
710,1712453417.5126617,2408306.57416725,2987.0,-1.5354094382073567e-09,3037.0,ASK
711,1712453417.5194662,2408316.57416725,2987.0,-1.3373596281963518e-10,3037.0,ASK
712,1712453417.6184835,2408336.57416725,2986.0,-2.674719256392704e-10,3037.0,ASK
713,1712453417.7422428,2408338.25769035,2986.0,2.2514758269014304e-11,3037.0,BID
714,1712453417.8602116,2408356.25769035,2985.0,-2.4072473307534326e-10,3037.0,ASK
715,1712453418.059156,2408391.81160863,2986.0,4.754837493209577e-10,3037.0,BID
716,1712453418.140286,2408424.81160863,2985.0,-4.41328677304796e-10,3037.0,ASK
717,1712453418.799428,2408426.95829775,2987.0,2.8708953630403702e-11,3037.0,BID
718,1712453418.8060453,2408429.84248868,2989.0,3.8572005098637614e-11,3037.0,BID
719,1712453418.8113143,2408451.7759406,2990.0,2.9332913104548264e-10,3037.0,BID
720,1712453418.8163517,2408455.40034054,2989.0,4.847126156216832e-11,3037.0,BID
721,1712453418.8204222,2408457.40457229,2987.0,2.6803786280445207e-11,3037.0,BID
722,1712453419.498199,2408463.70366897,2989.0,8.424157594267057e-11,3037.0,BID
723,1712453419.9182506,2408500.34936987,2989.0,4.900848093046372e-10,3037.0,BID
724,1712453419.9981718,2408516.34936987,2985.0,-2.1397754051141627e-10,3037.0,ASK
725,1712453420.811747,2409126.40457229,2989.0,8.158631986874871e-09,3037.0,BID
726,1712453420.8184123,2409259.37057184,2989.0,1.778233597211931e-09,3037.0,BID
727,1712453420.929123,2410610.11939071,2989.0,-1.8064369381902467e-08,3037.0,ASK
728,1712453420.935588,2410681.15559559,2989.0,-9.500095254693503e-10,3037.0,ASK
729,1712453420.940771,2410794.31251091,2989.0,-1.513314902003129e-09,3037.0,ASK
730,1712453420.9497445,2411011.79341379,2989.0,-2.908501794153563e-09,3037.0,ASK
731,1712453421.0087574,2411682.7568488,2989.0,-8.973194099783918e-09,3037.0,ASK
732,1712453421.0682514,2413666.06758536,2989.0,-2.6523997092434428e-08,3037.0,ASK
733,1712453421.550243,2413696.06591255,2989.0,4.0118551697406396e-10,3037.0,BID
734,1712453421.628924,2413751.06591255,2985.0,-7.35547795507993e-10,3037.0,ASK
735,1712453421.928578,2413772.22817417,2989.0,2.8301554332136343e-10,3037.0,BID
736,1712453422.758725,2413805.14589992,2990.0,4.402283746979458e-10,3037.0,BID
737,1712453422.878867,2413850.14589992,2986.0,-6.018118326883583e-10,3037.0,ASK
738,1712453423.0987484,2413860.10676948,2990.0,1.3321264811298274e-10,3037.0,BID
739,1712453423.1781957,2413866.10676948,2986.0,-8.024157769178111e-11,3037.0,ASK
740,1712453423.758331,2413878.35158553,2990.0,1.6375722640494454e-10,3037.0,BID
741,1712453424.498487,2413909.53954539,2990.0,4.170951840205521e-10,3037.0,BID
742,1712453424.5786076,2413948.53954539,2986.0,-5.21570254996577e-10,3037.0,ASK
743,1712453424.904356,2413952.78302365,2990.0,5.6750565080569545e-11,3037.0,BID
744,1712453426.4885497,2413984.17165241,2990.0,4.1977884888538634e-10,3037.0,BID
745,1712453426.588198,2414014.17165241,2986.0,-4.0120788845890546e-10,3037.0,ASK
746,1712453426.928363,2414021.41446177,2990.0,9.686240832673723e-11,3037.0,BID
747,1712453427.028869,2414063.41446177,2986.0,-5.616910438424676e-10,3037.0,ASK
748,1712453427.5318754,2416063.41446177,2986.0,-2.6747192563927044e-08,3037.0,ASK
749,1712453427.5349202,2418036.25633177,2986.0,-2.6383990697535563e-08,3037.0,ASK
750,1712453427.7482626,2418069.14094715,2990.0,4.3978556997777976e-10,3037.0,BID
751,1712453428.0888195,2418084.10051069,2990.0,2.0006316333605552e-10,3037.0,BID
752,1712453428.0979156,2418084.35515808,2992.0,3.4055513879234144e-12,3037.0,BID
753,1712453428.759523,2418094.49085326,2992.0,1.3555069537335209e-10,3037.0,BID
754,1712453428.8381906,2418107.49085326,2986.0,-1.7385675166552574e-10,3037.0,ASK
755,1712453429.378806,2418315.67668213,2992.0,2.7841932269354966e-09,3037.0,BID
756,1712453429.5183983,2418321.9263479,2992.0,8.35805069080493e-11,3037.0,BID
757,1712453429.9186878,2418350.86919549,2992.0,3.8706995891855504e-10,3037.0,BID
758,1712453430.0893328,2418350.86919549,2992.0,0.0,3037.0,BID
759,1712453430.300561,2418353.18082028,2985.0,-3.089053175994905e-11,3037.0,ASK
760,1712453430.303604,2425103.76302311,2985.0,-9.020887595161693e-08,3037.0,ASK
761,1712453430.3065808,2427198.65867228,2986.0,-2.7994353089773663e-08,3037.0,ASK
762,1712453430.3185363,2427275.5630733,2986.0,-1.0276831483971267e-09,3037.0,ASK
763,1712453430.9250357,2429221.44698045,2985.0,-2.6003090507179854e-08,3037.0,ASK
764,1712453430.928314,2429614.4176243,2985.0,-5.251315960397457e-09,3037.0,ASK
765,1712453431.0072105,2429614.41762481,2985.0,-6.813845701581418e-18,3037.0,ASK
766,1712453431.4093618,2432460.21876881,2986.0,-3.802879731980173e-08,3037.0,ASK
767,1712453431.5087235,2432798.17253381,2987.0,-4.516118513675212e-09,3037.0,ASK
768,1712453431.5282366,2432809.33373782,2990.0,1.4914856789197939e-10,3037.0,BID
769,1712453431.5685308,2432809.33373879,2986.0,-1.2961863558350769e-17,3037.0,ASK
770,1712453431.575209,2432809.33373938,2987.0,-7.884148405391469e-18,3037.0,ASK
771,1712453431.6084027,2433209.56614433,2986.0,5.3483557840127315e-09,3037.0,BID
772,1712453431.6283305,2433343.34540833,2986.0,-1.7877090698988375e-09,3037.0,ASK
773,1712453431.9483876,2433350.79438792,2989.0,9.954164775368383e-11,3037.0,BID
774,1712453432.7986224,2433365.35258189,2990.0,1.9454297043732176e-10,3037.0,BID
775,1712453432.8682268,2433379.35258189,2986.0,-1.8708375446390555e-10,3037.0,ASK
776,1712453433.095216,2433415.78569225,2990.0,4.86860219496937e-10,3037.0,BID
777,1712453433.1682832,2433420.78569225,2986.0,-6.681562659425197e-11,3037.0,ASK
778,1712453433.1884086,2435800.26443025,2986.0,-3.1797272569436e-08,3037.0,ASK
779,1712453433.774491,2435819.98750717,2990.0,2.6356194855562056e-10,3037.0,BID
780,1712453433.8684094,2435832.98750717,2986.0,-1.7372062914505508e-10,3037.0,ASK
781,1712453436.3199894,2435917.12488175,2989.0,1.1243382805103475e-09,3037.0,BID
782,1712453436.4649894,2435928.14930463,2989.0,1.4732074451072186e-10,3037.0,BID
783,1712453436.93706,2435936.03521965,2989.0,1.0538047066626627e-10,3037.0,BID
784,1712453438.8740413,2435937.77876904,2986.0,-2.3299269001253063e-11,3037.0,ASK
785,1712453444.2201235,2436187.77876904,2986.0,-3.340781329712599e-09,3037.0,ASK
786,1712453444.2261565,2436314.01998683,2989.0,1.6869772137343481e-09,3037.0,BID
787,1712453445.6812,2436372.10847036,2986.0,-7.76243684988436e-10,3037.0,ASK
788,1712453446.0586271,2436374.10847036,2989.0,2.672625063770079e-11,3037.0,BID
789,1712453450.0407245,2436409.8083945,2986.0,-4.77062560159443e-10,3037.0,ASK
790,1712453450.6185515,2436659.8083945,2989.0,3.340781329712599e-09,3037.0,BID
791,1712453454.5416694,2436687.56516184,2986.0,-3.709171604106532e-10,3037.0,ASK
792,1712453457.7120323,2438984.50872565,2986.0,-3.069434469352099e-08,3037.0,ASK
793,1712453458.8531902,2439653.89147565,2987.0,-8.945045574525012e-09,3037.0,ASK
794,1712453459.588188,2439653.89147652,2987.0,-1.162398517858821e-17,3037.0,ASK
795,1712453459.5980356,2439705.7739005,2986.0,-6.93311333492627e-10,3037.0,ASK
796,1712453460.128124,2439705.7739005,2986.0,-0.0,3037.0,ASK
797,1712453463.0484698,2440115.14784297,2986.0,-5.465858244437348e-09,3037.0,ASK
798,1712453464.868813,2440133.14088378,2986.0,-2.402385698017628e-10,3037.0,ASK
799,1712453469.408317,2442293.72781758,2986.0,-2.8847615052574453e-08,3037.0,ASK
800,1712453469.616757,2442350.81529542,2986.0,-7.622176915393804e-10,3037.0,ASK
801,1712453469.7181785,2443000.81529542,2986.0,-8.678637036462306e-09,3037.0,ASK
802,1712453470.7973003,2443587.51119294,2986.0,-7.833416531320054e-09,3037.0,ASK
803,1712453474.398214,2444343.99173439,2986.0,-1.0100338529831972e-08,3037.0,ASK
804,1712453479.878726,2445104.19548723,2986.0,-1.01500499148528e-08,3037.0,ASK
805,1712453479.8845322,2445269.40727804,2986.0,-2.205866410127432e-09,3037.0,ASK
806,1712453481.3383856,2446134.10074204,2986.0,-1.1545170341322156e-08,3037.0,ASK
807,1712453483.228462,2446155.37069638,2986.0,-2.839910976854219e-10,3037.0,ASK
808,1712453486.88884,2446260.77766363,2986.0,-1.4073673998129967e-09,3037.0,ASK
809,1712453490.138155,2446260.77766363,2986.0,-0.0,3037.0,ASK
810,1712453493.395932,2446389.30557315,2986.0,-1.7156240682132207e-09,3037.0,ASK
811,1712453494.0344765,2446422.93178446,2986.0,-4.4885144138216944e-10,3037.0,ASK
812,1712453495.0662465,2446434.82218968,2986.0,-1.5871623099119743e-10,3037.0,ASK
813,1712453495.0720494,2446828.79282353,2986.0,-5.2588228045256845e-09,3037.0,ASK
814,1712453495.10511,2446873.98456563,2986.0,-6.032311637311993e-10,3037.0,ASK
815,1712453495.110756,2447234.65386259,2986.0,-4.8143078716551515e-09,3037.0,ASK
816,1712453504.4841375,2447241.33998114,2986.0,-8.924805476387752e-11,3037.0,ASK
817,1712453516.458213,2447246.35371188,2986.0,6.6924585957272e-11,3037.0,BID
818,1712453520.0892787,2447246.35371188,2986.0,0.0,3037.0,BID
819,1712453524.3383794,2447249.35371188,2985.0,-4.0043209659490606e-11,3037.0,ASK
820,1712453525.9588127,2447318.20169994,2985.0,-9.189648068430303e-10,3037.0,ASK
821,1712453525.9623482,2447324.49938861,2985.0,-8.405988926087935e-11,3037.0,ASK
1022,1712453525.9677143,2447538.54150831,2985.0,-2.85697782503624e-09,3037.0,ASK
822,1712453525.9677143,2447538.54150831,2985.0,-2.8569778250362404e-09,3037.0,ASK
823,1712453528.7510972,2447625.29784724,2985.0,-1.158000756357584e-09,3037.0,ASK
824,1712453531.4387586,2447655.27865282,2985.0,-4.0017589452775455e-10,3037.0,ASK
825,1712453539.3683603,2447733.35935784,2985.0,1.0422006804937159e-09,3037.0,BID
826,1712453539.3782792,2447875.95085196,2985.0,1.903273698238287e-09,3037.0,BID
827,1712453541.6086965,2447875.95085197,2985.0,1.3052600790580466e-19,3037.0,BID
828,1712453541.61327,2448312.83277067,2986.0,5.8313847556474925e-09,3037.0,BID
829,1712453542.0103838,2449278.76015967,2986.0,1.2892944317858138e-08,3037.0,BID
830,1712453542.2489772,2449734.44482584,2986.0,6.082358875357076e-09,3037.0,BID
831,1712453542.254844,2450076.73474536,2986.0,4.568795670553798e-09,3037.0,BID
832,1712453542.2582848,2450801.88952138,2986.0,9.679174910582943e-09,3037.0,BID
833,1712453548.4482791,2451257.57418755,2986.0,-6.082358875357076e-09,3037.0,ASK
834,1712453548.5147858,2451398.23753734,2986.0,1.8775373356766357e-09,3037.0,BID
835,1712453548.5280523,2451398.23753736,2986.0,2.6726753999760002e-19,3037.0,BID
836,1712453550.0786514,2451398.23753736,2986.0,0.0,3037.0,BID
837,1712453567.7095222,2451574.06154765,2986.0,-2.3464642984647353e-09,3037.0,ASK
838,1712453567.7166836,2451768.00231395,2986.0,-2.588241977810062e-09,3037.0,ASK
839,1712453569.1085503,2451997.64620004,2986.0,-3.064718972005006e-09,3037.0,ASK
840,1712453580.1315875,2451997.64620004,2986.0,-0.0,3037.0,ASK
841,1712453582.9384649,2455703.00933542,2986.0,-4.9448847294960724e-08,3037.0,ASK
842,1712453610.2228174,2455703.00933542,2986.0,-0.0,3037.0,ASK
843,1712453615.0285735,2456087.67887356,2987.0,-5.13273770206347e-09,3037.0,ASK
844,1712453616.7239006,2456131.67887356,2990.0,5.871025295709722e-10,3037.0,BID
845,1712453619.1621366,2456316.91048988,2987.0,-2.47158978404645e-09,3037.0,ASK
846,1712453619.2386582,2456428.17996537,2987.0,-1.484695239184752e-09,3037.0,ASK
847,1712453620.1542466,2456439.89552739,2986.0,-1.5632354766513143e-10,3037.0,ASK
848,1712453620.1576254,2456445.05458586,2986.0,-6.883855177512138e-11,3037.0,ASK
849,1712453625.4087434,2456446.72772068,2989.0,2.232503829946456e-11,3037.0,BID
850,1712453629.259829,2456480.16731156,2987.0,-4.461924634840835e-10,3037.0,ASK
851,1712453640.093033,2456480.16731156,2987.0,-0.0,3037.0,ASK
852,1712453649.2784762,2456520.34139927,2987.0,5.36035861967693e-10,3037.0,BID
853,1712453651.329599,2456539.22397261,2986.0,-2.5194689048157834e-10,3037.0,ASK
854,1712453651.338295,2456582.5369503,2986.0,-5.7791752479369e-10,3037.0,ASK
855,1712453670.08873,2456582.5369503,2986.0,-0.0,3037.0,ASK
856,1712453672.530886,2456585.88591212,2986.0,-4.4684432565721307e-11,3037.0,ASK
857,1712453672.538051,2456648.5491822,2986.0,-8.36101698622917e-10,3037.0,ASK
858,1712453680.3383646,2456694.43008573,2986.0,-6.12178415310283e-10,3037.0,ASK
859,1712453689.9386065,2456822.30115856,2985.0,-1.706154515421089e-09,3037.0,ASK
860,1712453689.9464917,2456827.65124231,2985.0,-7.138494536931096e-11,3037.0,ASK
861,1712453690.0595694,2456902.45552617,2985.0,9.980964721359111e-10,3037.0,BID
862,1712453690.8985455,2457021.52432291,2985.0,1.5887077562364311e-09,3037.0,BID
863,1712453697.1275828,2457038.26913201,2985.0,2.23422162841033e-10,3037.0,BID
864,1712453700.150016,2457038.26913201,2985.0,0.0,3037.0,BID
865,1712453702.490944,2457040.83860251,2984.0,-3.4298774253543734e-11,3037.0,ASK
1066,1712453702.495304,2457502.98511004,2984.0,-6.1689981402949305e-09,3037.0,ASK
866,1712453702.495304,2457502.98511004,2984.0,-6.16899814029493e-09,3037.0,ASK
867,1712453702.5018234,2457537.48897071,2984.0,-4.60577433430631e-10,3037.0,ASK
868,1712453719.7794092,2457879.14196374,2987.0,4.5605812102580686e-09,3037.0,BID
869,1712453719.7830296,2457900.73085244,2987.0,2.8818093845148846e-10,3037.0,BID
870,1712453730.1386774,2457900.73085244,2987.0,0.0,3037.0,BID
871,1712453730.3195677,2457948.51198699,2987.0,-6.37788223604001e-10,3037.0,ASK
872,1712453760.083814,2457948.51198699,2987.0,-0.0,3037.0,ASK
873,1712453780.7320633,2457952.51198699,2988.0,5.3392370405570507e-11,3037.0,BID
874,1712453788.958397,2458202.58339126,2988.0,3.337976261154869e-09,3037.0,BID
875,1712453790.0916126,2458202.58339126,2988.0,0.0,3037.0,BID
876,1712453795.1866207,2458204.25619152,2989.0,2.232846651235909e-11,3037.0,BID
877,1712453795.3182116,2458208.25619152,2989.0,5.3391829364301145e-11,3037.0,BID
878,1712453798.9084446,2458292.85680867,2988.0,-1.1292454287447703e-09,3037.0,ASK
879,1712453799.098161,2458393.28051997,2987.0,-1.34045141446969e-09,3037.0,ASK
880,1712453803.8137877,2458484.97638523,2988.0,1.2239524978430863e-09,3037.0,BID
881,1712453820.1288116,2458484.97638523,2988.0,0.0,3037.0,BID
882,1712453826.162582,2458488.97638523,2989.0,5.339122809301983e-11,3037.0,BID
883,1712453826.579038,2458566.77074139,2988.0,-1.038384053520255e-09,3037.0,ASK
884,1712453826.587983,2458819.60476043,2987.0,-3.374779695056653e-09,3037.0,ASK
885,1712453832.5983734,2458821.62041081,2989.0,2.6904512303967064e-11,3037.0,BID
886,1712453844.1595736,2458854.51421137,2989.0,4.39060102135239e-10,3037.0,BID
887,1712453844.1684484,2459436.95993726,2989.0,7.774373150697725e-09,3037.0,BID
888,1712453847.298413,2459470.45993726,2988.0,4.47151535279041e-10,3037.0,BID
889,1712453847.7184043,2459815.03825051,2988.0,4.5993648296609605e-09,3037.0,BID
890,1712453847.7798328,2460569.56117273,2988.0,1.007122636041108e-08,3037.0,BID
891,1712453850.1295495,2460577.46748188,2989.0,1.05531888802522e-10,3037.0,BID
892,1712453850.1374328,2460774.07439669,2990.0,2.6242711583201387e-09,3037.0,BID
893,1712453850.141332,2460774.07439669,2990.0,0.0,3037.0,BID
894,1712453858.498812,2460778.07439669,2990.0,5.3386789252179197e-11,3037.0,BID
895,1712453863.4357178,2460845.19780806,2990.0,8.95875854174054e-10,3037.0,BID
896,1712453868.8542788,2460968.90523281,2990.0,1.6510855535156634e-09,3037.0,BID
897,1712453872.4794042,2461271.31055188,2990.0,4.036112259481729e-09,3037.0,BID
898,1712453879.3971918,2461315.12326091,2988.0,-5.84754965890979e-10,3037.0,ASK
899,1712453879.4021297,2461321.52240753,2987.0,-8.540747299517689e-11,3037.0,ASK
900,1712453880.0792234,2461321.52240753,2987.0,-0.0,3037.0,ASK
901,1712453887.4392817,2461610.51689537,2987.0,-3.8570062182988975e-09,3037.0,ASK
902,1712453887.4475806,2462371.24036221,2987.0,-1.015284119754714e-08,3037.0,ASK
903,1712453893.1201222,2462376.80835618,2987.0,-7.431210029268734e-11,3037.0,ASK
904,1712453893.1265202,2462629.78400635,2987.0,-3.376288119117102e-09,3037.0,ASK
905,1712453910.0790012,2462629.78400635,2987.0,-0.0,3037.0,ASK
906,1712453914.6383452,2462720.82015092,2988.0,1.214932044115224e-09,3037.0,BID
907,1712453937.3084788,2462787.7545552,2988.0,8.932798395374317e-10,3037.0,BID
908,1712453938.5587952,2462987.7545552,2988.0,2.6691201606879887e-09,3037.0,BID
909,1712453940.1387026,2462987.7545552,2988.0,0.0,3037.0,BID
910,1712453941.590111,2463243.77890503,2987.0,-3.4167499958143993e-09,3037.0,ASK
911,1712453941.596166,2465252.4832907,2987.0,-2.6806984202466032e-08,3037.0,ASK
912,1712453948.4902058,2465471.03032786,2987.0,2.9165998812168103e-09,3037.0,BID
913,1712453955.0584502,2465574.10150295,2987.0,1.3755271218999064e-09,3037.0,BID
914,1712453970.150634,2465574.10150295,2987.0,0.0,3037.0,BID
915,1712453984.8396704,2465590.52241447,2986.0,-2.1912121062203757e-10,3037.0,ASK
1115,1712453984.8396704,2465590.52241447,2986.0,-2.191212106220376e-10,3037.0,ASK
916,1712453984.8465314,2466625.95028162,2986.0,-1.3816785230335393e-08,3037.0,ASK
917,1712454000.1189957,2466625.95028162,2986.0,-0.0,3037.0,ASK
918,1712454007.8385024,2466650.76420446,2989.0,3.3121545809538217e-10,3037.0,BID
919,1712454007.8501174,2467676.15939792,2989.0,1.3686942645796504e-08,3037.0,BID
920,1712454007.8544316,2469316.34547508,2990.0,2.189315193761708e-08,3037.0,BID
921,1712454007.8578565,2469955.95028162,2990.0,8.537424749915958e-09,3037.0,BID
922,1712454027.2031,2471574.0031281,2989.0,2.1597718273785853e-08,3037.0,BID
923,1712454029.8285377,2471607.44794415,2987.0,-4.4642034796968886e-10,3037.0,ASK
924,1712454030.0894425,2471607.44794415,2987.0,-0.0,3037.0,ASK
925,1712454030.8291805,2471741.36156986,2987.0,1.787119671452063e-09,3037.0,BID
926,1712454036.5510418,2471746.37914811,2987.0,6.696116803430778e-11,3037.0,BID
927,1712454039.688247,2472088.44166924,2986.0,-4.564932486418412e-09,3037.0,ASK
928,1712454046.8285072,2472166.06564923,2986.0,-1.035916553529748e-09,3037.0,ASK
929,1712454052.5332682,2472402.74925766,2987.0,-3.158617581237752e-09,3037.0,ASK
930,1712454059.0585132,2472406.15431776,2987.0,-4.5441603531697605e-11,3037.0,ASK
931,1712454060.1384566,2472406.15431776,2987.0,-0.0,3037.0,ASK
932,1712454079.0184648,2472495.62570917,2987.0,-1.193985996535376e-09,3037.0,ASK
933,1712454090.1382933,2472495.62570917,2987.0,-0.0,3037.0,ASK
934,1712454090.3590088,2472604.96139954,2987.0,-1.459067704055022e-09,3037.0,ASK
935,1712454090.3628242,2472639.8936833,2987.0,-4.661658685354301e-10,3037.0,ASK
936,1712454110.6588187,2474743.60456731,2986.0,-2.80736930378862e-08,3037.0,ASK
937,1712454111.238593,2475078.5007495,2986.0,-4.469137223098623e-09,3037.0,ASK
938,1712454118.7822309,2475139.56597266,2986.0,-8.14905861503998e-10,3037.0,ASK
939,1712454120.0884905,2475139.56597266,2986.0,-0.0,3037.0,ASK
940,1712454120.6586022,2475826.02681433,2986.0,-9.159747628774276e-09,3037.0,ASK
941,1712454121.4790554,2476170.442005,2986.0,-4.595682717140204e-09,3037.0,ASK
942,1712454121.501887,2476306.11396229,2986.0,-1.8103303402619447e-09,3037.0,ASK
943,1712454121.5384758,2476405.05509244,2986.0,-1.3202148283889708e-09,3037.0,ASK
944,1712454121.559493,2476704.10906743,2986.0,-3.990408151505872e-09,3037.0,ASK
945,1712454121.5661986,2476747.34500201,2986.0,-5.76916009201116e-10,3037.0,ASK
946,1712454121.5981774,2476871.06532716,2986.0,-1.6508544787027091e-09,3037.0,ASK
947,1712454130.1089177,2476903.96037069,2986.0,-4.3893297138374976e-10,3037.0,ASK
948,1712454130.1153502,2477305.38991135,2986.0,-5.356450157061506e-09,3037.0,ASK
949,1712454130.9381192,2478697.17834761,2985.0,-1.8571242603992168e-08,3037.0,ASK
950,1712454131.2984896,2480772.56440192,2986.0,2.7692784986130745e-08,3037.0,BID
951,1712454136.55878,2481738.40578418,2986.0,-1.2887644529598081e-08,3037.0,ASK
952,1712454137.238779,2482025.59923057,2986.0,-3.832147924374736e-09,3037.0,ASK
953,1712454138.7588398,2482624.86243933,2986.0,-7.996231426840827e-09,3037.0,ASK
954,1712454139.488376,2482780.80953757,2986.0,-2.080870424949105e-09,3037.0,ASK
955,1712454139.9888985,2482873.08553793,2986.0,-1.2312790827728252e-09,3037.0,ASK
956,1712454139.9977098,2484390.62774506,2986.0,-2.0249230239428645e-08,3037.0,ASK
957,1712454143.0983157,2484640.62774506,2987.0,3.3358594812541397e-09,3037.0,BID
958,1712454148.05823,2484720.29029075,2987.0,1.0629722333674867e-09,3037.0,BID
959,1712454150.0970502,2484720.29029075,2987.0,0.0,3037.0,BID
960,1712454160.4084058,2485157.1775218,2986.0,-5.827353256855524e-09,3037.0,ASK
961,1712454163.8485622,2485227.88742882,2987.0,9.431532388219376e-10,3037.0,BID
962,1712454163.857272,2485275.63718032,2987.0,6.36902729447896e-10,3037.0,BID
963,1712454165.7284331,2485315.90132494,2987.0,5.3705711133166e-10,3037.0,BID
964,1712454168.3981898,2486172.94852949,2987.0,1.1431592556982898e-08,3037.0,BID
965,1712454175.3882504,2486356.15274776,2987.0,2.443641338385846e-09,3037.0,BID
966,1712454179.8081706,2486474.4942275,2987.0,1.578479658760246e-09,3037.0,BID
967,1712454180.1413982,2486474.4942275,2987.0,0.0,3037.0,BID
968,1712454192.3734312,2486481.18990878,2987.0,8.930307587331279e-11,3037.0,BID
969,1712454193.8582664,2486731.18990878,2986.0,-3.334353598198569e-09,3037.0,ASK
970,1712454198.5182955,2488020.05417882,2986.0,-1.7190116865587572e-08,3037.0,ASK
971,1712454198.52248,2488074.97109588,2986.0,-7.32449680004416e-10,3037.0,ASK
972,1712454201.3283052,2488121.53491869,2986.0,-6.210410005305827e-10,3037.0,ASK
973,1712454204.0241444,2488374.42446084,2985.0,-3.372892619256504e-09,3037.0,ASK
974,1712454210.1442142,2488374.42446084,2985.0,-0.0,3037.0,ASK
975,1712454210.8291297,2492256.44899499,2985.0,-5.177225268078135e-08,3037.0,ASK
976,1712454210.8406658,2492337.68548517,2985.0,-1.0834027604703412e-09,3037.0,ASK
977,1712454222.5088675,2492543.47398077,2985.0,2.744478789163876e-09,3037.0,BID
978,1712454222.5165277,2492672.24693853,2985.0,1.717368359975428e-09,3037.0,BID
979,1712454240.078379,2492672.24693853,2985.0,0.0,3037.0,BID
980,1712454260.3785503,2493091.14782659,2984.0,-5.585676366739219e-09,3037.0,ASK
981,1712454260.387347,2493098.72732168,2984.0,-1.0106592705594259e-10,3037.0,ASK
1181,1712454260.387347,2493098.72732168,2984.0,-1.010659270559426e-10,3037.0,ASK
982,1712454260.393977,2493110.24411654,2984.0,-1.5356637023950307e-10,3037.0,ASK
983,1712454269.0883758,2493791.41474649,2984.0,-9.082813615043849e-09,3037.0,ASK
984,1712454269.530059,2494402.28033495,2984.0,-8.145357477078e-09,3037.0,ASK
985,1712454270.0915186,2494402.28033495,2984.0,-0.0,3037.0,ASK
986,1712454270.5465162,2494737.40097839,2984.0,-4.468232623102205e-09,3037.0,ASK
987,1712454271.0785089,2494908.76592736,2984.0,-2.2848441909840484e-09,3037.0,ASK
988,1712454271.0864265,2494955.67383898,2984.0,-6.254328555559698e-10,3037.0,ASK
989,1712454276.1001225,2495057.61925729,2984.0,1.3592592780676023e-09,3037.0,BID
990,1712454277.7180784,2495066.9503053,2984.0,-1.2441278668375588e-10,3037.0,ASK
991,1712454280.5888164,2495100.47360399,2983.0,-4.469730521624147e-10,3037.0,ASK
992,1712454280.6026568,2495245.56057335,2983.0,-1.934474471723235e-09,3037.0,ASK
993,1712454289.931338,2495524.66428695,2983.0,-3.721347349820879e-09,3037.0,ASK
994,1712454289.9364598,2495547.19381105,2983.0,-3.003907892192224e-10,3037.0,ASK
995,1712454295.028875,2497530.89855413,2983.0,-2.6449144274260213e-08,3037.0,ASK
996,1712454295.869084,2497627.51668779,2983.0,-1.2882294936261396e-09,3037.0,ASK
997,1712454300.1149957,2497627.51668779,2983.0,-0.0,3037.0,ASK
998,1712454313.5780828,2497722.62016659,2983.0,-1.2681546784620843e-09,3037.0,ASK
999,1712454322.8485606,2497786.34521727,2983.0,-8.497399062007963e-10,3037.0,ASK
1000,1712454325.5582447,2497786.34521729,2983.0,-2.670019387696973e-19,3037.0,ASK
1201,1712454330.0782914,2497786.34521729,2983.0,-0.0,3037.0,ASK
1202,1712454333.1186628,2497789.69867134,2982.0,-4.4716256748303046e-11,3037.0,ASK
1203,1712454333.121459,2497876.33027758,2982.0,-1.1551794326728663e-09,3037.0,ASK
1204,1712454360.1401832,2497876.33027758,2982.0,-0.0,3037.0,ASK
1205,1712454361.1482255,2498248.78684988,2983.0,4.966462600403089e-09,3037.0,BID
1206,1712454361.2083676,2498304.81052321,2983.0,7.470387127607422e-10,3037.0,BID
1207,1712454367.1083689,2498363.16339375,2982.0,-7.780970204715242e-10,3037.0,ASK
1208,1712454367.939061,2498442.82593944,2982.0,-1.0622474759415995e-09,3037.0,ASK
1209,1712454373.2585754,2498447.83787069,2982.0,-6.683079574767582e-11,3037.0,ASK
1210,1712454373.261626,2498778.17134521,2982.0,-4.404778889343151e-09,3037.0,ASK
1211,1712454377.1286132,2499263.29584819,2982.0,-6.468815104288796e-09,3037.0,ASK
1212,1712454380.6788688,2499505.85809968,2982.0,-3.234407552147502e-09,3037.0,ASK
1213,1712454383.7383666,2499627.13922542,2982.0,-1.617203776008554e-09,3037.0,ASK
1214,1712454390.1284766,2499627.13922542,2982.0,-0.0,3037.0,ASK
1215,1712454397.4481251,2499698.46683452,2982.0,-9.510403824813904e-10,3037.0,ASK
1216,1712454420.0787015,2499698.46683452,2982.0,-0.0,3037.0,ASK
1217,1712454427.6191697,2499700.19675897,2982.0,-2.3065729605274903e-11,3037.0,ASK
1218,1712454450.1160274,2499700.19675897,2982.0,-0.0,3037.0,ASK
1219,1712454454.6888642,2499787.84199231,2982.0,-1.168606590977488e-09,3037.0,ASK
1220,1712454454.691994,2499858.10017473,2982.0,-9.367785550688703e-10,3037.0,ASK
1221,1712454454.6982572,2500196.46312893,2981.0,-4.5115194900358005e-09,3037.0,ASK
1222,1712454454.7011745,2500229.79251504,2981.0,-4.4439313807739023e-10,3037.0,ASK
1223,1712454454.7029552,2500246.55978532,2982.0,-2.2356426944562048e-10,3037.0,ASK
1224,1712454454.704268,2500462.75938523,2980.0,-2.8826699159160517e-09,3037.0,ASK
1225,1712454458.8082254,2501118.23677845,2980.0,-8.739724600715823e-09,3037.0,ASK
1226,1712454459.536653,2501120.2468287,2985.0,2.680074980179917e-11,3037.0,BID
1227,1712454464.8680694,2501269.33582082,2980.0,-1.9878591475563496e-09,3037.0,ASK
1228,1712454478.0425024,2501410.12242048,2985.0,1.877160251787365e-09,3037.0,BID
1229,1712454478.127277,2501745.46782624,2980.0,-4.471285391035832e-09,3037.0,ASK
1230,1712454479.7623558,2501748.81790999,2985.0,4.4667916338401564e-11,3037.0,BID
1231,1712454480.159813,2501748.81790999,2985.0,0.0,3037.0,BID
1232,1712454499.2809324,2502084.27581002,2980.0,-4.472421182857563e-09,3037.0,ASK
1233,1712454510.138626,2502084.27581002,2980.0,-0.0,3037.0,ASK
1234,1712454511.8980668,2502106.27799718,2980.0,-2.9333557633881667e-10,3037.0,ASK
1235,1712454517.448632,2502127.99893988,2980.0,-2.8958599430688616e-10,3037.0,ASK
1236,1712454517.458613,2503463.57405263,2980.0,-1.780603412724681e-08,3037.0,ASK
1237,1712454517.461625,2504297.15860262,2980.0,-1.1113440796682657e-08,3037.0,ASK
1238,1712454517.508176,2504639.44851219,2980.0,4.563446677789012e-09,3037.0,BID
1239,1712454517.5281315,2504935.43027856,2980.0,3.94606142531233e-09,3037.0,BID
1240,1712454520.50829,2505165.09415961,2980.0,3.06190409265099e-09,3037.0,BID
1241,1712454522.208904,2505311.08719584,2980.0,1.9463951975723816e-09,3037.0,BID
1242,1712454522.213281,2505311.08719586,2980.0,2.669546398840208e-19,3037.0,BID
1243,1712454534.7781513,2505439.86015362,2980.0,-1.716815219638617e-09,3037.0,ASK
1244,1712454534.9381046,2505482.22813543,2980.0,5.648545879625415e-10,3037.0,BID
1245,1712454540.0891974,2505482.22813543,2980.0,0.0,3037.0,BID
1246,1712454540.8384004,2505482.22813545,2980.0,2.669186059833544e-19,3037.0,BID
1247,1712454540.8411725,2505625.13462348,2980.0,1.9049878253253477e-09,3037.0,BID
1248,1712454545.7220566,2506017.89404474,2980.0,5.235604947650141e-09,3037.0,BID
1249,1712454548.9181647,2506410.65346599,2980.0,-5.2356049475135765e-09,3037.0,ASK
1250,1712454549.038237,2506586.55062486,2980.0,2.3447637037013342e-09,3037.0,BID
1251,1712454549.0481155,2506609.03550377,2980.0,2.9973041230195464e-10,3037.0,BID
1252,1712454570.078043,2506609.03550377,2980.0,0.0,3037.0,BID
1253,1712454576.2982454,2506895.01253246,2980.0,3.811991892009866e-09,3037.0,BID
1254,1712454576.3499513,2508487.5050427,2980.0,2.122746909055424e-08,3037.0,BID
1255,1712454576.3526256,2508616.25664184,2980.0,1.716221943606991e-09,3037.0,BID
1256,1712454590.6586945,2508747.10411479,2980.0,-1.7441593412593883e-09,3037.0,ASK
1257,1712454590.878232,2508847.94445092,2980.0,-1.344172801138014e-09,3037.0,ASK
1258,1712454599.1482286,2509019.26241245,2983.0,2.283619363762654e-09,3037.0,BID
1259,1712454600.1081123,2509019.26241245,2983.0,0.0,3037.0,BID
1260,1712454605.4443083,2509122.38297673,2980.0,-1.3754093504958531e-09,3037.0,ASK
1261,1712454622.0390172,2509129.12217136,2980.0,-8.988654565528924e-11,3037.0,ASK
1262,1712454622.0482154,2510013.39815833,2980.0,-1.1794363901986228e-08,3037.0,ASK
1263,1712454630.0872326,2510013.39815833,2980.0,-0.0,3037.0,ASK
1264,1712454645.4694364,2510017.75641309,2980.0,-5.812756688429847e-11,3037.0,ASK
1265,1712454660.1331437,2510017.75641309,2980.0,-0.0,3037.0,ASK
1266,1712454673.76811,2510167.85261814,2981.0,-2.0018851965312803e-09,3037.0,ASK
1267,1712454684.908604,2510171.24359812,2983.0,4.522667725499178e-11,3037.0,BID
1268,1712454684.911289,2510233.45469808,2983.0,8.29731038363113e-10,3037.0,BID
1269,1712454684.9279912,2510233.45469809,2983.0,1.304244113587195e-19,3037.0,BID
1270,1712454685.7117348,2510285.10215591,2984.0,6.88840075694107e-10,3037.0,BID
1271,1712454685.808326,2510466.98375957,2984.0,2.425818092914818e-09,3037.0,BID
1272,1712454687.260471,2510614.38744465,2985.0,1.9659741229103003e-09,3037.0,BID
1273,1712454687.263141,2510614.38744466,2984.0,1.3663509761389666e-19,3037.0,BID
1274,1712454690.128401,2510614.38744466,2984.0,0.0,3037.0,BID
1275,1712454691.948444,2510630.93825564,2984.0,2.2073867170577383e-10,3037.0,BID
1276,1712454712.9885943,2510661.46253773,2984.0,-4.0710328281677565e-10,3037.0,ASK
1277,1712454712.9916582,2510712.00330675,2984.0,-6.740637805523738e-10,3037.0,ASK
1278,1712454713.1304631,2510855.25930138,2984.0,1.9106095771596e-09,3037.0,BID
1279,1712454717.388234,2511171.5568488,2985.0,4.21847005352473e-09,3037.0,BID
1280,1712454717.9524896,2511220.84698716,2985.0,6.573840812306763e-10,3037.0,BID
1281,1712454717.9552417,2511238.61328713,2985.0,2.3694968549909114e-10,3037.0,BID
1282,1712454720.078645,2511238.61328713,2985.0,0.0,3037.0,BID
1283,1712454724.3981516,2511373.94503928,2984.0,-1.8048788657241363e-09,3037.0,ASK
1284,1712454733.729376,2511726.78891065,2981.0,-4.705772564213558e-09,3037.0,ASK
1285,1712454733.731971,2516418.10600771,2981.0,-6.256668480497289e-08,3037.0,ASK
1286,1712454733.7344637,2518001.50237929,2980.0,-2.1117281064640287e-08,3037.0,ASK
1287,1712454733.738075,2518064.39025248,2981.0,-8.38716645779299e-10,3037.0,ASK
1288,1712454733.7406032,2518519.30976031,2980.0,-6.067124619628912e-09,3037.0,ASK
1289,1712454745.6988502,2518613.53995151,2980.0,-1.2567197121659023e-09,3037.0,ASK
1290,1712454745.7016068,2518666.90800946,2980.0,-7.117537338349624e-10,3037.0,ASK
1291,1712454750.0852642,2518666.90800946,2980.0,-0.0,3037.0,ASK
1292,1712454764.688197,2518743.18477563,2983.0,1.0169799686405928e-09,3037.0,BID
1293,1712454771.878431,2518815.19365151,2983.0,-9.600772032098671e-10,3037.0,ASK
1294,1712454780.1389134,2518815.19365151,2983.0,-0.0,3037.0,ASK
1295,1712454784.0702355,2518818.54595151,2983.0,-4.4695154422462606e-11,3037.0,ASK
1296,1712454784.0745976,2519137.23673161,2983.0,-4.249003260435799e-09,3037.0,ASK
1297,1712454785.2280817,2519171.53155047,2983.0,-4.57241960707337e-10,3037.0,ASK
1298,1712454810.128813,2519171.53155047,2983.0,-0.0,3037.0,ASK
1299,1712454837.6752543,2519198.15665942,2983.0,3.5497911624388834e-10,3037.0,BID
1300,1712454840.0779147,2519198.15665942,2983.0,0.0,3037.0,BID
1301,1712454870.0786805,2519198.15665942,2983.0,0.0,3037.0,BID
1302,1712454870.5549486,2519274.14817518,2982.0,1.013155386237711e-09,3037.0,BID
1303,1712454871.3615627,2519275.99381276,2980.0,-2.460692666063249e-11,3037.0,ASK
1304,1712454871.3651228,2519309.5340896,2980.0,-4.4717507996649366e-10,3037.0,ASK
1305,1712454871.3685644,2519376.67071262,2979.0,-8.95097703292329e-10,3037.0,ASK
1306,1712454871.3720286,2519460.90663071,2979.0,-1.1230737178215888e-09,3037.0,ASK
1307,1712454871.3754697,2519464.2623354,2980.0,-4.473986665005142e-11,3037.0,ASK
1308,1712454871.3770037,2519550.23747471,2979.0,-1.1462618504658428e-09,3037.0,ASK
1309,1712454871.3785677,2520947.13152004,2980.0,-1.8624062329560537e-08,3037.0,ASK
1310,1712454871.3801303,2521116.54127639,2979.0,-2.2586522378364482e-09,3037.0,ASK
1311,1712454871.381881,2521183.65537034,2980.0,-8.94797334913221e-10,3037.0,ASK
1312,1712454871.3834276,2521286.60087542,2978.0,-1.372518917640657e-09,3037.0,ASK
1313,1712454871.3849683,2522287.94978569,2979.0,-1.3350464611724458e-08,3037.0,ASK
1314,1712454871.3865278,2522506.28510804,2978.0,-2.9109513823121767e-09,3037.0,ASK
1315,1712454871.388085,2522637.75396058,2978.0,-1.7528058855195261e-09,3037.0,ASK
1316,1712454881.2082143,2522647.72263153,2978.0,-1.3290710897707664e-10,3037.0,ASK
1317,1712454887.2682235,2522851.25324902,2978.0,-2.713567946531082e-09,3037.0,ASK
1318,1712454894.058227,2523016.02562582,2978.0,-2.1968244663739158e-09,3037.0,ASK
1319,1712454895.9380736,2523277.70311339,2978.0,-3.488809945927196e-09,3037.0,ASK
1320,1712454900.1087534,2523277.70311339,2978.0,-0.0,3037.0,ASK
1321,1712454907.0283344,2523324.71490161,2978.0,-6.268299422206303e-10,3037.0,ASK
1322,1712454908.788195,2523393.21490161,2980.0,9.133422204973555e-10,3037.0,BID
1323,1712454909.8989706,2523657.11634553,2978.0,-3.5187201574078963e-09,3037.0,ASK
1324,1712454909.9017165,2524235.9868112,2978.0,-7.718347978037974e-09,3037.0,ASK
1325,1712454909.9044623,2525400.43603968,2978.0,-1.5526140788267867e-08,3037.0,ASK
1326,1712454915.9184413,2525417.94190084,2978.0,-2.3341375333551755e-10,3037.0,ASK
1327,1712454930.0881815,2525417.94190084,2978.0,-0.0,3037.0,ASK
1328,1712454934.0383549,2525878.54341457,2980.0,-6.140891394683145e-09,3037.0,ASK
1329,1712454945.3981764,2525918.80755919,2981.0,-5.368148645637796e-10,3037.0,ASK
1330,1712454946.9183106,2525952.31409623,2983.0,4.467202100786852e-10,3037.0,BID
1331,1712454949.8521569,2526209.67048763,2983.0,3.4311603462127197e-09,3037.0,BID
1332,1712454949.8582284,2526319.38379251,2983.0,1.4627339896510455e-09,3037.0,BID
1333,1712454960.140728,2526319.38379251,2983.0,0.0,3037.0,BID
1334,1712454990.1351483,2526319.38379251,2983.0,0.0,3037.0,BID
1335,1712455016.1888883,2526330.13679164,2983.0,1.4335739658547475e-10,3037.0,BID
1336,1712455016.1931164,2526386.43038989,2983.0,7.50497939398918e-10,3037.0,BID
1337,1712455020.0783305,2526386.43038989,2983.0,0.0,3037.0,BID
1338,1712455032.808795,2526441.83753514,2981.0,-7.38677909311458e-10,3037.0,ASK
1339,1712455032.8128052,2526464.31664134,2980.0,-2.996873254522333e-10,3037.0,ASK
1340,1712455042.0083983,2526504.51375833,2983.0,5.359005991837341e-10,3037.0,BID
1341,1712455042.6689355,2526615.96968313,2979.0,-1.4859099695487283e-09,3037.0,ASK
1342,1712455042.6740682,2526693.12386005,2979.0,-1.0286053512551862e-09,3037.0,ASK
1343,1712455047.2381277,2526771.88405056,2979.0,-1.050016430198791e-09,3037.0,ASK
1344,1712455050.0884962,2526771.88405056,2979.0,-0.0,3037.0,ASK
1345,1712455061.5083349,2526890.13413436,2983.0,1.576464313130021e-09,3037.0,BID
1346,1712455063.4283755,2527476.11974381,2980.0,-7.812133164052812e-09,3037.0,ASK
1347,1712455080.1307175,2527476.11974381,2980.0,-0.0,3037.0,ASK
1348,1712455096.778892,2527925.69371394,2982.0,5.993378316392943e-09,3037.0,BID
1349,1712455097.4997275,2528304.99533622,2982.0,5.056560809530139e-09,3037.0,BID
1350,1712455097.50343,2528345.86780097,2983.0,5.448806208665187e-10,3037.0,BID
1351,1712455098.198145,2528379.46780097,2980.0,4.4792965076036315e-10,3037.0,BID
1352,1712455098.2985785,2528735.37003344,2980.0,4.744617937341509e-09,3037.0,BID
1353,1712455098.3983111,2529367.31826062,2980.0,8.42465323507292e-09,3037.0,BID
1354,1712455110.129096,2529367.31826062,2980.0,0.0,3037.0,BID
1355,1712455111.5481777,2529401.21087807,2980.0,4.517966490709448e-10,3037.0,BID
1356,1712455121.9683857,2529524.86485438,2980.0,-1.648336904738478e-09,3037.0,ASK
1357,1712455129.7420075,2529569.75472015,2980.0,-5.98392583930556e-10,3037.0,ASK
1358,1712455131.089496,2529619.65186684,2979.0,-6.651408291500094e-10,3037.0,ASK
1359,1712455131.0936272,2530038.73057738,2978.0,-5.5864188535338015e-09,3037.0,ASK
1360,1712455131.096561,2530890.20371834,2979.0,-1.1350339419081844e-08,3037.0,ASK
1361,1712455131.099466,2531964.75039396,2978.0,-1.4323962675067148e-08,3037.0,ASK
1362,1712455131.1023967,2532140.08166084,2979.0,-2.3372074750614997e-09,3037.0,ASK
1363,1712455131.1053522,2532173.66124445,2978.0,-4.4762383355336655e-10,3037.0,ASK
1364,1712455131.1071527,2537331.28193392,2977.0,-6.875231008972652e-08,3037.0,ASK
1365,1712455140.0882332,2537331.28193392,2977.0,-0.0,3037.0,ASK
1366,1712455140.6074998,2537499.06716881,2980.0,2.235910303137359e-09,3037.0,BID
1367,1712455145.9225807,2537683.19472125,2980.0,2.453688442024873e-09,3037.0,BID
1368,1712455170.0924263,2537683.19472125,2980.0,0.0,3037.0,BID
1369,1712455174.5326612,2537750.3088152,2980.0,8.94351622607778e-10,3037.0,BID
1370,1712455177.4793718,2537760.35906645,2977.0,-1.3392803186594708e-10,3037.0,ASK
1371,1712455177.4842606,2537868.558899,2977.0,-1.4418535677298391e-09,3037.0,ASK
1372,1712455184.5485294,2537904.94006085,2978.0,-4.848095119497076e-10,3037.0,ASK
1373,1712455184.5518606,2538212.07633399,2977.0,-4.092848581836041e-09,3037.0,ASK
1374,1712455186.2699487,2538590.87425943,2977.0,-5.047800235672362e-09,3037.0,ASK
1375,1712455186.2787547,2538878.50539161,2977.0,-3.832926210240673e-09,3037.0,ASK
1376,1712455200.1988668,2538878.50539161,2977.0,-0.0,3037.0,ASK
1377,1712455205.2639928,2538932.35753198,2980.0,7.17755965575943e-10,3037.0,BID
1378,1712455205.402002,2538985.41874416,2980.0,7.072142596525905e-10,3037.0,BID
1379,1712455205.4065895,2539506.99348902,2980.0,6.9516899800638475e-09,3037.0,BID
1380,1712455213.6191566,2539506.99348903,2980.0,1.3033566459380962e-19,3037.0,BID
1381,1712455213.622584,2539512.01861465,2981.0,6.697624025137701e-11,3037.0,BID
1382,1712455217.6686726,2539677.43224518,2980.0,2.204677832381065e-09,3037.0,BID
1383,1712455218.358347,2539745.46380418,2977.0,-9.067431114858892e-10,3037.0,ASK
1384,1712455218.3630395,2539778.2050399,2978.0,-4.3638408978296246e-10,3037.0,ASK
1385,1712455221.668964,2540061.2050399,2978.0,-3.771900928380785e-09,3037.0,ASK
1386,1712455221.6732042,2540225.2050399,2978.0,-2.1858365804044124e-09,3037.0,ASK
1387,1712455221.7481952,2541083.75250152,2978.0,1.1442953948917649e-08,3037.0,BID
1388,1712455221.7507148,2541287.11499782,2978.0,2.710470631068241e-09,3037.0,BID
1389,1712455221.808566,2541287.11499784,2980.0,2.66877789406372e-19,3037.0,BID
1390,1712455221.8110588,2541292.14012347,2981.0,6.697624038791913e-11,3037.0,BID
1391,1712455230.1298158,2541292.14012347,2981.0,0.0,3037.0,BID
1392,1712455237.6486986,2541326.5443342,2981.0,-4.585047380774932e-10,3037.0,ASK
1393,1712455238.108406,2541532.16715185,2981.0,2.7403342250538357e-09,3037.0,BID
1394,1712455247.5983765,2541552.97144571,2981.0,-2.7725871643777773e-10,3037.0,ASK
1395,1712455248.728669,2541569.74996919,2980.0,-2.2360729545361167e-10,3037.0,ASK
1396,1712455251.6202989,2541912.35933093,2980.0,4.565953188121937e-09,3037.0,BID
1397,1712455251.6248689,2542187.43652046,2981.0,3.6659522791120414e-09,3037.0,BID
1398,1712455251.6282425,2542215.73652046,2980.0,3.771539533152769e-10,3037.0,BID
1399,1712455260.089575,2542215.73652046,2980.0,0.0,3037.0,BID
1400,1712455261.6124938,2542446.10616144,2981.0,3.070022380597169e-09,3037.0,BID
1401,1712455266.6085837,2543330.81046689,2981.0,1.1790017149787082e-08,3037.0,BID
1402,1712455266.6134148,2543387.77177066,2981.0,7.59095150979312e-10,3037.0,BID
1403,1712455276.3485806,2543489.77177066,2981.0,-1.359303602197356e-09,3037.0,ASK
1404,1712455278.8005388,2543512.32851562,2980.0,-3.006025948839303e-10,3037.0,ASK
1405,1712455278.8055427,2544248.40069255,2978.0,-9.809270211551353e-09,3037.0,ASK
1406,1712455278.8094568,2544538.06391463,2980.0,-3.860198639191844e-09,3037.0,ASK
1407,1712455278.811658,2548426.63865957,2981.0,-5.1821114296179815e-08,3037.0,ASK
1408,1712455278.8138697,2548429.99098943,2977.0,-4.4674843670772174e-11,3037.0,ASK
1409,1712455278.816088,2548529.34820419,2980.0,-1.324084509094238e-09,3037.0,ASK
1410,1712455278.818294,2551493.36035999,2978.0,-3.9499925493488855e-08,3037.0,ASK
1411,1712455278.8210778,2552308.12751197,2977.0,-1.0857999261158108e-08,3037.0,ASK
1412,1712455290.1082802,2552308.12751197,2977.0,-0.0,3037.0,ASK
1413,1712455305.1649728,2552314.39592316,2983.0,8.350255621517077e-11,3037.0,BID
1414,1712455313.008386,2552317.77939617,2983.0,4.5071811122255677e-11,3037.0,BID
1415,1712455320.128963,2552317.77939617,2983.0,0.0,3037.0,BID
1416,1712455325.18885,2552337.50383747,2983.0,2.6275248811673564e-10,3037.0,BID
1417,1712455325.193058,2552374.76380783,2983.0,4.963461205446313e-10,3037.0,BID
1418,1712455326.958817,2552422.72941184,2980.0,-6.38957606244903e-10,3037.0,ASK
1419,1712455330.8133955,2552422.72941185,2980.0,-1.3646929309447918e-19,3037.0,ASK
1420,1712455331.6292365,2552456.14118145,2978.0,-4.450836128183276e-10,3037.0,ASK
1421,1712455331.6385777,2552590.45951589,2978.0,-1.7892763620942635e-09,3037.0,ASK
1422,1712455331.641481,2553286.14414774,2977.0,-9.267328041470793e-09,3037.0,ASK
1423,1712455331.6433723,2553319.72373136,2978.0,-4.4731909065228117e-10,3037.0,ASK
1424,1712455333.2249186,2553623.35692176,2977.0,-4.0447470748802516e-09,3037.0,ASK
1425,1712455333.2274024,2553764.56884651,2977.0,-1.8811069989349837e-09,3037.0,ASK
1426,1712455333.2297063,2553868.81976433,2977.0,-1.388743418832526e-09,3037.0,ASK
1427,1712455333.3041492,2555238.13846406,2977.0,-1.8240916936703664e-08,3037.0,ASK
1428,1712455333.3065486,2555440.12910757,2977.0,-2.690750189110354e-09,3037.0,ASK
1429,1712455333.3089223,2556193.14807492,2977.0,-1.0031088042470618e-08,3037.0,ASK
1430,1712455334.9091809,2556295.33480488,2976.0,-1.3612460368822495e-09,3037.0,ASK
1431,1712455334.9130943,2556320.20636825,2977.0,-3.313181377025349e-10,3037.0,ASK
1432,1712455335.488666,2556409.64872513,2976.0,-1.191476171907924e-09,3037.0,ASK
1433,1712455335.5091896,2556566.02327424,2976.0,-2.0830907822199487e-09,3037.0,ASK
1434,1712455335.5806615,2556908.31318381,2976.0,-4.559699513319353e-09,3037.0,ASK
1435,1712455335.6298451,2557459.51703217,2976.0,-7.342676044013662e-09,3037.0,ASK
1436,1712455335.6334362,2557652.79917152,2976.0,-2.5747427899156883e-09,3037.0,ASK
1437,1712455335.636614,2557662.73821598,2976.0,-1.3239962651809274e-10,3037.0,ASK
1438,1712455337.3792768,2557702.73821598,2976.0,-5.32846500680933e-10,3037.0,ASK
1439,1712455337.384745,2558093.66012581,2976.0,-5.207534292311468e-09,3037.0,ASK
1440,1712455340.7090576,2558549.34478204,2976.0,6.0702493621510954e-09,3037.0,BID
1441,1712455340.7137682,2558854.40224519,2980.0,4.063720043652084e-09,3037.0,BID
1442,1712455340.7174258,2559507.40224519,2980.0,8.698719123616237e-09,3037.0,BID
1443,1712455345.0484872,2560350.33614736,2980.0,1.1228859501915796e-08,3037.0,BID
1444,1712455348.3983862,2560383.89319434,2980.0,4.4701887641371766e-10,3037.0,BID
1445,1712455350.7735703,2560383.89319434,2980.0,0.0,3037.0,BID
1446,1712455350.9311197,2560484.56433527,2980.0,1.34062772193707e-09,3037.0,BID
1447,1712455356.857169,2560541.54926562,2980.0,7.588627351824282e-10,3037.0,BID
1448,1712455366.4285855,2560575.1063126,2980.0,4.4687590735989916e-10,3037.0,BID
