,time,acc_trade_volume,trade_price,dev,high,ask_bid
0,1712451675.0964098,278710.7345013,1389.0,0.0,1393.0,ASK
1,1712451675.4058356,279081.04981367,1389.0,5.975796450122895e-08,1393.0,BID
2,1712451675.407077,279174.38737517,1389.0,1.5061928309290772e-08,1393.0,BID
3,1712451675.7074132,279641.34652417,1389.0,-7.535342805804398e-08,1393.0,ASK
4,1712451690.1803129,279641.34652417,1389.0,-0.0,1393.0,ASK
5,1712451709.694198,279648.53717117,1390.0,1.160116261448417e-09,1393.0,BID
6,1712451720.1253903,279648.53717117,1390.0,0.0,1393.0,BID
7,1712451747.4905975,280463.53717117,1389.0,1.314893122158338e-07,1393.0,BID
8,1712451747.524454,285126.91813715,1389.0,-7.523739335179399e-07,1393.0,ASK
9,1712451747.5445929,285185.94313683,1389.0,-9.522891547806978e-09,1393.0,ASK
10,1712451747.5459678,288019.39493883,1389.0,-4.571394216462506e-07,1393.0,ASK
11,1712451750.124359,288019.39493883,1389.0,-0.0,1393.0,ASK
12,1712451780.181184,288019.39493883,1389.0,-0.0,1393.0,ASK
13,1712451810.1842864,288019.39493883,1389.0,-0.0,1393.0,ASK
14,1712451824.4543998,288089.39493883,1387.0,1.1272414860810846e-08,1393.0,BID
15,1712451824.455574,288811.26957859,1388.0,1.16246720241045e-07,1393.0,BID
16,1712451824.4642885,288910.08043979,1388.0,1.5911957431430683e-08,1393.0,BID
17,1712451824.596243,288947.08043979,1389.0,-5.958276426428591e-09,1393.0,ASK
18,1712451840.127013,288947.08043979,1389.0,-0.0,1393.0,ASK
19,1712451846.1244671,288973.48592789,1389.0,-4.2513130233834116e-09,1393.0,ASK
20,1712451870.117936,288973.48592789,1389.0,-0.0,1393.0,ASK
21,1712451878.9342391,289328.14513277,1387.0,5.7100190211727866e-08,1393.0,BID
22,1712451878.954378,290094.46319985,1387.0,-1.233773346098698e-07,1393.0,ASK
23,1712451878.955915,290969.27285312,1386.0,-1.40844497798028e-07,1393.0,ASK
24,1712451878.9574008,291328.0141785,1385.0,-5.7757412282405474e-08,1393.0,ASK
25,1712451878.9642763,293574.89628654,1387.0,-3.617483882755023e-07,1393.0,ASK
26,1712451878.9654324,294389.89628654,1386.0,-1.312151338023298e-07,1393.0,ASK
27,1712451878.9665854,294729.77497147,1385.0,-5.4720524073186695e-08,1393.0,ASK
28,1712451886.9643474,294855.12224983,1387.0,-2.018093239480183e-08,1393.0,ASK
29,1712451889.4764807,295419.18500249,1385.0,-9.08141957830605e-08,1393.0,ASK
30,1712451892.026996,295487.74939627,1385.0,-1.1038878655117673e-08,1393.0,ASK
31,1712451892.0342977,295701.21637882,1385.0,-3.4368219236412574e-08,1393.0,ASK
32,1712451894.4341424,295983.24775516,1385.0,-4.5407097893132754e-08,1393.0,ASK
33,1712451900.1857631,295983.24775516,1385.0,-0.0,1393.0,ASK
34,1712451903.3912213,296065.37913584,1385.0,-1.3423058711169436e-08,1393.0,ASK
35,1712451903.3926103,296091.62995754,1385.0,-4.290276359394705e-09,1393.0,ASK
36,1712451905.9646046,296483.97274257,1385.0,-6.412214423715717e-08,1393.0,ASK
37,1712451905.966035,297067.06977899,1385.0,-9.52978714027528e-08,1393.0,ASK
38,1712451912.1649802,297505.40338395,1385.0,-7.163860714067143e-08,1393.0,ASK
39,1712451915.198713,297943.73698892,1385.0,-7.163860714230769e-08,1393.0,ASK
40,1712451930.1883273,297943.73698892,1385.0,-0.0,1393.0,ASK
41,1712451948.0686157,298173.73698892,1386.0,-3.757314241255282e-08,1393.0,ASK
42,1712451948.0702822,298224.73698892,1386.0,-8.331435926261711e-09,1393.0,ASK
43,1712451948.0754478,298243.73698892,1386.0,-3.103868286254363e-09,1393.0,ASK
44,1712451960.1178195,298243.73698892,1386.0,-0.0,1393.0,ASK
45,1712451990.124452,298243.73698892,1386.0,-0.0,1393.0,ASK
46,1712451998.3844726,298543.20769673,1386.0,-4.891865783050036e-08,1393.0,ASK
47,1712452020.1970346,298543.20769673,1386.0,-0.0,1393.0,ASK
48,1712452029.3549137,298560.49659033,1390.0,2.823956097338432e-09,1393.0,BID
49,1712452029.3556807,298933.24807327,1390.0,6.088497317380806e-08,1393.0,BID
50,1712452029.356433,299039.3302346,1390.0,1.732738793110077e-08,1393.0,BID
51,1712452038.1647227,299431.23471153,1390.0,-6.401341015835732e-08,1393.0,ASK
52,1712452038.166764,300842.78784527,1390.0,-2.3056212681785529e-07,1393.0,ASK
53,1712452046.8744788,300846.38784482,1391.0,5.88021472904774e-10,1393.0,BID
54,1712452046.8854277,301034.26680572,1391.0,3.068802142407527e-08,1393.0,BID
55,1712452046.9562333,301084.85610372,1392.0,8.263221456074922e-09,1393.0,BID
56,1712452046.9642398,301276.33506327,1392.0,-3.1276042749973535e-08,1393.0,ASK
57,1712452046.974212,303016.5549478,1392.0,-2.84246329888319e-07,1393.0,ASK
58,1712452046.994207,303505.53117492,1392.0,-7.986904367491909e-08,1393.0,ASK
59,1712452050.2695289,303505.53117492,1392.0,-0.0,1393.0,ASK
60,1712452053.5477786,303509.12550401,1392.0,5.864340637117225e-10,1393.0,BID
61,1712452072.174665,303796.48182584,1392.0,4.6883724701600616e-08,1393.0,BID
62,1712452080.1073442,303796.48182584,1392.0,0.0,1393.0,BID
63,1712452110.1214862,303796.48182584,1392.0,0.0,1393.0,BID
64,1712452136.0152078,333292.51670103,1393.0,4.812118269275213e-06,1393.0,BID
65,1712452136.0165606,333681.37570338,1392.0,6.344023924904939e-08,1393.0,BID
66,1712452140.184407,333681.37570338,1392.0,0.0,1393.0,BID
67,1712452170.209148,333681.37570338,1392.0,0.0,1393.0,BID
68,1712452189.0145168,334040.57110567,1393.0,5.8205475925064144e-08,1393.0,BID
69,1712452200.1856172,334040.57110567,1393.0,0.0,1393.0,BID
70,1712452230.1246438,334040.57110567,1393.0,0.0,1393.0,BID
71,1712452247.724289,334154.06496893,1393.0,1.8577584209491715e-08,1393.0,BID
72,1712452260.185728,334154.06496893,1393.0,0.0,1393.0,BID
73,1712452290.1842675,334154.06496893,1393.0,0.0,1393.0,BID
74,1712452292.5242484,334161.14332893,1393.0,1.1586126533597727e-09,1393.0,BID
75,1712452292.624407,335105.10830642,1393.0,-1.5451174668167036e-07,1393.0,ASK
76,1712452310.134122,335534.57500164,1393.0,-7.029672795329745e-08,1393.0,ASK
77,1712452310.234377,336357.93073166,1393.0,-1.3476997030549416e-07,1393.0,ASK
78,1712452320.124526,336357.93073166,1393.0,-0.0,1393.0,ASK
79,1712452333.2859013,337194.68593625,1393.0,1.3689445644061634e-07,1393.0,BID
80,1712452350.127174,337194.68593625,1393.0,0.0,1393.0,BID
81,1712452351.1643844,337294.68593625,1394.0,1.6357036767562262e-08,1394.0,BID
82,1712452351.166226,337431.69367915,1394.0,2.2410406880559177e-08,1394.0,BID
83,1712452351.1764522,337791.85928725,1394.0,5.8912420941023495e-08,1394.0,BID
84,1712452380.194162,337791.85928725,1394.0,0.0,1394.0,BID
85,1712452381.984674,337791.85928785,1394.0,9.812960601910208e-17,1394.0,BID
86,1712452401.5142865,337983.33824785,1394.0,-3.1316019720627153e-08,1394.0,ASK
87,1712452401.6142294,338078.80333316,1394.0,-1.5613133130649838e-08,1394.0,ASK
88,1712452410.1756687,338078.80333316,1394.0,-0.0,1394.0,ASK
89,1712452420.994211,339317.62806175,1394.0,2.025941745957357e-07,1394.0,BID
90,1712452423.4442506,339490.58150059,1394.0,-2.8284355628883603e-08,1394.0,ASK
91,1712452423.624506,339677.59145703,1394.0,-3.058312196371853e-08,1394.0,ASK
92,1712452440.163905,339677.59145703,1394.0,-0.0,1394.0,ASK
93,1712452464.2843926,339821.06347999,1394.0,2.345449290524484e-08,1394.0,BID
94,1712452464.3643086,340269.26452607,1394.0,-7.32709279378845e-08,1394.0,ASK
95,1712452470.133057,340269.26452607,1394.0,-0.0,1394.0,ASK
96,1712452489.9842708,340369.26452607,1394.0,-1.634557759462e-08,1394.0,ASK
97,1712452500.138173,340369.26452607,1394.0,-0.0,1394.0,ASK
98,1712452530.1280303,340369.26452607,1394.0,-0.0,1394.0,ASK
99,1712452543.1382904,341184.26452607,1395.0,1.3406679577178617e-07,1395.0,BID
100,1712452543.1395478,341839.91471727,1395.0,1.0785388991576217e-07,1395.0,BID
101,1712452543.1439557,342075.81000469,1395.0,3.880457094732077e-08,1395.0,BID
102,1712452560.17582,342075.81000469,1395.0,0.0,1395.0,BID
103,1712452590.1840076,342075.81000469,1395.0,0.0,1395.0,BID
104,1712452597.0039277,342080.70941744,1396.0,8.05633668271276e-10,1396.0,BID
105,1712452620.1158953,342080.70941744,1396.0,0.0,1396.0,BID
106,1712452650.1204286,342080.70941744,1396.0,0.0,1396.0,BID
107,1712452653.2839348,342088.23090741,1396.0,1.2367928667448143e-09,1396.0,BID
108,1712452668.5242505,342109.92949369,1395.0,-3.5679974096527917e-09,1396.0,ASK
109,1712452668.5312126,342117.09795247,1395.0,-1.178742339619468e-09,1396.0,ASK
110,1712452678.411107,343926.15696184,1395.0,2.974718157226517e-07,1396.0,BID
111,1712452680.1858912,343926.15696184,1395.0,0.0,1396.0,BID
112,1712452710.1839185,343926.15696184,1395.0,0.0,1396.0,BID
113,1712452732.0968542,343930.90579433,1395.0,7.80541743891324e-10,1396.0,BID
114,1712452734.8039546,343975.43040904,1395.0,7.318287281135797e-09,1396.0,BID
115,1712452734.8051963,344002.59038214,1396.0,4.4641483590209485e-09,1396.0,BID
116,1712452738.4874809,344348.56873384,1395.0,-5.686672388487034e-08,1396.0,ASK
117,1712452740.1191478,344348.56873384,1395.0,-0.0,1396.0,ASK
118,1712452765.3566446,344352.26065664,1396.0,6.067640363039027e-10,1396.0,BID
119,1712452770.1248014,344352.26065664,1396.0,0.0,1396.0,BID
120,1712452777.034108,344498.76458574,1396.0,2.4077762422154173e-08,1396.0,BID
121,1712452777.0361445,344559.93690447,1396.0,1.0053604474926973e-08,1396.0,BID
122,1712452779.9838374,344633.09127409,1396.0,1.2022841589795971e-08,1396.0,BID
123,1712452788.093896,344706.17221213,1396.0,1.2010773188983378e-08,1396.0,BID
124,1712452800.145519,344706.17221213,1396.0,0.0,1396.0,BID
125,1712452810.824294,345405.84579401,1394.0,-1.1503211292961169e-07,1396.0,ASK
126,1712452810.8266752,346267.1414092,1394.0,-1.41604109456442e-07,1396.0,ASK
127,1712452810.8290255,346338.87742067,1394.0,-1.1793992493424606e-08,1396.0,ASK
128,1712452810.9440415,346338.87742152,1394.0,1.3974808117238972e-16,1396.0,BID
129,1712452810.9466212,346706.55714952,1394.0,6.044958261762876e-08,1396.0,BID
130,1712452830.1247585,346706.55714952,1394.0,0.0,1396.0,BID
131,1712452838.983875,346711.29917853,1396.0,7.792714528986845e-10,1396.0,BID
132,1712452860.1855233,346711.29917853,1396.0,0.0,1396.0,BID
133,1712452877.8939714,346718.46250231,1396.0,1.177168601300016e-09,1396.0,BID
134,1712452890.1771462,346718.46250231,1396.0,0.0,1396.0,BID
135,1712452912.695886,347959.38549657,1396.0,2.039239366820756e-07,1396.0,BID
136,1712452914.4249165,349402.42150678,1396.0,2.371376671535666e-07,1396.0,BID
137,1712452914.4266937,349645.68798157,1396.0,3.9976579877569963e-08,1396.0,BID
138,1712452914.4292154,349645.68798242,1396.0,1.3967409493335399e-16,1396.0,BID
139,1712452915.3582602,351505.43028735,1397.0,3.05616040471308e-07,1397.0,BID
140,1712452918.1878216,351903.36462578,1397.0,6.539353143505558e-08,1397.0,BID
141,1712452919.557099,352434.83651498,1397.0,-8.73380865556061e-08,1397.0,ASK
142,1712452920.1270368,352434.83651498,1397.0,-0.0,1397.0,ASK
143,1712452921.1940093,352667.07184067,1397.0,3.8113804683961056e-08,1397.0,BID
144,1712452926.9039445,353015.11762035,1398.0,5.712028877771023e-08,1398.0,BID
145,1712452950.122938,353015.11762035,1398.0,0.0,1398.0,BID
146,1712452980.1754038,353015.11762035,1398.0,0.0,1398.0,BID
147,1712453010.307734,353015.11762035,1398.0,0.0,1398.0,BID
148,1712453040.111512,353015.11762035,1398.0,0.0,1398.0,BID
149,1712453070.1152914,353015.11762035,1398.0,0.0,1398.0,BID
150,1712453100.1958768,353015.11762035,1398.0,0.0,1398.0,BID
151,1712453122.899525,353167.36767557,1397.0,2.4997240428983243e-08,1398.0,BID
152,1712453130.1841812,353167.36767557,1397.0,0.0,1398.0,BID
153,1712453138.2741036,353174.5258717,1397.0,1.175230452553976e-09,1398.0,BID
154,1712453154.2041326,353290.9849236,1394.0,-1.9120211542484322e-08,1398.0,ASK
155,1712453160.1996443,353290.9849236,1394.0,-0.0,1398.0,ASK
156,1712453171.6741447,354105.9849236,1397.0,1.3380266487990542e-07,1398.0,BID
157,1712453171.676963,376913.03216769,1397.0,3.744348097302019e-06,1398.0,BID
158,1712453178.823884,377467.30213879,1397.0,9.09972996271072e-08,1398.0,BID
159,1712453178.8263583,377863.02788503,1398.0,6.496829375276242e-08,1398.0,BID
160,1712453179.1440125,380747.02788503,1397.0,-4.7348084112103953e-07,1398.0,ASK
161,1712453179.7041545,383480.35490874,1394.0,-4.487440978658304e-07,1398.0,ASK
162,1712453179.7066734,384167.16456201,1394.0,-1.1275700843284649e-07,1398.0,ASK
163,1712453179.7087483,384167.9176024,1397.0,-1.236304428814037e-10,1398.0,ASK
164,1712453179.710698,385861.81530665,1394.0,-2.7809573848172334e-07,1398.0,ASK
165,1712453179.8239317,387920.62903281,1394.0,3.380058442350095e-07,1398.0,BID
166,1712453182.2138176,388015.62831801,1397.0,1.5596512296257665e-08,1398.0,BID
167,1712453185.4242418,388025.12760372,1398.0,1.5595456962597924e-09,1398.0,BID
168,1712453190.1171849,388025.12760372,1398.0,0.0,1398.0,BID
169,1712453220.187219,388025.12760372,1398.0,0.0,1398.0,BID
170,1712453250.18478,388025.12760372,1398.0,0.0,1398.0,BID
171,1712453280.0138333,388221.12760372,1398.0,3.192410123890448e-08,1398.0,BID
172,1712453280.0244107,388558.88933515,1398.0,5.501397810611973e-08,1398.0,BID
173,1712453280.158431,388651.87932081,1398.0,1.5146029165379697e-08,1398.0,BID
174,1712453280.1875656,388651.87932081,1398.0,0.0,1398.0,BID
175,1712453304.3141887,388683.25700321,1398.0,5.110007005952803e-09,1398.0,BID
176,1712453310.1840117,388683.25700321,1398.0,0.0,1398.0,BID
177,1712453340.1463742,388683.25700321,1398.0,0.0,1398.0,BID
178,1712453364.3871486,390861.21750701,1398.0,3.546888449488886e-07,1398.0,BID
179,1712453364.3883195,391812.21750701,1398.0,1.548738330919588e-07,1398.0,BID
180,1712453364.4551404,392258.00753924,1398.0,-7.259853948018096e-08,1398.0,ASK
181,1712453364.8538306,392703.00753924,1395.0,-7.246987983798282e-08,1398.0,ASK
182,1712453370.1238542,392703.00753924,1395.0,-0.0,1398.0,ASK
183,1712453372.007452,392706.65044924,1398.0,5.92718923617811e-10,1398.0,BID
184,1712453372.0091455,392706.67729672,1398.0,4.368213718271998e-12,1398.0,BID
185,1712453400.3797655,392706.67729672,1398.0,0.0,1398.0,BID
186,1712453410.303237,392718.67729672,1398.0,1.956780478147049e-09,1398.0,BID
187,1712453410.3057373,392778.20805494,1398.0,9.70738546118297e-09,1398.0,BID
188,1712453412.2246344,392818.67729672,1398.0,6.599118523375773e-09,1398.0,BID
189,1712453412.2273328,392849.73881316,1398.0,5.065047415954247e-09,1398.0,BID
190,1712453415.193766,392920.73881316,1396.0,-1.1577617829036711e-08,1398.0,ASK
191,1712453418.3040206,392924.40857064,1398.0,5.984091497054854e-10,1398.0,BID
192,1712453419.1593912,392925.04180846,1396.0,-1.0325895035039987e-10,1398.0,ASK
193,1712453419.1615114,409535.19009964,1395.0,-2.7085344929423777e-06,1398.0,ASK
194,1712453419.168682,410862.54511164,1395.0,-2.1644519792102258e-07,1398.0,ASK
195,1712453419.1762493,411288.30959664,1395.0,-6.942730271135979e-08,1398.0,ASK
196,1712453419.2334282,411907.20278804,1395.0,-1.0091984291580121e-07,1398.0,ASK
197,1712453419.353933,412600.85897912,1395.0,-1.131110744375976e-07,1398.0,ASK
198,1712453419.3560548,413196.75217052,1395.0,-9.716934699936217e-08,1398.0,ASK
199,1712453420.8538182,413200.421928,1396.0,5.984091496959937e-10,1398.0,BID
200,1712453425.2615497,413797.5299057,1395.0,-9.736743617577065e-08,1398.0,ASK
201,1712453425.2636118,413962.71313396,1395.0,-2.6935609698033858e-08,1398.0,ASK
202,1712453425.2738025,414139.73448749,1395.0,-2.8865994066889123e-08,1398.0,ASK
203,1712453426.3976202,414677.21234303,1395.0,-8.764384792976002e-08,1398.0,ASK
204,1712453427.6872833,415297.32032073,1395.0,-1.0111793209220968e-07,1398.0,ASK
205,1712453430.1240127,415297.32032073,1395.0,-0.0,1398.0,ASK
206,1712453430.339632,415304.4698218,1395.0,-1.159873196273741e-09,1398.0,ASK
207,1712453430.341721,415347.45907985,1395.0,-6.9742052839023425e-09,1398.0,ASK
208,1712453430.343356,416064.81919462,1393.0,-1.1637829843614337e-07,1398.0,ASK
209,1712453430.621055,416136.65827462,1392.0,-1.1654550789039913e-08,1398.0,ASK
210,1712453430.793593,416154.27631549,1395.0,2.858198519841908e-09,1398.0,BID
211,1712453456.334555,416226.11539594,1394.0,1.1654550862044573e-08,1398.0,BID
212,1712453460.1837437,416226.11539594,1394.0,0.0,1398.0,BID
213,1712453460.7714972,416297.95447594,1393.0,-1.165210479346912e-08,1398.0,ASK
214,1712453460.8941112,416369.79355639,1394.0,1.16521048664679e-08,1398.0,BID
215,1712453465.4538882,416369.79355684,1393.0,-7.298934066609131e-17,1398.0,ASK
216,1712453465.4566836,416441.63263639,1392.0,-1.1652104720489222e-08,1398.0,ASK
217,1712453480.4539273,416445.3128939,1394.0,5.96927830553299e-10,1398.0,BID
218,1712453490.1846688,416445.3128939,1394.0,0.0,1398.0,BID
219,1712453493.387247,416517.04890537,1394.0,1.1634811127504792e-08,1398.0,BID
220,1712453520.1236408,416517.04890537,1394.0,0.0,1398.0,BID
221,1712453522.64379,416520.75407036,1395.0,6.009282479276096e-10,1398.0,BID
222,1712453529.194739,416585.75407036,1394.0,1.0542131381712428e-08,1398.0,BID
223,1712453532.5642943,416589.45923535,1395.0,6.009282479370501e-10,1398.0,BID
224,1712453550.1269865,416589.45923535,1395.0,0.0,1398.0,BID
225,1712453561.813615,416606.83241116,1395.0,2.8176508209216802e-09,1398.0,BID
226,1712453580.175093,416606.83241116,1395.0,0.0,1398.0,BID
227,1712453592.5739648,416610.48408853,1397.0,5.922412464642713e-10,1398.0,BID
228,1712453604.5660298,416827.21013983,1395.0,-3.5149355695334035e-08,1398.0,ASK
229,1712453604.663798,417183.67419598,1395.0,-5.781253258231343e-08,1398.0,ASK
230,1712453610.216643,417183.67419598,1395.0,-0.0,1398.0,ASK
231,1712453640.124659,417183.67419598,1395.0,-0.0,1398.0,ASK
232,1712453670.133582,417183.67419598,1395.0,-0.0,1398.0,ASK
233,1712453680.2837074,417190.37435737,1394.0,-1.0865127785368463e-09,1398.0,ASK
234,1712453691.3838515,418266.37435737,1394.0,1.744865058697497e-07,1398.0,BID
235,1712453695.4239235,418871.5033417,1394.0,9.812903538684977e-08,1398.0,BID
236,1712453695.4270957,419349.37435737,1395.0,7.749260574413438e-08,1398.0,BID
237,1712453700.1980813,419349.37435737,1395.0,0.0,1398.0,BID
238,1712453730.1956644,419349.37435737,1395.0,0.0,1398.0,BID
239,1712453732.1838405,419893.10088066,1395.0,8.816778719719044e-08,1398.0,BID
240,1712453760.1288147,419893.10088066,1395.0,0.0,1398.0,BID
241,1712453790.1258852,419893.10088066,1395.0,0.0,1398.0,BID
242,1712453795.7135932,421247.93959033,1395.0,2.196663868793284e-07,1398.0,BID
243,1712453812.2437923,421353.14196272,1393.0,-1.7056956572844082e-08,1398.0,ASK
244,1712453820.177338,421353.14196272,1393.0,-0.0,1398.0,ASK
245,1712453840.143547,422168.14196272,1393.0,-1.3209617452300792e-07,1398.0,ASK
246,1712453840.243575,422168.14196344,1393.0,1.1669368890758952e-16,1398.0,BID
247,1712453840.2538192,422411.88475244,1393.0,3.950612269259666e-08,1398.0,BID
248,1712453840.3538802,422417.88475244,1395.0,9.724871744025123e-10,1398.0,BID
249,1712453850.1755304,422417.88475244,1395.0,0.0,1398.0,BID
250,1712453880.1251185,422417.88475244,1395.0,0.0,1398.0,BID
251,1712453901.2135916,423772.72346211,1395.0,2.1954110071208894e-07,1398.0,BID
252,1712453905.2818227,441793.86506511,1395.0,2.920186170776514e-06,1398.0,BID
253,1712453905.3206496,443342.78593711,1395.0,2.509906092346926e-07,1398.0,BID
254,1712453905.323584,443342.78593783,1395.0,1.166656426481197e-16,1398.0,BID
255,1712453909.563872,443346.4583147,1397.0,5.95080177821656e-10,1398.0,BID
256,1712453910.119665,443346.4583147,1397.0,0.0,1398.0,BID
257,1712453925.7136765,443350.13069156,1397.0,5.92278177573543e-10,1398.0,BID
258,1712453925.7167635,444062.27792815,1397.0,1.148545706315605e-07,1398.0,BID
259,1712453940.1871047,444062.27792815,1397.0,0.0,1398.0,BID
260,1712453970.1936328,444062.27792815,1397.0,0.0,1398.0,BID
261,1712453976.939566,444206.10869892,1395.0,-2.3193177940260472e-08,1398.0,ASK
262,1712454000.1592836,444206.10869892,1395.0,-0.0,1398.0,ASK
263,1712454006.9436538,444455.07918092,1395.0,4.019560745695717e-08,1398.0,BID
264,1712454006.9468665,444995.57032172,1395.0,8.726082527952896e-08,1398.0,BID
265,1712454015.8237166,444999.23224342,1397.0,5.91207303005538e-10,1398.0,BID
266,1712454030.136103,444999.23224342,1397.0,0.0,1398.0,BID
267,1712454031.8435152,445013.37253326,1397.0,2.2825036340249547e-09,1398.0,BID
268,1712454031.8468385,445715.05185687,1397.0,1.1326398710228761e-07,1398.0,BID
269,1712454044.233582,445718.71377857,1398.0,5.911017159008675e-10,1398.0,BID
270,1712454047.0491724,445824.04575481,1398.0,1.7002524083114652e-08,1398.0,BID
271,1712454047.0535414,445865.13133745,1398.0,6.631970966862444e-09,1398.0,BID
272,1712454060.1895118,445865.13133745,1398.0,0.0,1398.0,BID
273,1712454066.273746,446580.9509509,1397.0,1.155239305494287e-07,1398.0,BID
274,1712454089.9066548,447891.35945459,1397.0,2.114828067396175e-07,1398.0,BID
275,1712454090.1849587,447891.35945459,1397.0,0.0,1398.0,BID
276,1712454120.134173,447891.35945459,1397.0,0.0,1398.0,BID
277,1712454150.1350586,447891.35945459,1397.0,0.0,1398.0,BID
278,1712454163.673432,447962.99269241,1396.0,1.155538957760464e-08,1398.0,BID
279,1712454180.1846588,447962.99269241,1396.0,0.0,1398.0,BID
280,1712454210.1835706,447962.99269241,1396.0,0.0,1398.0,BID
281,1712454240.122414,447962.99269241,1396.0,0.0,1398.0,BID
282,1712454250.5098898,448041.78925401,1393.0,-1.2710723494245045e-08,1398.0,ASK
283,1712454270.1209676,448041.78925401,1393.0,-0.0,1398.0,ASK
284,1712454285.703632,448045.46948241,1396.0,5.93649473951707e-10,1398.0,BID
285,1712454300.143644,448045.46948241,1396.0,0.0,1398.0,BID
286,1712454330.1239746,448045.46948241,1396.0,0.0,1398.0,BID
287,1712454332.9840205,448251.25731459,1391.0,-3.3484451104163736e-08,1398.0,ASK
288,1712454332.9874122,451006.61980667,1390.0,-4.483345767480024e-07,1398.0,ASK
289,1712454332.990724,451347.31319272,1391.0,-5.543540114036444e-08,1398.0,ASK
290,1712454332.9940195,451795.13762827,1390.0,-7.28670653486927e-08,1398.0,ASK
291,1712454351.4935472,451798.82955107,1395.0,6.00725549059657e-10,1398.0,BID
292,1712454360.1900852,451798.82955107,1395.0,0.0,1398.0,BID
293,1712454390.175614,451798.82955107,1395.0,0.0,1398.0,BID
294,1712454420.11662,451798.82955107,1395.0,0.0,1398.0,BID
295,1712454450.1435125,451798.82955107,1395.0,0.0,1398.0,BID
296,1712454480.2037776,451798.82955107,1395.0,0.0,1398.0,BID
297,1712454510.1956744,451798.82955107,1395.0,0.0,1398.0,BID
298,1712454540.1279757,451798.82955107,1395.0,0.0,1398.0,BID
299,1712454570.1162882,451798.82955107,1395.0,0.0,1398.0,BID
300,1712454600.1458323,451798.82955107,1395.0,0.0,1398.0,BID
301,1712454630.131287,451798.82955107,1395.0,0.0,1398.0,BID
302,1712454647.6975782,451962.13762827,1395.0,2.6581699674743312e-08,1398.0,BID
303,1712454647.7002263,452515.6754292,1395.0,9.00994968235178e-08,1398.0,BID
304,1712454648.8334415,452873.32891591,1391.0,-5.8215354282232254e-08,1398.0,ASK
305,1712454660.1749115,452873.32891591,1391.0,-0.0,1398.0,ASK
306,1712454676.9666512,453095.74675567,1390.0,-3.6194189379036594e-08,1398.0,ASK
307,1712454690.1889071,453095.74675567,1390.0,-0.0,1398.0,ASK
308,1712454697.323772,454422.38279048,1390.0,-2.158734225054617e-07,1398.0,ASK
309,1712454712.0838976,454531.98107418,1390.0,-1.7834097659222192e-08,1398.0,ASK
310,1712454712.0880334,459695.79072744,1390.0,-8.402675894263933e-07,1398.0,ASK
311,1712454712.091825,461252.26121394,1390.0,-2.5327264007088696e-07,1398.0,ASK
312,1712454712.1434414,461252.26121453,1390.0,9.600506292703598e-17,1398.0,BID
313,1712454712.1465278,462934.97128753,1390.0,2.7381465074929384e-07,1398.0,BID
314,1712454713.9936297,462938.64628753,1394.0,5.980048837066707e-10,1398.0,BID
315,1712454720.1255534,462938.64628753,1394.0,0.0,1398.0,BID
316,1712454750.116815,462938.64628753,1394.0,0.0,1398.0,BID
317,1712454780.1849673,462938.64628753,1394.0,0.0,1398.0,BID
318,1712454810.1836174,462938.64628753,1394.0,0.0,1398.0,BID
319,1712454832.9835694,462942.32128753,1393.0,5.966764966338521e-10,1398.0,BID
320,1712454840.1274858,462942.32128753,1393.0,0.0,1398.0,BID
321,1712454845.9335694,468051.57731764,1390.0,-8.295429808380064e-07,1398.0,ASK
322,1712454845.937064,468706.25357624,1390.0,-1.0629377189993713e-07,1398.0,ASK
323,1712454849.503484,468709.92857624,1393.0,5.966760007038964e-10,1398.0,BID
324,1712454870.1168396,468709.92857624,1393.0,0.0,1398.0,BID
325,1712454880.934083,468714.92857624,1390.0,-8.107487760926093e-10,1398.0,ASK
326,1712454900.1454654,468714.92857624,1390.0,-0.0,1398.0,ASK
327,1712454906.0636802,468786.87102229,1390.0,-1.1678820893661053e-08,1398.0,ASK
328,1712454922.9538684,469320.63275372,1390.0,-8.664853648329305e-08,1398.0,ASK
329,1712454930.126686,469320.63275372,1390.0,-0.0,1398.0,ASK
330,1712454960.1848938,469320.63275372,1390.0,-0.0,1398.0,ASK
331,1712454973.7937305,469324.54158358,1393.0,6.344555670729994e-10,1398.0,BID
332,1712454990.180133,469324.54158358,1393.0,0.0,1398.0,BID
333,1712455020.127893,469324.54158358,1393.0,0.0,1398.0,BID
334,1712455050.1379583,469324.54158358,1393.0,0.0,1398.0,BID
335,1712455080.1973512,469324.54158358,1393.0,0.0,1398.0,BID
336,1712455091.4636314,469354.21155303,1391.0,-4.8158301408948735e-09,1398.0,ASK
337,1712455103.854151,469357.81486477,1391.0,-5.848653573331417e-10,1398.0,ASK
338,1712455107.2655237,469487.90466132,1391.0,-2.111530193195608e-08,1398.0,ASK
339,1712455110.1751482,469487.90466132,1391.0,-0.0,1398.0,ASK
340,1712455140.143685,469487.90466132,1391.0,-0.0,1398.0,ASK
341,1712455157.9536684,469491.56870143,1393.0,5.947004436468065e-10,1398.0,BID
342,1712455170.1251266,469491.56870143,1393.0,0.0,1398.0,BID
343,1712455200.2960992,469491.56870143,1393.0,0.0,1398.0,BID
344,1712455230.1836524,469491.56870143,1393.0,0.0,1398.0,BID
345,1712455245.0238433,469528.20562369,1391.0,-6.0308864409034085e-09,1398.0,ASK
346,1712455245.027454,469575.59295275,1391.0,-7.80053516151103e-09,1398.0,ASK
347,1712455255.264016,469579.25699286,1392.0,6.031459100633148e-10,1398.0,BID
348,1712455260.125074,469579.25699286,1392.0,0.0,1398.0,BID
349,1712455272.0945385,469891.32329428,1391.0,-5.136890658357511e-08,1398.0,ASK
350,1712455287.0439155,469912.1998187,1391.0,3.436462789616942e-09,1398.0,BID
351,1712455287.0559306,469916.49318675,1392.0,7.067268118458442e-10,1398.0,BID
352,1712455290.1365068,469916.49318675,1392.0,0.0,1398.0,BID
353,1712455306.9238214,469921.8849912,1391.0,8.87470746881804e-10,1398.0,BID
354,1712455320.1836226,469921.8849912,1391.0,0.0,1398.0,BID
355,1712455338.703971,469923.73431636,1391.0,3.0439159471052436e-10,1398.0,BID
356,1712455338.705872,469925.62187114,1391.0,3.10684038719004e-10,1398.0,BID
357,1712455350.8122647,469925.62187114,1391.0,0.0,1398.0,BID
358,1712455365.8838923,470092.03943824,1390.0,-2.7391648799257108e-08,1398.0,ASK
359,1712455380.1339104,470092.03943824,1390.0,-0.0,1398.0,ASK
360,1712455393.4737852,470095.72496832,1391.0,6.066000349687354e-10,1398.0,BID
361,1712455410.1367936,470095.72496832,1391.0,0.0,1398.0,BID
362,1712455420.9248636,470300.96878558,1390.0,-3.378097559194808e-08,1398.0,ASK
363,1712455435.8038535,470304.64378558,1391.0,6.04866382614276e-10,1398.0,BID
364,1712455436.5644217,471255.64378558,1390.0,-1.565246067668026e-07,1398.0,ASK
365,1712455440.183697,471255.64378558,1390.0,-0.0,1398.0,ASK
366,1712455440.8665674,471403.6714733,1390.0,-2.435733829171978e-08,1398.0,ASK
367,1712455440.8697548,471492.45658121,1390.0,-1.4609219004493165e-08,1398.0,ASK
368,1712455440.8728602,471628.64378558,1390.0,-2.2409036167053384e-08,1398.0,ASK
369,1712455444.4984992,471737.04749722,1390.0,-1.7837378379423245e-08,1398.0,ASK
370,1712455444.8935976,471860.39517597,1390.0,-2.029634580589108e-08,1398.0,ASK
371,1712455445.124029,471867.50986178,1390.0,-1.170691860303516e-09,1398.0,ASK
372,1712455445.127202,471952.70360867,1390.0,-1.401827553547728e-08,1398.0,ASK
373,1712455445.6636972,472227.22209199,1390.0,-4.5170870858986335e-08,1398.0,ASK
374,1712455458.7337472,472946.64655242,1390.0,1.1837829279056505e-07,1398.0,BID
375,1712455470.179347,472946.64655242,1390.0,0.0,1398.0,BID
376,1712455488.3036537,472982.64367265,1389.0,-5.920885931863954e-09,1398.0,ASK
377,1712455488.4539094,473236.24546065,1389.0,4.171298285171764e-08,1398.0,BID
378,1712455488.4581797,473236.24546159,1389.0,1.5461254099444787e-16,1398.0,BID
379,1712455500.1236937,473236.24546159,1389.0,0.0,1398.0,BID
380,1712455505.1137638,473239.92620604,1390.0,6.05843157946333e-10,1398.0,BID
381,1712455530.1180518,473239.92620604,1390.0,0.0,1398.0,BID
382,1712455538.4038644,473528.11064408,1390.0,4.7434540852891695e-08,1398.0,BID
383,1712455545.2309422,473535.31525503,1388.0,-1.1858635211615734e-09,1398.0,ASK
384,1712455545.2353852,473564.10776431,1388.0,-4.739185318228139e-09,1398.0,ASK
385,1712455560.1784086,473564.10776431,1388.0,-0.0,1398.0,ASK
386,1712455581.4256043,473571.30200891,1390.0,1.184069433961863e-09,1398.0,BID
387,1712455590.1838996,473571.30200891,1390.0,0.0,1398.0,BID
388,1712455620.12071,473571.30200891,1390.0,0.0,1398.0,BID
389,1712455650.1237068,473571.30200891,1390.0,0.0,1398.0,BID
390,1712455661.7138236,474206.09252731,1390.0,1.04477239031805e-07,1398.0,BID
391,1712455680.19059,474206.09252731,1390.0,0.0,1398.0,BID
392,1712455710.1489508,474212.09252731,1390.0,9.8736889418816e-10,1398.0,BID
393,1712455710.1896734,474212.09252731,1390.0,0.0,1398.0,BID
394,1712455710.3495948,474227.65253085,1390.0,2.5605737339035222e-09,1398.0,BID
395,1712455710.351575,475025.71093331,1390.0,1.3132949348019585e-07,1398.0,BID
396,1712455710.355518,475025.71093401,1390.0,1.151937566950691e-16,1398.0,BID
397,1712455717.883633,475029.62891962,1392.0,6.44748634988424e-10,1398.0,BID
398,1712455740.1152828,475029.62891962,1392.0,0.0,1398.0,BID
399,1712455768.7138035,475033.54690523,1393.0,6.44628086507431e-10,1398.0,BID
400,1712455770.1159103,475033.54690523,1393.0,0.0,1398.0,BID
401,1712455788.96515,475723.14193527,1393.0,1.1345930530579197e-07,1398.0,BID
402,1712455788.9683683,476468.57956836,1393.0,1.2264710781671228e-07,1398.0,BID
403,1712455800.137051,476468.57956836,1393.0,0.0,1398.0,BID
404,1712455804.3836565,477474.32669479,1392.0,1.6581965891394317e-07,1398.0,BID
405,1712455804.5072024,478192.71749979,1392.0,1.1844261357709328e-07,1398.0,BID
406,1712455807.7936673,478625.77435179,1392.0,7.139900040667591e-08,1398.0,BID
407,1712455814.8736742,478625.77435226,1392.0,7.748472741737156e-17,1398.0,BID
408,1712455814.883731,479491.67219288,1393.0,1.4276241096069124e-07,1398.0,BID
409,1712455815.5638776,480692.53364298,1393.0,1.979885707109129e-07,1398.0,BID
410,1712455818.8136322,481423.78626377,1393.0,1.205631683878071e-07,1398.0,BID
411,1712455830.129524,481423.78626377,1393.0,0.0,1398.0,BID
412,1712455860.1999846,481423.78626377,1393.0,0.0,1398.0,BID
413,1712455866.603673,483162.33938652,1393.0,2.863131996355308e-07,1398.0,BID
414,1712455874.373891,483880.21447625,1393.0,1.182230851560849e-07,1398.0,BID
415,1712455890.176608,483880.21447625,1393.0,0.0,1398.0,BID
416,1712455914.513723,483952.00198522,1393.0,1.18156501712186e-08,1398.0,BID
417,1712455920.1239393,483952.00198522,1393.0,0.0,1398.0,BID
418,1712455950.149481,483952.00198522,1393.0,0.0,1398.0,BID
419,1712455980.1837862,483952.00198522,1393.0,0.0,1398.0,BID
420,1712456010.1839447,483952.00198522,1393.0,0.0,1398.0,BID
421,1712456040.123973,483952.00198522,1393.0,0.0,1398.0,BID
422,1712456070.1151392,483952.00198522,1393.0,0.0,1398.0,BID
423,1712456094.9337585,484671.42644522,1390.0,-1.1840956675244561e-07,1398.0,ASK
424,1712456094.9373496,485390.29329479,1390.0,-1.1831779004327909e-07,1398.0,ASK
425,1712456100.148286,485390.29329479,1390.0,-0.0,1398.0,ASK
426,1712456114.7150333,487134.92570484,1390.0,-2.880166300769217e-07,1398.0,ASK
427,1712456114.7337258,488576.88677189,1390.0,-2.3804943943576562e-07,1398.0,ASK
428,1712456114.7371368,490740.01070839,1390.0,-3.5710426049669184e-07,1398.0,ASK
429,1712456130.189128,490740.01070839,1390.0,-0.0,1398.0,ASK
430,1712456160.1266642,490740.01070839,1390.0,-0.0,1398.0,ASK
431,1712456190.132353,490740.01070839,1390.0,-0.0,1398.0,ASK
432,1712456194.5936658,492863.37755986,1390.0,-3.501110725010277e-07,1398.0,ASK
433,1712456220.1773062,492863.37755986,1390.0,-0.0,1398.0,ASK
434,1712456250.293224,492863.37755986,1390.0,-0.0,1398.0,ASK
435,1712456280.1226094,492863.37755986,1390.0,-0.0,1398.0,ASK
436,1712456310.117565,492863.37755986,1390.0,-0.0,1398.0,ASK
437,1712456340.174865,492863.37755986,1390.0,-0.0,1398.0,ASK
438,1712456347.003969,493498.16807826,1390.0,-1.0461644161770453e-07,1398.0,ASK
439,1712456368.4105544,493501.86154559,1392.0,6.087006628125721e-10,1398.0,BID
440,1712456370.1757262,493501.86154559,1392.0,0.0,1398.0,BID
441,1712456400.159541,493501.86154559,1392.0,0.0,1398.0,BID
442,1712456430.1288571,493501.86154559,1392.0,0.0,1398.0,BID
443,1712456460.1810844,493501.86154559,1392.0,0.0,1398.0,BID
444,1712456490.1866584,493501.86154559,1392.0,0.0,1398.0,BID
445,1712456492.3639383,493505.55501292,1393.0,6.092385990379248e-10,1398.0,BID
446,1712456520.225783,493505.55501292,1393.0,0.0,1398.0,BID
447,1712456550.216019,493505.55501292,1393.0,0.0,1398.0,BID
448,1712456557.8638976,493573.19376381,1393.0,1.1157023787912302e-08,1398.0,BID
449,1712456580.2769363,493573.19376381,1393.0,0.0,1398.0,BID
450,1712456610.184318,493573.19376381,1393.0,0.0,1398.0,BID
451,1712456623.97427,493893.36605383,1393.0,5.28116544455852e-08,1398.0,BID
452,1712456640.1240022,493893.36605383,1393.0,0.0,1398.0,BID
453,1712456670.1189747,493893.36605383,1393.0,0.0,1398.0,BID
454,1712456700.1476598,493893.36605383,1393.0,0.0,1398.0,BID
455,1712456730.1241906,493893.36605383,1393.0,0.0,1398.0,BID
456,1712456760.192716,493893.36605383,1393.0,0.0,1398.0,BID
457,1712456790.190946,493893.36605383,1393.0,0.0,1398.0,BID
458,1712456820.136165,493893.36605383,1393.0,0.0,1398.0,BID
459,1712456850.1241212,493893.36605383,1393.0,0.0,1398.0,BID
460,1712456880.2058609,493893.36605383,1393.0,0.0,1398.0,BID
461,1712456902.7442176,494065.476572,1391.0,-2.8432761035240224e-08,1398.0,ASK
462,1712456910.1982296,494065.476572,1391.0,-0.0,1398.0,ASK
463,1712456940.1286917,494065.476572,1391.0,-0.0,1398.0,ASK
464,1712456941.761752,494108.46583005,1391.0,-7.101570398286434e-09,1398.0,ASK
465,1712456970.1241467,494108.46583005,1391.0,-0.0,1398.0,ASK
466,1712456971.767021,494112.15929738,1393.0,6.101328645464094e-10,1398.0,BID
467,1712456991.2839258,494277.03803605,1393.0,2.723672044153565e-08,1398.0,BID
468,1712456991.2884867,496487.05544108,1393.0,3.650781581500196e-07,1398.0,BID
469,1712456992.6845694,496579.40706662,1393.0,-1.52557899668878e-08,1398.0,ASK
470,1712456992.9244573,496671.78495287,1393.0,-1.5260128037532182e-08,1398.0,ASK
471,1712456993.0442386,496768.01435168,1393.0,-1.589636877858261e-08,1398.0,ASK
472,1712456995.193946,496883.44920198,1393.0,-1.906896408957588e-08,1398.0,ASK
473,1712456995.3740313,497088.85842598,1392.0,3.393205003465885e-08,1398.0,BID
474,1712456995.3939035,497088.85842643,1392.0,7.43275466502433e-17,1398.0,BID
475,1712457000.1699882,497088.85842643,1392.0,0.0,1398.0,BID
476,1712457030.1475751,497088.85842643,1392.0,0.0,1398.0,BID
477,1712457060.1945248,497088.85842643,1392.0,0.0,1398.0,BID
478,1712457069.7146275,497404.95038045,1392.0,5.2198572965457006e-08,1398.0,BID
479,1712457090.1801968,497404.95038045,1392.0,0.0,1398.0,BID
480,1712457120.155343,497404.95038045,1392.0,0.0,1398.0,BID
481,1712457138.3451414,497559.22319373,1391.0,-2.54743454219706e-08,1398.0,ASK
482,1712457149.645013,497908.75786519,1391.0,-5.7717019404878224e-08,1398.0,ASK
483,1712457149.6521604,498408.75786519,1391.0,-8.256265274600283e-08,1398.0,ASK
484,1712457149.6542945,498624.43004347,1391.0,-3.5612934324613944e-08,1398.0,ASK
485,1712457149.6564927,503904.48140247,1391.0,-8.718700936683505e-07,1398.0,ASK
486,1712457150.1276,503904.48140247,1391.0,-0.0,1398.0,ASK
487,1712457169.569266,503945.04049664,1391.0,6.687349453670648e-09,1398.0,BID
488,1712457180.1761377,503945.04049664,1391.0,0.0,1398.0,BID
489,1712457210.1786952,503945.04049664,1391.0,0.0,1398.0,BID
490,1712457240.214714,503945.04049664,1391.0,0.0,1398.0,BID
491,1712457265.3639245,503949.3539402,1391.0,7.11190343452054e-10,1398.0,BID
492,1712457270.133912,503949.3539402,1391.0,0.0,1398.0,BID
493,1712457300.174082,503949.3539402,1391.0,0.0,1398.0,BID
494,1712457330.1882422,503949.3539402,1391.0,0.0,1398.0,BID
495,1712457347.1922543,504041.32673007,1390.0,-1.523832157801653e-08,1398.0,ASK
496,1712457360.1307929,504041.32673007,1390.0,-0.0,1398.0,ASK
497,1712457367.4342265,504418.77859717,1390.0,-6.253600779983542e-08,1398.0,ASK
498,1712457367.440083,505152.56055939,1390.0,-1.215725725913722e-07,1398.0,ASK
499,1712457390.1304214,505152.56055939,1390.0,-0.0,1398.0,ASK
500,1712457420.191861,505152.56055939,1390.0,-0.0,1398.0,ASK
501,1712457449.0941858,505237.9224767,1390.0,-1.4139094913393049e-08,1398.0,ASK
502,1712457449.0987504,505344.26144543,1390.0,-1.7613671520590475e-08,1398.0,ASK
503,1712457449.2337294,505446.10752058,1390.0,-1.6869481947942078e-08,1398.0,ASK
504,1712457450.1909914,505446.10752058,1390.0,-0.0,1398.0,ASK
505,1712457457.3265483,505446.92724201,1390.0,-1.3576705165910563e-10,1398.0,ASK
506,1712457457.3319223,505536.46972578,1390.0,-1.4830549226272377e-08,1398.0,ASK
507,1712457480.1141691,505536.46972578,1390.0,-0.0,1398.0,ASK
508,1712457487.594396,506033.36987474,1390.0,-8.229779326755754e-08,1398.0,ASK
509,1712457510.129081,506033.36987474,1390.0,-0.0,1398.0,ASK
510,1712457540.186316,506033.36987474,1390.0,-0.0,1398.0,ASK
511,1712457541.7542686,506110.90194672,1390.0,-1.283957876201696e-08,1398.0,ASK
512,1712457541.7594724,506172.33835611,1390.0,-1.0174081474582278e-08,1398.0,ASK
513,1712457543.8652768,506489.40720802,1390.0,-5.250769640376175e-08,1398.0,ASK
514,1712457563.3141065,506946.62861089,1390.0,-7.571744265190492e-08,1398.0,ASK
515,1712457563.319634,509612.34605692,1390.0,-4.4145201116785113e-07,1398.0,ASK
516,1712457563.3273966,509619.54030152,1390.0,-1.191391740426588e-09,1398.0,ASK
517,1712457563.3302042,509962.64595306,1389.0,-5.68194803019933e-08,1398.0,ASK
518,1712457563.3329744,509973.43731996,1390.0,-1.7870876106302423e-09,1398.0,ASK
519,1712457563.3359013,510230.59498734,1389.0,-4.258619743109004e-08,1398.0,ASK
520,1712457563.3386235,511739.47781719,1390.0,-2.49876205314234e-07,1398.0,ASK
521,1712457563.3414078,513910.77659328,1389.0,-3.595745726835181e-07,1398.0,ASK
522,1712457563.4338658,514241.48018707,1389.0,5.476565672645791e-08,1398.0,BID
523,1712457570.1749504,514241.48018707,1389.0,0.0,1398.0,BID
524,1712457575.400522,516196.66135207,1389.0,3.231743058775259e-07,1398.0,BID
525,1712457590.5040157,516749.82998102,1389.0,9.143392484253209e-08,1398.0,BID
526,1712457590.544229,518163.48314302,1389.0,2.336644744534027e-07,1398.0,BID
527,1712457590.6038702,518163.48314384,1389.0,1.3553407054756552e-16,1398.0,BID
528,1712457591.4843478,518173.48314384,1392.0,1.652912331924613e-09,1398.0,BID
529,1712457591.489215,519000.83946567,1392.0,1.367547467248615e-07,1398.0,BID
530,1712457600.1672733,519000.83946567,1392.0,0.0,1398.0,BID
531,1712457630.1370325,519000.83946567,1392.0,0.0,1398.0,BID
532,1712457630.2915838,519673.05613333,1392.0,1.1105211669601113e-07,1398.0,BID
533,1712457630.2943096,520488.05613333,1392.0,1.346403316988688e-07,1398.0,BID
534,1712457630.3492582,520858.44479264,1392.0,-6.118926619263577e-08,1398.0,ASK
535,1712457630.4150596,521012.01128248,1392.0,-2.5369623472253364e-08,1398.0,ASK
536,1712457630.4173615,521096.42744754,1392.0,-1.3945791980891788e-08,1398.0,ASK
537,1712457639.2139468,521100.12622539,1391.0,6.110486829533276e-10,1398.0,BID
538,1712457647.9440558,521166.26702984,1391.0,1.0926650122667366e-08,1398.0,BID
539,1712457647.9492552,521175.50973793,1393.0,1.5269218196815747e-09,1398.0,BID
540,1712457660.1996958,521175.50973793,1393.0,0.0,1398.0,BID
541,1712457679.5571308,521390.52866493,1392.0,-3.550398698818314e-08,1398.0,ASK
542,1712457679.5700488,521390.52866524,1392.0,-5.11799897969873e-17,1398.0,ASK
543,1712457685.6742132,521394.2311742,1393.0,6.11359342988155e-10,1398.0,BID
544,1712457690.184306,521394.2311742,1393.0,0.0,1398.0,BID
545,1712457712.904204,521480.66901912,1392.0,-1.4271924286628802e-08,1398.0,ASK
546,1712457717.9838254,521586.49124529,1392.0,-1.747251798258992e-08,1398.0,ASK
547,1712457718.0640163,521691.02246022,1392.0,-1.7259356552115825e-08,1398.0,ASK
548,1712457718.126402,521796.14070448,1392.0,-1.7356282130951155e-08,1398.0,ASK
549,1712457719.6039803,521912.14897253,1392.0,-1.91543555923344e-08,1398.0,ASK
550,1712457720.218216,521912.14897253,1392.0,-0.0,1398.0,ASK
551,1712457720.672817,521915.85148149,1393.0,6.11255848049279e-10,1398.0,BID
552,1712457750.1164806,521915.85148149,1393.0,0.0,1398.0,BID
553,1712457780.188742,521915.85148149,1393.0,0.0,1398.0,BID
554,1712457781.7337165,521968.86225437,1393.0,8.751664801267284e-09,1398.0,BID
555,1712457789.2437527,521983.86225437,1393.0,2.4763829102472183e-09,1398.0,BID
556,1712457810.186406,521983.86225437,1393.0,0.0,1398.0,BID
557,1712457814.8438144,522081.36716996,1392.0,-1.6097048673509633e-08,1398.0,ASK
558,1712457840.1148896,522081.36716996,1392.0,-0.0,1398.0,ASK
559,1712457870.126745,522081.36716996,1392.0,-0.0,1398.0,ASK
560,1712457900.1454086,522081.36716996,1392.0,-0.0,1398.0,ASK
561,1712457905.249728,522184.29683006,1392.0,-1.7129743546360705e-08,1398.0,ASK
562,1712457905.2555938,522285.56315646,1392.0,-1.685292848949575e-08,1398.0,ASK
563,1712457930.134199,522285.56315646,1392.0,-0.0,1398.0,ASK
564,1712457937.9437113,522437.00147408,1392.0,-2.5201451517811103e-08,1398.0,ASK
565,1712457938.2638798,522545.24299419,1392.0,-1.8012900989237833e-08,1398.0,ASK
566,1712457940.469666,522668.66064351,1392.0,-2.053842088753124e-08,1398.0,ASK
567,1712457960.1958833,522668.66064351,1392.0,-0.0,1398.0,ASK
568,1712457966.6641617,528649.85250201,1392.0,-9.95265553763078e-07,1398.0,ASK
569,1712457966.6693857,529336.84606332,1392.0,-1.1431518055338553e-07,1398.0,ASK
570,1712457990.1771216,529336.84606332,1392.0,-0.0,1398.0,ASK
571,1712458020.1190646,529336.84606332,1392.0,-0.0,1398.0,ASK
572,1712458050.131954,529336.84606332,1392.0,-0.0,1398.0,ASK
573,1712458068.9740498,531629.80917607,1392.0,3.809588279820871e-07,1398.0,BID
574,1712458077.144031,531652.04212487,1392.0,-3.693839674229525e-09,1398.0,ASK
575,1712458079.2937982,531655.6454366,1392.0,-5.986635397094667e-10,1398.0,ASK
576,1712458080.15354,531655.6454366,1392.0,-0.0,1398.0,ASK
577,1712458110.1294124,531655.6454366,1392.0,-0.0,1398.0,ASK
578,1712458121.1137516,531669.97829886,1394.0,2.380022509021236e-09,1398.0,BID
579,1712458140.2975748,531669.97829886,1394.0,0.0,1398.0,BID
580,1712458167.474341,532484.97829886,1393.0,1.353331856663837e-07,1398.0,BID
581,1712458167.4801464,535256.77887274,1394.0,4.602657689510268e-07,1398.0,BID
582,1712458170.1896803,535256.77887274,1394.0,0.0,1398.0,BID
583,1712458200.263383,535256.77887274,1394.0,0.0,1398.0,BID
584,1712458230.1197326,535256.77887274,1394.0,0.0,1398.0,BID
585,1712458260.292355,535256.77887274,1394.0,0.0,1398.0,BID
586,1712458290.1844702,535256.77887274,1394.0,0.0,1398.0,BID
587,1712458294.9037814,535372.06608208,1392.0,-1.920061705253894e-08,1398.0,ASK
588,1712458306.004035,536733.06608208,1392.0,-2.2666902909786854e-07,1398.0,ASK
589,1712458308.9722197,536849.8960982,1392.0,-1.9457565263340173e-08,1398.0,ASK
590,1712458309.97403,536853.58427024,1393.0,6.142500921837768e-10,1398.0,BID
591,1712458313.6538398,536860.76302113,1393.0,1.1955918400897966e-09,1398.0,BID
592,1712458320.1314085,536860.76302113,1393.0,0.0,1398.0,BID
593,1712458322.1340697,536860.9588189,1394.0,3.259720286293905e-11,1398.0,BID
594,1712458322.1399028,536864.47004118,1393.0,5.84562454043244e-10,1398.0,BID
595,1712458325.2839344,536868.17706123,1394.0,6.171596568868026e-10,1398.0,BID
596,1712458350.1374907,536868.17706123,1394.0,0.0,1398.0,BID
597,1712458350.287424,536874.46215543,1393.0,1.046366044922511e-09,1398.0,BID
598,1712458350.2904754,536875.35517105,1394.0,1.48672588279246e-10,1398.0,BID
599,1712458380.179037,536875.35517105,1394.0,0.0,1398.0,BID
600,1712458396.2337646,537003.21874582,1392.0,-2.1287171842063288e-08,1398.0,ASK
601,1712458410.1840382,537003.21874582,1392.0,-0.0,1398.0,ASK
602,1712458412.0337298,537006.90163773,1394.0,6.131224634781129e-10,1398.0,BID
603,1712458440.132135,537006.90163773,1394.0,0.0,1398.0,BID
604,1712458470.1223,537006.90163773,1394.0,0.0,1398.0,BID
605,1712458476.7639253,537150.37366068,1394.0,2.3884992315296453e-08,1398.0,BID
606,1712458500.1767168,537150.37366068,1394.0,0.0,1398.0,BID
607,1712458501.7046192,537267.23576261,1392.0,-1.9475650107056682e-08,1398.0,ASK
608,1712458515.2935414,537270.91865452,1394.0,6.137722412657283e-10,1398.0,BID
609,1712458528.5139203,538861.23683832,1394.0,2.650344294264295e-07,1398.0,BID
610,1712458530.1864734,538861.23683832,1394.0,0.0,1398.0,BID
611,1712458539.0139384,538890.74323858,1394.0,4.915434743854591e-09,1398.0,BID
612,1712458539.0193927,542448.0374122,1394.0,5.926052389006935e-07,1398.0,BID
613,1712458546.3510802,542562.49274566,1392.0,-1.9066972512847254e-08,1398.0,ASK
614,1712458560.139007,542562.49274566,1392.0,-0.0,1398.0,ASK
615,1712458567.1664526,542780.56014832,1392.0,-3.629638283870229e-08,1398.0,ASK
616,1712458590.2234042,542780.56014832,1392.0,-0.0,1398.0,ASK
617,1712458616.1276195,542784.24304023,1394.0,6.129705748040854e-10,1398.0,BID
618,1712458620.2040577,542784.24304023,1394.0,0.0,1398.0,BID
619,1712458650.1911433,542784.24304023,1394.0,0.0,1398.0,BID
620,1712458680.1349778,542784.24304023,1394.0,0.0,1398.0,BID
621,1712458710.127329,542784.24304023,1394.0,0.0,1398.0,BID
622,1712458740.334942,542784.24304023,1394.0,0.0,1398.0,BID
623,1712458770.1859756,542784.24304023,1394.0,0.0,1398.0,BID
624,1712458794.0840898,542938.6785088,1393.0,-2.5703799993287312e-08,1398.0,ASK
625,1712458797.213954,543436.6785088,1393.0,-8.28857031042499e-08,1398.0,ASK
626,1712458799.6239247,543936.6785088,1394.0,8.321857741390552e-08,1398.0,BID
627,1712458800.1559863,543936.6785088,1394.0,0.0,1398.0,BID
628,1712458810.1238668,543941.62181735,1393.0,-8.23581164434281e-10,1398.0,ASK
629,1712458815.5642502,544074.9408064,1393.0,-2.2211643706095068e-08,1398.0,ASK
630,1712458815.5701127,544332.48673438,1393.0,-4.290850411490824e-08,1398.0,ASK
631,1712458815.603924,544465.18914419,1393.0,-2.2108918366726322e-08,1398.0,ASK
632,1712458816.7937968,544558.86073069,1393.0,-1.5606178231221232e-08,1398.0,ASK
633,1712458819.7045553,545034.86073069,1393.0,-7.930409973433448e-08,1398.0,ASK
634,1712458821.1044743,545164.90963234,1393.0,-2.166682997225378e-08,1398.0,ASK
635,1712458830.1383903,545164.90963234,1393.0,-0.0,1398.0,ASK
636,1712458835.4237514,545285.45236469,1393.0,-2.0077329217211204e-08,1398.0,ASK
637,1712458835.5637834,545956.45236469,1393.0,-1.1176026660508765e-07,1398.0,ASK
638,1712458837.6337674,546238.27382316,1393.0,-4.6939554893647327e-08,1398.0,ASK
639,1712458841.3307304,546348.97799915,1393.0,-1.8438641166836528e-08,1398.0,ASK
640,1712458842.4838169,546433.03328316,1393.0,-1.4000061029079681e-08,1398.0,ASK
641,1712458847.1122942,546554.03328316,1393.0,-2.01534906992781e-08,1398.0,ASK
642,1712458860.1796713,546554.03328316,1393.0,-0.0,1398.0,ASK
643,1712458864.553947,546645.03328316,1393.0,-1.5151874056989153e-08,1398.0,ASK
644,1712458866.3839543,546748.82981441,1393.0,-1.7282549110465572e-08,1398.0,ASK
645,1712458866.408411,546859.91844628,1393.0,-1.8496713837992893e-08,1398.0,ASK
646,1712458868.574083,546975.34254415,1393.0,-1.921858674799993e-08,1398.0,ASK
647,1712458869.9741187,547067.51185962,1393.0,-1.5346569889240073e-08,1398.0,ASK
648,1712458876.944219,547213.42120218,1395.0,2.4294505298977932e-08,1398.0,BID
649,1712458876.9488227,547349.57512906,1396.0,2.267018848846158e-08,1398.0,BID
650,1712458876.9512768,547784.35773775,1395.0,7.239309152792783e-08,1398.0,BID
651,1712458881.3538177,547788.27374636,1396.0,6.52031530370672e-10,1398.0,BID
652,1712458882.1505196,547947.63117425,1393.0,-2.6533666785010644e-08,1398.0,ASK
653,1712458890.1909964,547947.63117425,1393.0,-0.0,1398.0,ASK
654,1712458890.737084,547951.5394837,1394.0,6.505391425811984e-10,1398.0,BID
655,1712458893.385507,548080.75699986,1393.0,-2.1508289772514912e-08,1398.0,ASK
656,1712458907.419769,548259.09142832,1393.0,-2.9683812827517453e-08,1398.0,ASK
657,1712458912.613939,548266.27017922,1393.0,-1.1949049877258032e-09,1398.0,ASK
658,1712458920.23466,548266.27017922,1393.0,-0.0,1398.0,ASK
659,1712458922.882099,549274.27017922,1393.0,-1.677694717109109e-07,1398.0,ASK
660,1712458938.4755087,549358.56785452,1393.0,-1.4030333781295297e-08,1398.0,ASK
661,1712458938.493808,549441.71562335,1393.0,-1.3838945685061032e-08,1398.0,ASK
662,1712458941.564212,549668.72112649,1393.0,-3.778233465999419e-08,1398.0,ASK
663,1712458948.634117,549781.71048043,1393.0,-1.880571847169856e-08,1398.0,ASK
664,1712458948.653826,549893.15854407,1393.0,-1.854918924610517e-08,1398.0,ASK
665,1712458950.1357722,549893.15854407,1393.0,-0.0,1398.0,ASK
666,1712458980.3396077,549893.15854407,1393.0,-0.0,1398.0,ASK
667,1712458981.5638952,550007.01060161,1393.0,-1.894216029422771e-08,1398.0,ASK
668,1712458981.584345,550120.33885329,1393.0,-1.8855011982841097e-08,1398.0,ASK
669,1712458998.074186,550306.14490368,1393.0,-3.091352116222476e-08,1398.0,ASK
670,1712458998.1543703,550510.08252333,1393.0,-3.393016485519312e-08,1398.0,ASK
671,1712458999.2571795,550614.3592387,1393.0,-1.7349060703631108e-08,1398.0,ASK
672,1712458999.2936814,550719.13887757,1393.0,-1.7432734707940382e-08,1398.0,ASK
673,1712459010.194201,550719.13887757,1393.0,-0.0,1398.0,ASK
674,1712459010.713953,552030.1854431,1393.0,-2.180839035050033e-07,1398.0,ASK
675,1712459010.8837495,552317.92700144,1393.0,4.7863900408459224e-08,1398.0,BID
676,1712459040.1533806,552317.92700144,1393.0,0.0,1398.0,BID
677,1712459070.290929,552317.92700144,1393.0,0.0,1398.0,BID
678,1712459076.8542392,552748.24710497,1392.0,-7.155438764105803e-08,1398.0,ASK
679,1712459076.8602507,552963.60963189,1393.0,-3.5810861747269474e-08,1398.0,ASK
680,1712459081.1514685,553286.45094711,1392.0,-5.368262469333137e-08,1398.0,ASK
681,1712459087.0340726,553447.87160472,1392.0,-2.6841312346675364e-08,1398.0,ASK
682,1712459092.3741777,553528.58193353,1392.0,-1.3420656174170066e-08,1398.0,ASK
683,1712459094.0540085,553536.40972217,1392.0,-1.3016185349441451e-09,1398.0,ASK
684,1712459097.0638993,553576.76488657,1392.0,-6.710328086262329e-09,1398.0,ASK
685,1712459100.176206,553576.76488657,1392.0,-0.0,1398.0,ASK
686,1712459102.214144,553596.94246877,1392.0,-3.3702254179927517e-09,1398.0,ASK
687,1712459106.2925627,553607.03125987,1392.0,-1.68511270901582e-09,1398.0,ASK
688,1712459130.1888454,553607.03125987,1392.0,-0.0,1398.0,ASK
689,1712459160.22563,553607.03125987,1392.0,-0.0,1398.0,ASK
690,1712459190.121271,553607.03125987,1392.0,-0.0,1398.0,ASK
691,1712459205.744186,553656.97398413,1392.0,-8.341785087263489e-09,1398.0,ASK
692,1712459205.7495806,553714.12057235,1393.0,-9.54502511558802e-09,1398.0,ASK
693,1712459220.2512877,553714.12057235,1393.0,-0.0,1398.0,ASK
694,1712459226.7337909,553723.9593527,1392.0,-1.643301365618245e-09,1398.0,ASK
695,1712459250.2210634,553723.9593527,1392.0,-0.0,1398.0,ASK
696,1712459269.779458,553884.28232657,1392.0,-2.6777542527878106e-08,1398.0,ASK
697,1712459269.782295,558316.75847944,1392.0,-7.403232102190361e-07,1398.0,ASK
698,1712459269.8541143,560923.38339877,1392.0,4.353649882280429e-07,1398.0,BID
699,1712459280.187572,560923.38339877,1392.0,0.0,1398.0,BID
700,1712459310.1881063,560923.38339877,1392.0,0.0,1398.0,BID
701,1712459340.122655,560923.38339877,1392.0,0.0,1398.0,BID
702,1712459370.1364596,560923.38339877,1392.0,0.0,1398.0,BID
703,1712459380.674328,560927.05577564,1396.0,6.123445721265738e-10,1398.0,BID
704,1712459400.1492574,560927.05577564,1396.0,0.0,1398.0,BID
705,1712459426.3939755,560937.40969835,1393.0,-1.736254916096537e-09,1398.0,ASK
706,1712459430.1378376,560937.40969835,1393.0,-0.0,1398.0,ASK
707,1712459460.1764212,560937.40969835,1393.0,-0.0,1398.0,ASK
708,1712459477.376871,560941.08541263,1396.0,6.16381030850269e-10,1398.0,BID
709,1712459485.1440573,560944.76112691,1396.0,6.16381030850269e-10,1398.0,BID
710,1712459490.186419,560944.76112691,1396.0,0.0,1398.0,BID
711,1712459495.6241963,561653.01936473,1396.0,1.1876771647539597e-07,1398.0,BID
712,1712459507.057778,562226.33214244,1396.0,9.613873273732597e-08,1398.0,BID
713,1712459507.0638485,562331.63020685,1397.0,1.7657416449890602e-08,1398.0,BID
714,1712459507.068519,562376.35028958,1398.0,7.499103890091853e-09,1398.0,BID
715,1712459520.127311,562376.35028958,1398.0,0.0,1398.0,BID
716,1712459550.1385534,562376.35028958,1398.0,0.0,1398.0,BID
717,1712459580.1939454,562376.35028958,1398.0,0.0,1398.0,BID
718,1712459610.2809265,562376.35028958,1398.0,0.0,1398.0,BID
719,1712459640.148271,562376.35028958,1398.0,0.0,1398.0,BID
720,1712459670.1276317,562376.35028958,1398.0,0.0,1398.0,BID
721,1712459698.3840482,562734.2600963,1397.0,5.999773232950603e-08,1398.0,BID
722,1712459700.150614,562734.2600963,1397.0,0.0,1398.0,BID
723,1712459705.3340125,562737.51819952,1392.0,-5.532042492079841e-10,1398.0,ASK
724,1712459705.3391466,562748.7005295,1393.0,-1.898685229867097e-09,1398.0,ASK
725,1712459730.1337802,562748.7005295,1393.0,-0.0,1398.0,ASK
726,1712459739.464945,562752.37290637,1396.0,6.235430292920378e-10,1398.0,BID
727,1712459760.1964917,562752.37290637,1396.0,0.0,1398.0,BID
728,1712459790.1839352,562752.37290637,1396.0,0.0,1398.0,BID
729,1712459820.2387643,562752.37290637,1396.0,0.0,1398.0,BID
730,1712459825.3197014,562767.37290637,1396.0,2.54688928425049e-09,1398.0,BID
731,1712459850.125116,562767.37290637,1396.0,0.0,1398.0,BID
732,1712459880.1840208,562767.37290637,1396.0,0.0,1398.0,BID
733,1712459910.1888971,562767.37290637,1396.0,0.0,1398.0,BID
734,1712459910.5238802,562813.20313559,1396.0,7.781606979168375e-09,1398.0,BID
735,1712459940.2151158,562813.20313559,1396.0,0.0,1398.0,BID
736,1712459970.1272056,562813.20313559,1396.0,0.0,1398.0,BID
737,1712460000.1470606,562813.20313559,1396.0,0.0,1398.0,BID
738,1712460028.9038749,563171.11294232,1393.0,-6.127166361908644e-08,1398.0,ASK
739,1712460028.9093308,563208.46005259,1392.0,-6.393564899824501e-09,1398.0,ASK
740,1712460030.123351,563208.46005259,1392.0,-0.0,1398.0,ASK
741,1712460060.295825,563208.46005259,1392.0,-0.0,1398.0,ASK
742,1712460090.1840994,563208.46005259,1392.0,-0.0,1398.0,ASK
743,1712460120.2626014,563208.46005259,1392.0,-0.0,1398.0,ASK
744,1712460127.0839424,563212.46005259,1394.0,-6.847075780457981e-10,1398.0,ASK
745,1712460142.4040174,563217.46005259,1394.0,8.55884472557248e-10,1398.0,BID
746,1712460150.1293497,563217.46005259,1394.0,0.0,1398.0,BID
747,1712460163.0038874,563258.46005259,1394.0,7.018237602705396e-09,1398.0,BID
748,1712460180.199541,563258.46005259,1394.0,0.0,1398.0,BID
749,1712460200.1038766,563262.46005259,1396.0,6.8469940887692e-10,1398.0,BID
750,1712460210.1839309,563262.46005259,1396.0,0.0,1398.0,BID
751,1712460233.9440415,564157.87552536,1396.0,1.5327246472220545e-07,1398.0,BID
752,1712460240.1194208,564157.87552536,1396.0,0.0,1398.0,BID
753,1712460240.2942083,566910.25005442,1396.0,4.7103606611726587e-07,1398.0,BID
754,1712460263.3138747,566946.04876502,1396.0,6.126522257440375e-09,1398.0,BID
755,1712460270.243342,566946.04876502,1396.0,0.0,1398.0,BID
756,1712460300.1836824,566946.04876502,1396.0,0.0,1398.0,BID
757,1712460330.1904871,566946.04876502,1396.0,0.0,1398.0,BID
758,1712460336.7538648,567311.61096959,1396.0,6.269975460362931e-08,1398.0,BID
759,1712460338.27393,567669.7771587,1396.0,6.143121986838947e-08,1398.0,BID
760,1712460348.5337565,568029.33052546,1396.0,6.166914298284751e-08,1398.0,BID
761,1712460360.174408,568029.33052546,1396.0,0.0,1398.0,BID
762,1712460390.1838856,568029.33052546,1396.0,0.0,1398.0,BID
763,1712460420.1322222,568029.33052546,1396.0,0.0,1398.0,BID
764,1712460450.1311214,568029.33052546,1396.0,0.0,1398.0,BID
765,1712460453.7336652,568745.09227209,1396.0,1.227327332647332e-07,1398.0,BID
766,1712460480.1796358,568745.09227209,1396.0,0.0,1398.0,BID
767,1712460510.1773562,568745.09227209,1396.0,0.0,1398.0,BID
768,1712460540.217274,568745.09227209,1396.0,0.0,1398.0,BID
769,1712460570.1327486,568745.09227209,1396.0,0.0,1398.0,BID
770,1712460600.15962,568745.09227209,1396.0,0.0,1398.0,BID
771,1712460623.057957,568846.2033832,1394.0,-1.7388997641689235e-08,1398.0,ASK
772,1712460623.0650604,569711.11936199,1392.0,-1.487474694950477e-07,1398.0,ASK
773,1712460623.0706077,569992.2956518,1391.0,-4.83564445759821e-08,1398.0,ASK
774,1712460623.075879,570807.2956518,1393.0,-1.4016296450905797e-07,1398.0,ASK
775,1712460623.079774,573418.7732518,1392.0,-4.491195609386474e-07,1398.0,ASK
776,1712460630.140592,573418.7732518,1392.0,-0.0,1398.0,ASK
777,1712460660.1770186,573418.7732518,1392.0,-0.0,1398.0,ASK
778,1712460690.1937995,573418.7732518,1392.0,-0.0,1398.0,ASK
779,1712460705.1238656,573422.46253751,1394.0,6.337708488665975e-10,1398.0,BID
780,1712460720.136567,573422.46253751,1394.0,0.0,1398.0,BID
781,1712460750.134554,573422.46253751,1394.0,0.0,1398.0,BID
782,1712460780.1862946,573422.46253751,1394.0,0.0,1398.0,BID
783,1712460810.1881833,573422.46253751,1394.0,0.0,1398.0,BID
784,1712460840.142336,573422.46253751,1394.0,0.0,1398.0,BID
785,1712460870.125513,573422.46253751,1394.0,0.0,1398.0,BID
786,1712460900.300907,573422.46253751,1394.0,0.0,1398.0,BID
787,1712460928.0244684,573708.6316466,1392.0,-4.976963312398424e-08,1398.0,ASK
788,1712460928.031381,573852.30980751,1392.0,-2.49880547175762e-08,1398.0,ASK
789,1712460928.0368395,573852.30980761,1392.0,-1.739181851346272e-17,1398.0,ASK
790,1712460930.1834335,573852.30980761,1392.0,-0.0,1398.0,ASK
791,1712460930.6571891,574647.9461524,1391.0,-1.3836017732690406e-07,1398.0,ASK
792,1712460930.6613474,574793.17874392,1391.0,-2.525576822620604e-08,1398.0,ASK
793,1712460931.6938002,575111.31715392,1391.0,-5.5323876429631376e-08,1398.0,ASK
794,1712460931.723908,575111.31715465,1391.0,-1.2695313803796774e-16,1398.0,ASK
795,1712460960.127205,575111.31715465,1391.0,-0.0,1398.0,ASK
796,1712460990.130073,575111.31715465,1391.0,-0.0,1398.0,ASK
797,1712461020.369195,575111.31715465,1391.0,-0.0,1398.0,ASK
798,1712461050.177271,575111.31715465,1391.0,-0.0,1398.0,ASK
799,1712461067.4139073,575114.98691213,1392.0,6.37972000315374e-10,1398.0,BID
800,1712461080.1337852,575114.98691213,1392.0,0.0,1398.0,BID
801,1712461098.3040082,575122.17598473,1391.0,-1.2497891152130658e-09,1398.0,ASK
802,1712461098.3111663,575136.55412913,1391.0,-2.4995780913485403e-09,1398.0,ASK
803,1712461107.5467727,575809.93325987,1392.0,1.1706404356140072e-07,1398.0,BID
804,1712461110.1486616,575809.93325987,1392.0,0.0,1398.0,BID
805,1712461140.18743,575809.93325987,1392.0,0.0,1398.0,BID
806,1712461170.204413,575809.93325987,1392.0,0.0,1398.0,BID
807,1712461200.156883,575809.93325987,1392.0,0.0,1398.0,BID
808,1712461208.1040905,575941.10082297,1391.0,-2.2851449341708948e-08,1398.0,ASK
809,1712461208.1115732,575941.10082377,1391.0,-1.393736244165635e-16,1398.0,ASK
810,1712461230.2597053,575941.10082377,1391.0,-0.0,1398.0,ASK
811,1712461258.3154004,576273.10082377,1391.0,-5.783777526081245e-08,1398.0,ASK
812,1712461260.1781845,576273.10082377,1391.0,-0.0,1398.0,ASK
813,1712461290.183941,576273.10082377,1391.0,-0.0,1398.0,ASK
814,1712461315.1839893,576276.78899581,1392.0,6.424653771186443e-10,1398.0,BID
815,1712461320.136963,576276.78899581,1392.0,0.0,1398.0,BID
816,1712461323.2742655,576420.5887274,1391.0,-2.504933749384752e-08,1398.0,ASK
817,1712461350.1166563,576420.5887274,1391.0,-0.0,1398.0,ASK
818,1712461354.399438,576427.79333835,1391.0,-1.2549706537418775e-09,1398.0,ASK
819,1712461355.9138815,576630.15038442,1391.0,-3.5248559035226004e-08,1398.0,ASK
820,1712461378.500851,576634.10153384,1392.0,6.88250428105503e-10,1398.0,BID
821,1712461380.1902978,576634.10153384,1392.0,0.0,1398.0,BID
822,1712461389.8339856,576783.31917714,1391.0,-2.5990865735171087e-08,1398.0,ASK
823,1712461393.2339528,577590.67985568,1392.0,1.406268222155919e-07,1398.0,BID
824,1712461397.7238455,577734.49636601,1392.0,-2.5050091449125084e-08,1398.0,ASK
825,1712461409.575921,577922.65642521,1392.0,-3.2773891392668435e-08,1398.0,ASK
826,1712461410.2832704,577922.65642521,1392.0,-0.0,1398.0,ASK
827,1712461422.964223,579093.65642521,1392.0,-2.0390215379590402e-07,1398.0,ASK
828,1712461423.0641549,579123.48171021,1392.0,-5.193373056432446e-09,1398.0,ASK
829,1712461440.1234906,579123.48171021,1392.0,-0.0,1398.0,ASK
830,1712461446.174211,579123.48171081,1392.0,-1.0444630671147042e-16,1398.0,ASK
831,1712461446.1816945,579195.32079121,1392.0,-1.2505449152899209e-08,1398.0,ASK
832,1712461447.2938752,579199.00368312,1393.0,6.411025483511178e-10,1398.0,BID
833,1712461464.444129,579199.00368317,1392.0,-8.693726344435547e-18,1398.0,ASK
834,1712461464.4515638,579496.17262712,1392.0,-5.17299372109611e-08,1398.0,ASK
835,1712461464.4639127,579496.17262743,1392.0,-5.394568654752314e-17,1398.0,ASK
836,1712461470.1327565,579496.17262743,1392.0,-0.0,1398.0,ASK
837,1712461484.214439,579639.99077156,1391.0,-2.5033005324753843e-08,1398.0,ASK
838,1712461500.146857,579639.99077156,1391.0,-0.0,1398.0,ASK
839,1712461530.1314704,579639.99077156,1391.0,-0.0,1398.0,ASK
840,1712461560.1910694,579639.99077156,1391.0,-0.0,1398.0,ASK
841,1712461584.8375,579771.38903845,1391.0,-2.3187753255672752e-08,1398.0,ASK
1042,1712461585.6638484,579895.77939777,1391.0,-2.1951073081591212e-08,1398.0,ASK
842,1712461585.6638484,579895.77939777,1391.0,-2.195107308159121e-08,1398.0,ASK
843,1712461585.7009437,579989.0067352,1391.0,-1.6451758064817843e-08,1398.0,ASK
844,1712461586.134353,580097.27470244,1391.0,-1.9105966686442192e-08,1398.0,ASK
845,1712461586.1418805,580127.16262724,1391.0,-5.2742995930469565e-09,1398.0,ASK
846,1712461590.2786908,580127.16262724,1391.0,-0.0,1398.0,ASK
847,1712461620.120379,580127.16262724,1391.0,-0.0,1398.0,ASK
848,1712461635.5961556,580420.51431423,1391.0,-5.176136149383439e-08,1398.0,ASK
849,1712461635.601858,580965.16262724,1391.0,-9.61021854211391e-08,1398.0,ASK
850,1712461640.5141296,581138.90511882,1391.0,-3.065654063827635e-08,1398.0,ASK
851,1712461640.5187902,581426.4680232,1391.0,-5.0739941530790544e-08,1398.0,ASK
852,1712461650.1241045,581426.4680232,1391.0,-0.0,1398.0,ASK
853,1712461680.1867805,581426.4680232,1391.0,-0.0,1398.0,ASK
854,1712461684.484352,582129.81920605,1391.0,1.2406544811834824e-07,1398.0,BID
855,1712461696.9242468,582489.53143626,1390.0,-6.34503220053148e-08,1398.0,ASK
856,1712461696.9317226,582676.75878306,1390.0,-3.3025386531141734e-08,1398.0,ASK
857,1712461710.180288,582676.75878306,1390.0,-0.0,1398.0,ASK
858,1712461740.125768,582676.75878306,1390.0,-0.0,1398.0,ASK
859,1712461743.2042875,584487.94014557,1390.0,-3.193797668469431e-07,1398.0,ASK
860,1712461743.2078238,587882.48210741,1389.0,-5.985861177492452e-07,1398.0,ASK
861,1712461743.2110956,592377.91837602,1389.0,-7.927154160609791e-07,1398.0,ASK
862,1712461743.2638617,594345.93959455,1389.0,3.470365646060255e-07,1398.0,BID
863,1712461743.6842704,594345.93959513,1392.0,-1.022931351192336e-16,1398.0,ASK
864,1712461743.6920643,596594.39449613,1392.0,-3.964876278607722e-07,1398.0,ASK
865,1712461770.313749,596594.39449613,1392.0,-0.0,1398.0,ASK
866,1712461796.5340526,596598.08449613,1393.0,6.484749838304381e-10,1398.0,BID
867,1712461800.1489463,596598.08449613,1393.0,0.0,1398.0,BID
868,1712461830.224494,596598.08449613,1393.0,0.0,1398.0,BID
869,1712461860.1929538,596598.08449613,1393.0,0.0,1398.0,BID
870,1712461890.1778111,596598.08449613,1393.0,0.0,1398.0,BID
871,1712461914.134075,597122.83180409,1392.0,9.260506247940745e-08,1398.0,BID
872,1712461920.1342113,597122.83180409,1392.0,0.0,1398.0,BID
873,1712461950.13985,597122.83180409,1392.0,0.0,1398.0,BID
874,1712461980.1467805,597122.83180409,1392.0,0.0,1398.0,BID
875,1712461998.3141534,597266.509965,1392.0,-2.535241238542868e-08,1398.0,ASK
876,1712462010.225968,597266.509965,1392.0,-0.0,1398.0,ASK
877,1712462040.1844127,597266.509965,1392.0,-0.0,1398.0,ASK
878,1712462070.1882377,597266.509965,1392.0,-0.0,1398.0,ASK
879,1712462100.2281806,597266.509965,1392.0,-0.0,1398.0,ASK
880,1712462130.1369777,597266.509965,1392.0,-0.0,1398.0,ASK
881,1712462160.1840937,597266.509965,1392.0,-0.0,1398.0,ASK
882,1712462190.1786668,597266.509965,1392.0,-0.0,1398.0,ASK
883,1712462220.233612,597266.509965,1392.0,-0.0,1398.0,ASK
884,1712462250.1238434,597266.509965,1392.0,-0.0,1398.0,ASK
885,1712462275.5442474,597543.48578911,1393.0,4.9066708062780816e-08,1398.0,BID
886,1712462275.5538452,598219.60544238,1393.0,1.197756726570294e-07,1398.0,BID
887,1712462280.192317,598219.60544238,1393.0,0.0,1398.0,BID
888,1712462310.1802192,598219.60544238,1393.0,0.0,1398.0,BID
889,1712462340.1354332,598219.60544238,1393.0,0.0,1398.0,BID
890,1712462370.1420922,598219.60544238,1393.0,0.0,1398.0,BID
891,1712462373.294135,598235.60544238,1393.0,2.833758972002259e-09,1398.0,BID
892,1712462400.1707656,598235.60544238,1393.0,0.0,1398.0,BID
893,1712462408.824326,598493.14337341,1391.0,-4.5727691805945234e-08,1398.0,ASK
894,1712462408.83188,598663.37412823,1390.0,-3.022568155755189e-08,1398.0,ASK
895,1712462430.133838,598663.37412823,1390.0,-0.0,1398.0,ASK
896,1712462439.9642727,598719.55974887,1390.0,-9.975103075425344e-09,1398.0,ASK
897,1712462442.1841278,598755.53097189,1393.0,6.386272026307396e-09,1398.0,BID
898,1712462460.186395,598755.53097189,1393.0,0.0,1398.0,BID
899,1712462472.6049724,598762.70972278,1393.0,1.274474667747563e-09,1398.0,BID
900,1712462490.184155,598762.70972278,1393.0,0.0,1398.0,BID
901,1712462491.4340842,598777.13398695,1393.0,2.560797404777345e-09,1398.0,BID
902,1712462520.2632391,598777.13398695,1393.0,0.0,1398.0,BID
1103,1712462521.0939224,598784.31273784,1393.0,1.27446785883096e-09,1398.0,BID
903,1712462521.0939224,598784.31273784,1393.0,1.2744678588309601e-09,1398.0,BID
904,1712462550.1325371,598784.31273784,1393.0,0.0,1398.0,BID
905,1712462564.6342142,600715.09114628,1390.0,-3.427769946636876e-07,1398.0,ASK
906,1712462564.6419516,601577.6872669,1390.0,-1.5313932688606017e-07,1398.0,ASK
907,1712462580.199664,601577.6872669,1390.0,-0.0,1398.0,ASK
908,1712462610.1899097,601577.6872669,1390.0,-0.0,1398.0,ASK
909,1712462640.1314392,601577.6872669,1390.0,-0.0,1398.0,ASK
910,1712462640.5774794,601654.07849242,1391.0,1.3552625704962864e-08,1398.0,BID
911,1712462665.544214,601661.25724331,1393.0,1.2735876820725372e-09,1398.0,BID
912,1712462670.131955,601661.25724331,1393.0,0.0,1398.0,BID
913,1712462672.3241649,601668.4359942,1393.0,1.2735614138367962e-09,1398.0,BID
914,1712462681.2042618,601675.61474509,1393.0,1.273561413857449e-09,1398.0,BID
915,1712462700.2232594,601675.61474509,1393.0,0.0,1398.0,BID
916,1712462730.1841378,601675.61474509,1393.0,0.0,1398.0,BID
917,1712462760.1290915,601675.61474509,1393.0,0.0,1398.0,BID
918,1712462764.3142242,601696.47332369,1393.0,3.7270146304531495e-09,1398.0,BID
919,1712462790.1304402,601696.47332369,1393.0,0.0,1398.0,BID
920,1712462820.1703727,601696.47332369,1393.0,0.0,1398.0,BID
921,1712462846.084416,602676.55679158,1393.0,1.7512058370607525e-07,1398.0,BID
922,1712462846.0922527,603344.54599469,1393.0,1.1935581304091662e-07,1398.0,BID
923,1712462850.3045647,603344.54599469,1393.0,0.0,1398.0,BID
924,1712462854.034112,603344.54599561,1393.0,1.6430212768556692e-16,1398.0,BID
925,1712462854.0431206,603423.9883316,1395.0,1.4188877038914026e-08,1398.0,BID
926,1712462857.6643205,603477.25999693,1395.0,9.51463850611213e-09,1398.0,BID
927,1712462857.6719456,603502.63584414,1395.0,4.532278303918052e-09,1398.0,BID
928,1712462860.4142013,603580.4964893,1395.0,1.3906377582925022e-08,1398.0,BID
929,1712462864.4141152,603657.57813804,1395.0,1.3767244156387313e-08,1398.0,BID
930,1712462880.1841323,603657.57813804,1395.0,0.0,1398.0,BID
931,1712462910.1841464,603657.57813804,1395.0,0.0,1398.0,BID
932,1712462924.2226255,603765.36900213,1392.0,-1.9250592531391586e-08,1398.0,ASK
933,1712462924.226328,603801.25629896,1392.0,-6.409186290128702e-09,1398.0,ASK
934,1712462940.136171,603801.25629896,1392.0,-0.0,1398.0,ASK
935,1712462970.135881,603801.25629896,1392.0,-0.0,1398.0,ASK
936,1712462980.640478,603872.54732962,1392.0,-1.2731557316670734e-08,1398.0,ASK
937,1712463000.153437,603872.54732962,1392.0,-0.0,1398.0,ASK
938,1712463030.1280773,603872.54732962,1392.0,-0.0,1398.0,ASK
939,1712463060.1925254,603872.54732962,1392.0,-0.0,1398.0,ASK
940,1712463090.1978436,603872.54732962,1392.0,-0.0,1398.0,ASK
941,1712463120.1210396,603872.54732962,1392.0,-0.0,1398.0,ASK
942,1712463145.3946185,604420.1444804,1392.0,-9.955162122000493e-08,1398.0,ASK
943,1712463145.4021149,606224.39265259,1390.0,-3.2800724103272415e-07,1398.0,ASK
944,1712463145.408212,608835.87025259,1391.0,-4.7475927968107963e-07,1398.0,ASK
945,1712463145.412261,609650.87025259,1389.0,-1.481647068081553e-07,1398.0,ASK
946,1712463145.416617,610010.06565488,1392.0,-6.530071345660285e-08,1398.0,ASK
947,1712463145.4207442,627124.07176779,1389.0,-3.11127815709483e-06,1398.0,ASK
948,1712463145.4248607,627137.98639321,1390.0,-2.52963974932508e-09,1398.0,ASK
949,1712463145.4289951,627269.76838458,1391.0,-2.395759523182111e-08,1398.0,ASK
950,1712463145.4331098,627305.74751524,1389.0,-6.5409047183361175e-09,1398.0,ASK
1150,1712463145.4331098,627305.74751524,1389.0,-6.540904718336117e-09,1398.0,ASK
951,1712463145.43727,631590.74751524,1390.0,-7.790009431569882e-07,1398.0,ASK
952,1712463150.12909,631590.74751524,1390.0,-0.0,1398.0,ASK
953,1712463180.274335,631590.74751524,1390.0,-0.0,1398.0,ASK
954,1712463210.136906,631590.74751524,1390.0,-0.0,1398.0,ASK
955,1712463225.9441466,631806.26475624,1392.0,-3.8907998146164726e-08,1398.0,ASK
956,1712463225.964091,631806.26475661,1392.0,-6.681247173634761e-17,1398.0,ASK
957,1712463240.1857774,631806.26475661,1392.0,-0.0,1398.0,ASK
958,1712463249.894133,631968.09978737,1392.0,2.9214999405312584e-08,1398.0,BID
959,1712463270.204207,631968.09978737,1392.0,0.0,1398.0,BID
960,1712463277.0942905,632046.79690933,1390.0,-1.4206089155401964e-08,1398.0,ASK
961,1712463277.102459,632118.73935571,1390.0,-1.2986762182384472e-08,1398.0,ASK
962,1712463300.158307,632118.73935571,1390.0,-0.0,1398.0,ASK
963,1712463330.1411328,632118.73935571,1390.0,-0.0,1398.0,ASK
964,1712463360.1878214,632118.73935571,1390.0,-0.0,1398.0,ASK
965,1712463363.3041227,632405.68340162,1390.0,5.2299827724497554e-08,1398.0,BID
966,1712463370.694141,632551.65905431,1390.0,-2.6606237684569884e-08,1398.0,ASK
967,1712463370.714182,632723.65332097,1390.0,-3.134851774810251e-08,1398.0,ASK
968,1712463370.7218015,633010.1580828,1390.0,-5.221976165574099e-08,1398.0,ASK
969,1712463370.8779356,633010.15808331,1390.0,-9.295792845514368e-17,1398.0,ASK
970,1712463370.8856704,633125.93360031,1390.0,-2.1101812984519192e-08,1398.0,ASK
971,1712463390.1770935,633125.93360031,1390.0,-0.0,1398.0,ASK
972,1712463420.1251216,633125.93360031,1390.0,-0.0,1398.0,ASK
973,1712463433.196076,633129.645125,1391.0,6.763081009490613e-10,1398.0,BID
974,1712463450.1276507,633129.645125,1391.0,0.0,1398.0,BID
975,1712463466.5644388,633495.82735339,1391.0,6.672507801754593e-08,1398.0,BID
976,1712463466.5714028,633824.01613167,1390.0,5.980197873471911e-08,1398.0,BID
977,1712463466.5774655,633867.9007276,1391.0,7.996573454893591e-09,1398.0,BID
978,1712463480.1844127,633867.9007276,1391.0,0.0,1398.0,BID
979,1712463510.1895974,633867.9007276,1391.0,0.0,1398.0,BID
980,1712463540.1474006,633867.9007276,1391.0,0.0,1398.0,BID
981,1712463570.1405764,633867.9007276,1391.0,0.0,1398.0,BID
982,1712463600.2444136,633867.9007276,1391.0,0.0,1398.0,BID
983,1712463623.2142596,633944.43061257,1390.0,1.4030034108999392e-08,1398.0,BID
984,1712463625.6039512,634020.19537173,1390.0,1.3889765490839177e-08,1398.0,BID
985,1712463628.533931,634085.4972912,1390.0,1.1971639025790082e-08,1398.0,BID
986,1712463628.5386443,634095.20264707,1390.0,1.779258833988531e-09,1398.0,BID
987,1712463630.124049,634095.20264707,1390.0,0.0,1398.0,BID
988,1712463631.7042613,634103.48642401,1391.0,1.518556334317549e-09,1398.0,BID
989,1712463631.7109375,634169.46001586,1390.0,1.2094074542038595e-08,1398.0,BID
990,1712463634.6340458,634242.97491161,1391.0,1.3476523018052253e-08,1398.0,BID
991,1712463660.1853569,634242.97491161,1391.0,0.0,1398.0,BID
992,1712463671.6742492,634246.84627161,1389.0,-7.09658993761815e-10,1398.0,ASK
993,1712463671.6791456,643021.22447997,1388.0,-1.6084312516134726e-06,1398.0,ASK
994,1712463671.6837184,645918.85830561,1388.0,-5.311652507126999e-07,1398.0,ASK
995,1712463671.9114134,645937.34576958,1388.0,-3.3889369829130835e-09,1398.0,ASK
996,1712463671.9153965,647950.54988061,1388.0,-3.690404415177973e-07,1398.0,ASK
997,1712463671.9191234,648310.78042816,1388.0,-6.603386094221871e-08,1398.0,ASK
998,1712463671.922829,648783.61853559,1388.0,-8.667595251588405e-08,1398.0,ASK
999,1712463675.1840816,648787.26646559,1387.0,-6.687020409117444e-10,1398.0,ASK
1000,1712463675.1891804,650525.35920725,1387.0,-3.186097769554572e-07,1398.0,ASK
1201,1712463683.8444283,650532.57421446,1386.0,-1.3225829570667772e-09,1398.0,ASK
1202,1712463683.8458087,651789.17789667,1386.0,-2.303480184423051e-07,1398.0,ASK
1203,1712463685.444355,653014.7942195,1386.0,-2.246677256571029e-07,1398.0,ASK
1204,1712463686.0160494,653086.89227285,1387.0,1.3216294013647775e-08,1398.0,BID
1205,1712463686.3740802,653220.34334785,1386.0,-2.4462916288117825e-08,1398.0,ASK
1206,1712463686.393957,653590.00860396,1386.0,-6.776333734925504e-08,1398.0,ASK
1207,1712463690.2193458,653590.00860396,1386.0,-0.0,1398.0,ASK
1208,1712463696.974301,655047.49959996,1386.0,-2.6586432139849213e-07,1398.0,ASK
1209,1712463696.9939897,655047.49960008,1386.0,-2.1872657218145922e-17,1398.0,ASK
1210,1712463697.0942795,655245.38967208,1386.0,-3.609758814853367e-08,1398.0,ASK
1211,1712463697.15431,655435.97134708,1386.0,-3.4764446458946005e-08,1398.0,ASK
1212,1712463713.0062945,655508.12141923,1387.0,1.3161062417311062e-08,1398.0,BID
1213,1712463720.1259766,655508.12141923,1387.0,0.0,1398.0,BID
1214,1712463729.1243863,655691.57105821,1385.0,-3.344725470141172e-08,1398.0,ASK
1215,1712463729.12576,655869.39309554,1385.0,-3.2421208388151375e-08,1398.0,ASK
1216,1712463734.7641666,655939.25926756,1385.0,1.2738273367874053e-08,1398.0,BID
1217,1712463743.015753,656700.97015256,1386.0,-1.388781036642757e-07,1398.0,ASK
1218,1712463750.1327105,656700.97015256,1386.0,-0.0,1398.0,ASK
1219,1712463780.1680946,656700.97015256,1386.0,-0.0,1398.0,ASK
1220,1712463810.132032,656700.97015256,1386.0,-0.0,1398.0,ASK
1221,1712463833.994739,656709.63441248,1385.0,1.579225801524358e-09,1398.0,BID
1222,1712463840.1795485,656709.63441248,1385.0,0.0,1398.0,BID
1223,1712463870.185819,656709.63441248,1385.0,0.0,1398.0,BID
1224,1712463880.504028,656871.46944324,1385.0,-2.9497441158104266e-08,1398.0,ASK
1225,1712463885.0641625,656885.88905391,1387.0,2.628241952721189e-09,1398.0,BID
1226,1712463892.6248412,658885.88905391,1387.0,3.645371588536198e-07,1398.0,BID
1227,1712463896.1680367,658920.80078879,1384.0,-6.363312321893567e-09,1398.0,ASK
1228,1712463896.1707785,659437.22883794,1384.0,-9.412860689473645e-08,1398.0,ASK
1229,1712463896.173092,662219.88098817,1383.0,-5.071900544613831e-07,1398.0,ASK
1230,1712463896.1752143,662224.83145816,1383.0,-9.023151325562507e-10,1398.0,ASK
1231,1712463900.1215098,662224.83145816,1383.0,-0.0,1398.0,ASK
1232,1712463930.12402,662224.83145816,1383.0,-0.0,1398.0,ASK
1233,1712463946.1141849,662418.30828922,1384.0,-3.5437718964533145e-08,1398.0,ASK
1234,1712463960.179382,662418.30828922,1384.0,-0.0,1398.0,ASK
1235,1712463964.2645445,663039.83145816,1384.0,-1.1383421504021397e-07,1398.0,ASK
1236,1712463964.2675624,663076.016563,1384.0,-6.62743275145193e-09,1398.0,ASK
1237,1712463964.2704191,663101.62363658,1383.0,-4.690028089247472e-09,1398.0,ASK
1238,1712463964.2726357,663137.73274965,1384.0,-6.613514584081809e-09,1398.0,ASK
1239,1712463990.1840594,663137.73274965,1384.0,-0.0,1398.0,ASK
1240,1712463992.304186,663173.85991728,1384.0,-6.615614929483963e-09,1398.0,ASK
1241,1712463992.444411,663605.68702412,1386.0,7.907627534557654e-08,1398.0,BID
1242,1712463992.4473586,663634.58875822,1384.0,5.292491942845304e-09,1398.0,BID
1243,1712463992.450149,664373.01311091,1386.0,1.352204308397702e-07,1398.0,BID
1244,1712464003.8454466,664380.22811812,1387.0,1.321213716609941e-09,1398.0,BID
1245,1712464020.138819,664380.22811812,1387.0,0.0,1398.0,BID
1246,1712464043.0941586,664416.3031542,1386.0,-6.603986162940499e-09,1398.0,ASK
1247,1712464043.097198,664419.72432996,1385.0,-6.262889752857724e-10,1398.0,ASK
1248,1712464050.2273636,664419.72432996,1385.0,-0.0,1398.0,ASK
1249,1712464080.1841254,664419.72432996,1385.0,-0.0,1398.0,ASK
1250,1712464081.7243898,664452.40423723,1385.0,-5.982405460445834e-09,1398.0,ASK
1251,1712464081.869453,664707.49411413,1385.0,4.6696921746530856e-08,1398.0,BID
1252,1712464110.1779988,664707.49411413,1385.0,0.0,1398.0,BID
1253,1712464135.0544724,665445.89974518,1385.0,-1.35163162056771e-07,1398.0,ASK
1254,1712464135.0580192,665877.35026615,1385.0,-7.897585586178668e-08,1398.0,ASK
1255,1712464140.121857,665877.35026615,1385.0,-0.0,1398.0,ASK
1256,1712464170.1184523,665877.35026615,1385.0,-0.0,1398.0,ASK
1257,1712464200.1643407,665877.35026615,1385.0,-0.0,1398.0,ASK
1258,1712464230.1166146,665877.35026615,1385.0,-0.0,1398.0,ASK
1259,1712464260.1841786,665877.35026615,1385.0,-0.0,1398.0,ASK
1260,1712464290.1880133,665877.35026615,1385.0,-0.0,1398.0,ASK
1261,1712464320.1294134,665877.35026615,1385.0,-0.0,1398.0,ASK
1262,1712464334.264733,666290.66508819,1385.0,-7.619091163911826e-08,1398.0,ASK
1263,1712464334.267774,667285.06257795,1385.0,-1.8330833359061922e-07,1398.0,ASK
1264,1712464334.2742288,667305.35265015,1385.0,-3.740294360873834e-09,1398.0,ASK
1265,1712464334.4040563,669242.35155604,1385.0,-3.570685216545231e-07,1398.0,ASK
1266,1712464350.1384354,669242.35155604,1385.0,-0.0,1398.0,ASK
1267,1712464379.5544193,669458.95805423,1385.0,3.989520652168632e-08,1398.0,BID
1268,1712464380.1806233,669458.95805423,1385.0,0.0,1398.0,BID
1269,1712464410.1814706,669458.95805423,1385.0,0.0,1398.0,BID
1270,1712464440.1896698,669458.95805423,1385.0,0.0,1398.0,BID
1271,1712464470.1174634,669458.95805423,1385.0,0.0,1398.0,BID
1272,1712464479.574239,669462.67677248,1385.0,-6.84886357134006e-10,1398.0,ASK
1273,1712464500.1840916,669462.67677248,1385.0,-0.0,1398.0,ASK
1274,1712464529.7843225,669498.78588555,1384.0,-6.657288604371217e-09,1398.0,ASK
1275,1712464529.7875252,670689.9388888,1384.0,-2.1960797816433145e-07,1398.0,ASK
1276,1712464530.2087429,670689.9388888,1384.0,-0.0,1398.0,ASK
1277,1712464560.125144,670689.9388888,1384.0,-0.0,1398.0,ASK
1278,1712464578.5543537,670693.5972288,1383.0,-6.74261947522647e-10,1398.0,ASK
1279,1712464578.5576327,671029.19506861,1383.0,-6.185342342616389e-08,1398.0,ASK
1280,1712464578.5607252,672475.32666658,1383.0,-2.6653386717214244e-07,1398.0,ASK
1281,1712464590.122042,672475.32666658,1383.0,-0.0,1398.0,ASK
1282,1712464602.9842663,672481.50592138,1382.0,-1.1383690760899027e-09,1398.0,ASK
1283,1712464602.9867823,673232.7273886,1382.0,-1.3839327156131988e-07,1398.0,ASK
1284,1712464615.0293992,673268.90683867,1382.0,-6.665134952823692e-09,1398.0,ASK
1285,1712464615.0313945,674203.39387718,1382.0,-1.7215524866405908e-07,1398.0,ASK
1286,1712464615.1844175,674925.09883935,1382.0,1.3295561319137557e-07,1398.0,BID
1287,1712464615.2160246,675845.2431312,1382.0,1.6951296576871297e-07,1398.0,BID
1288,1712464620.1774073,675845.2431312,1382.0,0.0,1398.0,BID
1289,1712464621.7942145,676583.4987338,1382.0,-1.358880554089826e-07,1398.0,ASK
1290,1712464623.4850025,677306.56453278,1383.0,1.3309212285024498e-07,1398.0,BID
1291,1712464627.5542555,681141.50389607,1383.0,7.058835054600356e-07,1398.0,BID
1292,1712464627.6341124,682558.71286211,1383.0,2.6086056079372285e-07,1398.0,BID
1293,1712464638.8744853,682775.6326018,1383.0,3.9927636854344934e-08,1398.0,BID
1294,1712464639.7949104,683479.01668681,1383.0,1.294693804977539e-07,1398.0,BID
1295,1712464646.6241064,683716.82537893,1383.0,4.377259125122967e-08,1398.0,BID
1296,1712464650.184067,683716.82537893,1383.0,0.0,1398.0,BID
1297,1712464680.1269226,683716.82537893,1383.0,0.0,1398.0,BID
1298,1712464710.1295094,683716.82537893,1383.0,0.0,1398.0,BID
1299,1712464738.4318123,683721.82537893,1383.0,-9.184916621861895e-10,1398.0,ASK
1300,1712464740.2025073,683721.82537893,1383.0,-0.0,1398.0,ASK
1301,1712464770.18398,683721.82537893,1383.0,-0.0,1398.0,ASK
1302,1712464800.1512592,683721.82537893,1383.0,-0.0,1398.0,ASK
1303,1712464830.1303363,683721.82537893,1383.0,-0.0,1398.0,ASK
1304,1712464860.1796007,683721.82537893,1383.0,-0.0,1398.0,ASK
1305,1712464890.1895757,683721.82537893,1383.0,-0.0,1398.0,ASK
1306,1712464894.226461,683725.47686121,1383.0,-6.71709158453988e-10,1398.0,ASK
1307,1712464894.2299998,683794.18482068,1382.0,-1.2639186526395207e-08,1398.0,ASK
1308,1712464894.236138,683806.55882502,1381.0,-2.2762624612713273e-09,1398.0,ASK
1309,1712464894.238706,685253.26456043,1382.0,-2.661290450146329e-07,1398.0,ASK
1310,1712464894.2412708,685259.48140825,1381.0,-1.1436214932079971e-09,1398.0,ASK
1311,1712464894.2432568,685313.77771794,1382.0,-9.988088587705213e-09,1398.0,ASK
1312,1712464894.2447248,685780.32965132,1381.0,-8.582465489773768e-08,1398.0,ASK
1313,1712464894.246217,686497.67274586,1383.0,-1.3195899347399516e-07,1398.0,ASK
1314,1712464894.247713,688731.60798921,1381.0,-4.109440077451656e-07,1398.0,ASK
1315,1712464918.6643343,688803.2352657,1383.0,1.3176210076940485e-08,1398.0,BID
1316,1712464920.1493757,688803.2352657,1383.0,0.0,1398.0,BID
1317,1712464950.119615,688803.2352657,1383.0,0.0,1398.0,BID
1318,1712464960.474614,689168.79747027,1383.0,6.716033326011715e-08,1398.0,BID
1319,1712464980.1897,689168.79747027,1383.0,0.0,1398.0,BID
1320,1712465010.1774273,689168.79747027,1383.0,0.0,1398.0,BID
1321,1712465033.1841805,691296.87159664,1383.0,3.909290730085725e-07,1398.0,BID
1322,1712465040.2583437,691296.87159664,1383.0,0.0,1398.0,BID
1323,1712465050.1340158,691372.663233,1383.0,1.3915466235695498e-08,1398.0,BID
1324,1712465070.137714,691372.663233,1383.0,0.0,1398.0,BID
1325,1712465100.1476946,691372.663233,1383.0,0.0,1398.0,BID
1326,1712465130.133953,691372.663233,1383.0,0.0,1398.0,BID
1327,1712465160.177504,691372.663233,1383.0,0.0,1398.0,BID
1328,1712465190.1838913,691372.663233,1383.0,0.0,1398.0,BID
1329,1712465220.1222112,691372.663233,1383.0,0.0,1398.0,BID
1330,1712465221.2745938,691408.71225967,1387.0,6.6628668826670726e-09,1398.0,BID
1331,1712465250.2566788,691408.71225967,1387.0,0.0,1398.0,BID
1332,1712465280.1853335,691408.71225967,1387.0,0.0,1398.0,BID
1333,1712465294.2278414,691625.00641973,1385.0,3.9976831861590966e-08,1398.0,BID
1334,1712465300.8942142,692626.89120192,1387.0,1.8517457647115457e-07,1398.0,BID
1335,1712465310.187901,692626.89120192,1387.0,0.0,1398.0,BID
1336,1712465340.1363704,692626.89120192,1387.0,0.0,1398.0,BID
1337,1712465370.130733,692626.89120192,1387.0,0.0,1398.0,BID
1338,1712465400.145712,692626.89120192,1387.0,0.0,1398.0,BID
1339,1712465430.127788,692626.89120192,1387.0,0.0,1398.0,BID
1340,1712465439.926,694601.14798592,1387.0,3.693998470415096e-07,1398.0,BID
1341,1712465440.0184374,697344.36351208,1387.0,5.13278416454182e-07,1398.0,BID
1342,1712465440.0224664,697629.87386092,1387.0,5.342135837899975e-08,1398.0,BID
1343,1712465447.0841992,697629.87386183,1387.0,1.702720353064929e-16,1398.0,BID
1344,1712465460.1867874,697629.87386183,1387.0,0.0,1398.0,BID
1345,1712465490.1919048,697629.87386183,1387.0,0.0,1398.0,BID
1346,1712465518.428243,698241.12169888,1389.0,1.1422124729313797e-07,1398.0,BID
1347,1712465518.6741674,698281.12169888,1387.0,-7.474627499339133e-09,1398.0,ASK
1348,1712465520.1757505,698281.12169888,1387.0,-0.0,1398.0,ASK
1349,1712465530.2943616,699096.12169888,1385.0,-1.5226979856314777e-07,1398.0,ASK
1350,1712465530.2979724,699101.8605322,1386.0,-1.0722098081233238e-09,1398.0,ASK
1351,1712465530.3015149,701864.57226834,1385.0,-5.16168784724041e-07,1398.0,ASK
1352,1712465550.1361434,701864.57226834,1385.0,-0.0,1398.0,ASK
1353,1712465580.1840918,701864.57226834,1385.0,-0.0,1398.0,ASK
1354,1712465591.2245514,701871.79248494,1389.0,1.347733015699687e-09,1398.0,BID
1355,1712465598.7943184,701878.99190898,1389.0,1.343851855169537e-09,1398.0,BID
1356,1712465610.1801217,701878.99190898,1389.0,0.0,1398.0,BID
1357,1712465640.1282196,701878.99190898,1389.0,0.0,1398.0,BID
1358,1712465650.184472,701951.08996234,1387.0,-1.3457846071484471e-08,1398.0,ASK
1359,1712465670.2158573,701951.08996234,1387.0,-0.0,1398.0,ASK
1360,1712465700.1882024,701951.08996234,1387.0,-0.0,1398.0,ASK
1361,1712465730.1845522,701951.08996234,1387.0,-0.0,1398.0,ASK
1362,1712465731.1544094,702001.08996234,1387.0,-9.334677022656112e-09,1398.0,ASK
1363,1712465760.1286037,702001.08996234,1387.0,-0.0,1398.0,ASK
1364,1712465790.1252377,702001.08996234,1387.0,-0.0,1398.0,ASK
1365,1712465818.4183848,702073.1880157,1387.0,-1.3460066571424193e-08,1398.0,ASK
1366,1712465820.1776588,702073.1880157,1387.0,-0.0,1398.0,ASK
1367,1712465825.374601,702199.71134175,1387.0,-2.3620340896469388e-08,1398.0,ASK
1368,1712465825.3785198,702217.12968735,1387.0,-3.251789798525042e-09,1398.0,ASK
1369,1712465828.5448537,704253.54796188,1387.0,-3.8017411772102817e-07,1398.0,ASK
1370,1712465828.5487826,704655.99095726,1387.0,-7.513113225077661e-08,1398.0,ASK
1371,1712465829.0643706,705553.27084726,1387.0,-1.675110633193995e-07,1398.0,ASK
1372,1712465829.084237,705553.27084737,1387.0,-2.0537969882368968e-17,1398.0,ASK
1373,1712465840.5945616,705579.93571028,1386.0,-4.978000275153194e-09,1398.0,ASK
1374,1712465840.5990796,705586.95430758,1386.0,-1.3102853522569162e-09,1398.0,ASK
1375,1712465850.188167,705586.95430758,1386.0,-0.0,1398.0,ASK
1376,1712465852.4370418,705869.27669152,1386.0,-5.265818884097823e-08,1398.0,ASK
1377,1712465852.4408076,706644.93620577,1386.0,-1.446744130155841e-07,1398.0,ASK
1378,1712465852.5744047,707171.23881272,1386.0,-9.816487689536494e-08,1398.0,ASK
1379,1712465852.5844748,707315.53895702,1386.0,-2.6914565335861004e-08,1398.0,ASK
1380,1712465880.138545,707315.53895702,1386.0,-0.0,1398.0,ASK
1381,1712465910.132365,707315.53895702,1386.0,-0.0,1398.0,ASK
1382,1712465940.188962,707315.53895702,1386.0,-0.0,1398.0,ASK
1383,1712465970.284443,707315.53895702,1386.0,-0.0,1398.0,ASK
1384,1712466000.1853082,707315.53895702,1386.0,-0.0,1398.0,ASK
1385,1712466030.1217294,707315.53895702,1386.0,-0.0,1398.0,ASK
1386,1712466031.9447072,707531.98917347,1386.0,-4.038323801097684e-08,1398.0,ASK
1387,1712466031.9472988,707604.13924562,1386.0,-1.346107933700676e-08,1398.0,ASK
1388,1712466060.1843746,707604.13924562,1386.0,-0.0,1398.0,ASK
1389,1712466063.9243708,707676.28931762,1385.0,-1.3460074807534404e-08,1398.0,ASK
1390,1712466064.024356,707676.28931777,1385.0,-2.7994567688695865e-17,1398.0,ASK
1391,1712466085.4246025,708360.88105524,1385.0,1.2771513241133845e-07,1398.0,BID
1392,1712466085.4444747,710508.32984687,1385.0,4.0062082516969873e-07,1398.0,BID
1393,1712466090.1848714,710508.32984687,1385.0,0.0,1398.0,BID
1394,1712466120.1347425,710508.32984687,1385.0,0.0,1398.0,BID
1395,1712466134.324419,711174.4400561,1386.0,1.2417410195764336e-07,1398.0,BID
1396,1712466138.5489635,711673.93933459,1386.0,9.311503333161997e-08,1398.0,BID
1397,1712466138.6243434,712559.89209194,1386.0,1.6515643582165445e-07,1398.0,BID
1398,1712466150.1177194,712559.89209194,1386.0,0.0,1398.0,BID
1399,1712466180.1918745,712559.89209194,1386.0,0.0,1398.0,BID
1400,1712466210.1913528,712559.89209194,1386.0,0.0,1398.0,BID
1401,1712466210.4144132,712595.96712801,1386.0,-6.721428243030278e-09,1398.0,ASK
1402,1712466235.574602,712814.72253901,1386.0,-4.075806868105657e-08,1398.0,ASK
1403,1712466235.614346,712814.72253926,1386.0,-4.659069754446792e-17,1398.0,ASK
1404,1712466240.1383896,712814.72253926,1386.0,-0.0,1398.0,ASK
1405,1712466270.1306634,712814.72253926,1386.0,-0.0,1398.0,ASK
1406,1712466300.1789167,712814.72253926,1386.0,-0.0,1398.0,ASK
1407,1712466330.1744962,712814.72253926,1386.0,-0.0,1398.0,ASK
1408,1712466360.1244187,712814.72253926,1386.0,-0.0,1398.0,ASK
1409,1712466384.3646152,713200.59512171,1386.0,-7.191778193423468e-08,1398.0,ASK
1410,1712466388.344716,713323.77066791,1386.0,-2.2957091211300122e-08,1398.0,ASK
1411,1712466388.349619,713756.90069915,1386.0,-8.072548440243946e-08,1398.0,ASK
1412,1712466390.133161,713756.90069915,1386.0,-0.0,1398.0,ASK
1413,1712466394.3452942,713949.38988931,1386.0,-3.586683225828025e-08,1398.0,ASK
1414,1712466420.1808617,713949.38988931,1386.0,-0.0,1398.0,ASK
1415,1712466425.9144225,714111.05808811,1386.0,-3.0122408039339295e-08,1398.0,ASK
1416,1712466432.2144213,714375.12735218,1386.0,-4.920202106542928e-08,1398.0,ASK
1417,1712466448.6745758,714529.47638516,1386.0,-2.8758683441852872e-08,1398.0,ASK
1418,1712466450.1745074,714529.47638516,1386.0,-0.0,1398.0,ASK
1419,1712466480.1306448,714529.47638516,1386.0,-0.0,1398.0,ASK
1420,1712466510.1283572,714529.47638516,1386.0,-0.0,1398.0,ASK
1421,1712466540.1804547,714529.47638516,1386.0,-0.0,1398.0,ASK
1422,1712466570.184516,714529.47638516,1386.0,-0.0,1398.0,ASK
1423,1712466571.9546952,714988.53302956,1388.0,8.551972809964385e-08,1398.0,BID
1424,1712466571.9577727,715157.58022824,1388.0,3.1492563376389724e-08,1398.0,BID
1425,1712466598.634757,715431.22075673,1388.0,-5.09777254702199e-08,1398.0,ASK
1426,1712466600.1444075,715431.22075673,1388.0,-0.0,1398.0,ASK
1427,1712466630.341477,715431.22075673,1388.0,-0.0,1398.0,ASK
1428,1712466649.1446888,715493.64730725,1388.0,-1.1637283353827648e-08,1398.0,ASK
1429,1712466660.1875107,715493.64730725,1388.0,-0.0,1398.0,ASK
1430,1712466690.1809928,715493.64730725,1388.0,-0.0,1398.0,ASK
1431,1712466720.1301625,715493.64730725,1388.0,-0.0,1398.0,ASK
1432,1712466730.7846382,715766.03954885,1389.0,-5.0777345075919344e-08,1398.0,ASK
1433,1712466730.7945957,715910.02802977,1389.0,-2.6841266622288915e-08,1398.0,ASK
1434,1712466750.1284792,715910.02802977,1389.0,-0.0,1398.0,ASK
1435,1712466780.189304,715910.02802977,1389.0,-0.0,1398.0,ASK
1436,1712466809.574844,716023.06006666,1389.0,2.106832408280545e-08,1398.0,BID
1437,1712466810.185505,716023.06006666,1389.0,0.0,1398.0,BID
1438,1712466840.150718,716023.06006666,1389.0,0.0,1398.0,BID
1439,1712466854.7047694,716095.05430712,1389.0,1.3418793872155441e-08,1398.0,BID
1440,1712466870.1358607,716095.05430712,1389.0,0.0,1398.0,BID
1441,1712466870.465436,717833.60742987,1388.0,-3.240377427604504e-07,1398.0,ASK
1442,1712466875.0447347,717844.49979298,1388.0,-2.03015755417388e-09,1398.0,ASK
1443,1712466875.048872,717914.74413983,1388.0,-1.3092392344584782e-08,1398.0,ASK
1444,1712466875.1511843,718218.52212727,1388.0,-5.6619226678944544e-08,1398.0,ASK
1445,1712466875.154446,720738.95163223,1388.0,-4.697666564724801e-07,1398.0,ASK
1446,1712466876.6345575,721964.91982123,1388.0,-2.285003313740041e-07,1398.0,ASK
1447,1712466876.6444652,721964.91982179,1388.0,-1.0436691644498896e-16,1398.0,ASK
1448,1712466900.1416852,721964.91982179,1388.0,-0.0,1398.0,ASK
1449,1712466930.124442,721964.91982179,1388.0,-0.0,1398.0,ASK
1450,1712466949.4645696,722169.47961979,1388.0,-3.82326765896536e-08,1398.0,ASK
1451,1712466949.4846325,722169.47962006,1388.0,-5.045745118239167e-17,1398.0,ASK
1452,1712466960.1534877,722169.47962006,1388.0,-0.0,1398.0,ASK
1453,1712466990.1351156,722169.47962006,1388.0,-0.0,1398.0,ASK
1454,1712466999.394817,722226.26809676,1387.0,-1.0613328099472442e-08,1398.0,ASK
1455,1712466999.3991816,722684.57076406,1387.0,-8.565323212677882e-08,1398.0,ASK
1456,1712466999.414468,722684.57076438,1387.0,-5.981033760437095e-17,1398.0,ASK
1457,1712467020.175621,722684.57076438,1387.0,-0.0,1398.0,ASK
1458,1712467025.4540062,724082.17019338,1386.0,-2.611656777216605e-07,1398.0,ASK
1459,1712467025.4665484,724553.74891738,1386.0,-8.812265839340648e-08,1398.0,ASK
1460,1712467026.1814785,724646.04446127,1386.0,-1.7247022122758168e-08,1398.0,ASK
1461,1712467026.1876266,725203.75203702,1386.0,-1.0421732720332873e-07,1398.0,ASK
1462,1712467026.1912072,725215.87281624,1386.0,-2.264977685161553e-09,1398.0,ASK
1463,1712467050.184543,725215.87281624,1386.0,-0.0,1398.0,ASK
1464,1712467080.1322567,725215.87281624,1386.0,-0.0,1398.0,ASK
1465,1712467110.1183834,725215.87281624,1386.0,-0.0,1398.0,ASK
1466,1712467140.191331,725215.87281624,1386.0,-0.0,1398.0,ASK
1467,1712467148.5446005,725884.15231184,1386.0,1.247977892160619e-07,1398.0,BID
1468,1712467148.6245158,725937.37353775,1386.0,9.938792640904944e-09,1398.0,BID
1469,1712467170.1799555,725937.37353775,1386.0,0.0,1398.0,BID
1470,1712467191.1746702,726224.84816815,1386.0,-5.367439839100647e-08,1398.0,ASK
1471,1712467200.266388,726224.84816815,1386.0,-0.0,1398.0,ASK
1472,1712467230.2186894,726224.84816815,1386.0,-0.0,1398.0,ASK
1473,1712467233.1153495,726296.89427766,1388.0,1.345504911578834e-08,1398.0,BID
1474,1712467260.191579,726296.89427766,1388.0,0.0,1398.0,BID
1475,1712467290.178336,726296.89427766,1388.0,0.0,1398.0,BID
1476,1712467297.3746731,727374.09723664,1386.0,-2.011704468641237e-07,1398.0,ASK
1477,1712467320.123675,727374.09723664,1386.0,-0.0,1398.0,ASK
1478,1712467350.221803,727374.09723664,1386.0,-0.0,1398.0,ASK
1479,1712467380.2042284,727374.09723664,1386.0,-0.0,1398.0,ASK
1480,1712467397.3444805,727389.09723664,1386.0,-2.800508066210468e-09,1398.0,ASK
1481,1712467410.183181,727389.09723664,1386.0,-0.0,1398.0,ASK
1482,1712467417.49444,728950.42641765,1386.0,-2.914998662372521e-07,1398.0,ASK
1483,1712467417.4977791,731561.6742547,1386.0,-4.875194830599669e-07,1398.0,ASK
1484,1712467434.64882,732402.65549568,1386.0,1.5701104048741965e-07,1398.0,BID
1485,1712467440.120981,732402.65549568,1386.0,0.0,1398.0,BID
1486,1712467452.14468,732406.9845,1388.0,8.07177115680513e-10,1398.0,BID
1487,1712467458.8044348,732489.14719841,1385.0,-1.53198853632951e-08,1398.0,ASK
1488,1712467458.8147607,732633.55153053,1385.0,-2.6925330555748723e-08,1398.0,ASK
1489,1712467458.8182657,732782.17468105,1384.0,-2.771196263463806e-08,1398.0,ASK
1490,1712467458.8220277,733165.31300353,1383.0,-7.143917242578984e-08,1398.0,ASK
1491,1712467458.8244786,734166.03606932,1383.0,-1.8659273545043505e-07,1398.0,ASK
1492,1712467458.8265746,734238.23823538,1385.0,-1.3462665277874358e-08,1398.0,ASK
1493,1712467458.828607,771548.48392669,1383.0,-6.956790586587818e-06,1398.0,ASK
1494,1712467458.8306296,776644.66618816,1384.0,-9.50223514405532e-07,1398.0,ASK
1495,1712467458.832706,777078.21441764,1383.0,-8.083849853556692e-08,1398.0,ASK
1496,1712467470.131026,777078.21441764,1383.0,-0.0,1398.0,ASK
1497,1712467500.159992,777078.21441764,1383.0,-0.0,1398.0,ASK
1498,1712467530.1342776,777078.21441764,1383.0,-0.0,1398.0,ASK
1499,1712467560.18001,777078.21441764,1383.0,-0.0,1398.0,ASK
1500,1712467590.1843212,777078.21441764,1383.0,-0.0,1398.0,ASK
1501,1712467620.1383688,777078.21441764,1383.0,-0.0,1398.0,ASK
1502,1712467650.1263144,777078.21441764,1383.0,-0.0,1398.0,ASK
1503,1712467680.1840572,777078.21441764,1383.0,-0.0,1398.0,ASK
1504,1712467710.175737,777078.21441764,1383.0,-0.0,1398.0,ASK
1505,1712467740.124016,777078.21441764,1383.0,-0.0,1398.0,ASK
1506,1712467770.1338518,777078.21441764,1383.0,-0.0,1398.0,ASK
1507,1712467783.3442342,777150.31247099,1387.0,1.3296096067830831e-08,1398.0,BID
1508,1712467800.1675062,777150.31247099,1387.0,0.0,1398.0,BID
1509,1712467830.1928797,777150.31247099,1387.0,0.0,1398.0,BID
1510,1712467859.7444105,777153.92069609,1386.0,-6.670325819013779e-10,1398.0,ASK
1511,1712467860.1758504,777153.92069609,1386.0,-0.0,1398.0,ASK
1512,1712467890.188611,777153.92069609,1386.0,-0.0,1398.0,ASK
1513,1712467901.2948616,777226.12286215,1385.0,-1.3347602044247274e-08,1398.0,ASK
1514,1712467901.2998502,777308.38158827,1384.0,-1.5206700862744732e-08,1398.0,ASK
1515,1712467901.3045137,777313.62882237,1384.0,-9.700261975763027e-10,1398.0,ASK
1516,1712467920.2360747,777313.62882237,1384.0,-0.0,1398.0,ASK
1517,1712467948.514243,777380.63592353,1384.0,-1.2386713761546205e-08,1398.0,ASK
1518,1712467948.5192049,777713.62882237,1384.0,-6.155597915971635e-08,1398.0,ASK
1519,1712467950.118529,777713.62882237,1384.0,-0.0,1398.0,ASK
1520,1712467980.1482897,777713.62882237,1384.0,-0.0,1398.0,ASK
1521,1712467989.1746118,777752.73166756,1384.0,-7.227684528285924e-09,1398.0,ASK
1522,1712467989.179913,778085.66484133,1384.0,-6.153864091782265e-08,1398.0,ASK
1523,1712468010.1341069,778085.66484133,1384.0,-0.0,1398.0,ASK
1524,1712468040.1842468,778085.66484133,1384.0,-0.0,1398.0,ASK
1525,1712468070.19406,778085.66484133,1384.0,-0.0,1398.0,ASK
1526,1712468100.1252809,778085.66484133,1384.0,-0.0,1398.0,ASK
1527,1712468130.128816,778085.66484133,1384.0,-0.0,1398.0,ASK
1528,1712468160.1856966,778085.66484133,1384.0,-0.0,1398.0,ASK
1529,1712468190.1752627,778085.66484133,1384.0,-0.0,1398.0,ASK
1530,1712468220.1247234,778085.66484133,1384.0,-0.0,1398.0,ASK
1531,1712468250.1243994,778085.66484133,1384.0,-0.0,1398.0,ASK
1532,1712468280.175882,778085.66484133,1384.0,-0.0,1398.0,ASK
1533,1712468310.2011876,778085.66484133,1384.0,-0.0,1398.0,ASK
1534,1712468340.1334443,778085.66484133,1384.0,-0.0,1398.0,ASK
1535,1712468370.2306862,778085.66484133,1384.0,-0.0,1398.0,ASK
1536,1712468400.1481223,778085.66484133,1384.0,-0.0,1398.0,ASK
1537,1712468430.1280012,778085.66484133,1384.0,-0.0,1398.0,ASK
1538,1712468460.1842988,778085.66484133,1384.0,-0.0,1398.0,ASK
1539,1712468490.1852722,778085.66484133,1384.0,-0.0,1398.0,ASK
1540,1712468516.0940251,778230.06917345,1385.0,-2.68186274262993e-08,1398.0,ASK
1541,1712468516.0999875,778237.65040088,1385.0,-1.407977938715798e-09,1398.0,ASK
1542,1712468520.132116,778237.65040088,1385.0,-0.0,1398.0,ASK
1543,1712468542.373885,778274.36600126,1387.0,6.8185178390838545e-09,1398.0,BID
1544,1712468550.1149902,778274.36600126,1387.0,0.0,1398.0,BID
1545,1712468580.291426,778274.36600126,1387.0,0.0,1398.0,BID
1546,1712468610.1952448,778274.36600126,1387.0,0.0,1398.0,BID
1547,1712468619.9769523,778326.23624494,1387.0,9.632821835562196e-09,1398.0,BID
1548,1712468640.1284244,778326.23624494,1387.0,0.0,1398.0,BID
1549,1712468665.3038192,779052.65040088,1387.0,1.3490055487017105e-07,1398.0,BID
1550,1712468665.4564502,780128.72687219,1387.0,-1.998354683418806e-07,1398.0,ASK
1551,1712468670.1404855,780128.72687219,1387.0,-0.0,1398.0,ASK
1552,1712468700.1585789,780128.72687219,1387.0,-0.0,1398.0,ASK
1553,1712468705.6639233,780343.97491531,1384.0,-4.004204636084032e-08,1398.0,ASK
1554,1712468730.1406968,780343.97491531,1384.0,-0.0,1398.0,ASK
1555,1712468750.3341875,782450.16047783,1385.0,-3.917866347495013e-07,1398.0,ASK
1556,1712468750.4940908,782828.97033704,1385.0,7.046513022920326e-08,1398.0,BID
1557,1712468751.5140452,782836.80263131,1385.0,1.4569410544778867e-09,1398.0,BID
1558,1712468760.1839027,782836.80263131,1385.0,0.0,1398.0,BID
1559,1712468781.444323,783714.59868752,1385.0,1.631803198897116e-07,1398.0,BID
1560,1712468781.449439,784113.59689488,1385.0,7.417287267560119e-08,1398.0,BID
1561,1712468790.1757462,784113.59689488,1385.0,0.0,1398.0,BID
1562,1712468808.2844706,784764.03791941,1384.0,-1.2087579295241874e-07,1398.0,ASK
1563,1712468808.2897792,785370.66791939,1385.0,-1.1273409811332257e-07,1398.0,ASK
1564,1712468820.128643,785370.66791939,1385.0,-0.0,1398.0,ASK
1565,1712468850.1294954,785370.66791939,1385.0,-0.0,1398.0,ASK
1566,1712468880.1907637,785370.66791939,1385.0,-0.0,1398.0,ASK
1567,1712468888.1641276,785731.41828014,1386.0,-6.701896927901906e-08,1398.0,ASK
