,time,acc_trade_volume,trade_price,dev,high,ask_bid
0,1712451675.064046,26336.10802009,3899.0,0.0,3911.0,ASK
1,1712451690.9264164,26336.10802009,3899.0,-0.0,3911.0,ASK
2,1712451697.4752798,26361.74247279,3901.0,2.5681327962579112e-08,3911.0,BID
3,1712451720.6143427,26361.74247279,3901.0,0.0,3911.0,BID
4,1712451750.7439623,26361.74247279,3901.0,0.0,3911.0,BID
5,1712451751.2941587,26364.00850496,3901.0,2.269948435546971e-09,3911.0,BID
6,1712451780.9442265,26364.00850496,3901.0,0.0,3911.0,BID
7,1712451785.722623,26366.00850496,3902.0,2.003438755396517e-09,3911.0,BID
8,1712451797.7262356,26404.34568371,3901.0,-3.8403094840156926e-08,3911.0,ASK
9,1712451799.060572,26480.09784147,3901.0,-7.588240433064938e-08,3911.0,ASK
10,1712451799.1142583,26517.47232409,3901.0,-3.743874347189895e-08,3911.0,ASK
11,1712451810.9343169,26517.47232409,3901.0,-0.0,3911.0,ASK
12,1712451819.808107,26522.47232409,3902.0,5.005595064723428e-09,3911.0,BID
13,1712451831.6056435,26530.16068903,3902.0,7.696968319891938e-09,3911.0,BID
14,1712451838.394247,26564.29476176,3902.0,3.417226919924092e-08,3911.0,BID
15,1712451840.5843258,26564.29476176,3902.0,0.0,3911.0,BID
16,1712451853.3243868,26567.29476176,3902.0,3.0028078084799446e-09,3911.0,BID
17,1712451870.0044236,26592.35597349,3902.0,2.5084667424271712e-08,3911.0,BID
18,1712451870.0314603,26592.35597351,3902.0,2.001668632536682e-17,3911.0,BID
19,1712451870.5943627,26592.35597351,3902.0,0.0,3911.0,BID
20,1712451883.2045183,26598.42416904,3905.0,6.073209366103221e-09,3911.0,BID
21,1712451889.8043025,26608.61571765,3905.0,-1.0199969359475349e-08,3911.0,ASK
22,1712451901.0586965,26608.61571765,3905.0,-0.0,3911.0,ASK
23,1712451930.9159496,26608.61571765,3905.0,-0.0,3911.0,ASK
24,1712451960.589222,26608.61571765,3905.0,-0.0,3911.0,ASK
25,1712451976.2746663,26610.68927254,3912.0,2.083859526689552e-09,3912.0,BID
26,1712451976.2765565,26616.68927254,3910.0,6.0298173057433025e-09,3912.0,BID
27,1712451990.5943837,26616.68927254,3910.0,0.0,3912.0,BID
28,1712452004.0150142,26620.43749286,3912.0,3.766727778715449e-09,3912.0,BID
29,1712452020.9446137,26620.43749286,3912.0,0.0,3912.0,BID
30,1712452027.934114,26623.88198982,3912.0,3.461453728273146e-09,3912.0,BID
31,1712452050.935396,26623.88198982,3912.0,0.0,3912.0,BID
32,1712452067.0086496,26626.44674982,3915.0,2.577351047986306e-09,3915.0,BID
33,1712452067.009996,29917.22003667,3917.0,3.306928515555661e-06,3917.0,BID
34,1712452080.5572808,29917.22003667,3917.0,0.0,3917.0,BID
35,1712452089.4543834,29919.78479666,3919.0,2.544367563290176e-09,3919.0,BID
36,1712452089.4557707,29929.97839339,3919.0,1.0112547362808061e-08,3919.0,BID
37,1712452107.6245446,29932.52751433,3919.0,-2.528852859500977e-09,3919.0,ASK
38,1712452110.6355236,29932.52751433,3919.0,-0.0,3919.0,ASK
39,1712452140.9156616,29932.52751433,3919.0,-0.0,3919.0,ASK
40,1712452154.3341758,30036.76230941,3919.0,1.0339986977151465e-07,3919.0,BID
41,1712452161.6243005,30049.52066613,3919.0,1.265616171964268e-08,3919.0,BID
42,1712452164.5594156,30095.25888531,3919.0,4.537185402593237e-08,3919.0,BID
43,1712452165.884513,30103.51290617,3919.0,8.18790578866049e-09,3919.0,BID
44,1712452170.9456558,30103.51290617,3919.0,0.0,3919.0,BID
45,1712452181.9844382,30112.71065783,3920.0,9.118016296433452e-09,3920.0,BID
46,1712452181.9856956,30124.17348298,3920.0,1.136345385094309e-08,3920.0,BID
47,1712452188.5089712,30134.50377138,3920.0,1.0240735068731218e-08,3920.0,BID
48,1712452198.4645312,30137.05479178,3920.0,2.528905589055099e-09,3920.0,BID
49,1712452200.674477,30137.05479178,3920.0,0.0,3920.0,BID
50,1712452208.7284698,30247.17779398,3919.0,-1.0959880193455525e-07,3920.0,ASK
51,1712452212.5044436,30311.48492086,3919.0,-6.400101632809519e-08,3920.0,ASK
52,1712452230.6118877,30311.48492086,3919.0,-0.0,3920.0,ASK
53,1712452243.444312,30314.49466766,3920.0,2.99338348982061e-09,3920.0,BID
54,1712452258.504361,30315.41767128,3920.0,9.179854588256423e-10,3920.0,BID
55,1712452260.9544632,30315.41767128,3920.0,0.0,3920.0,BID
56,1712452262.5461197,30317.50388228,3921.0,2.0748369317603107e-09,3921.0,BID
57,1712452262.547723,30318.38332078,3922.0,8.74643781961975e-10,3922.0,BID
58,1712452267.3043408,30606.83057823,3924.0,2.8687463666032016e-07,3924.0,BID
59,1712452267.3057055,30609.79569582,3922.0,2.948951703705429e-09,3924.0,BID
60,1712452271.9844048,30780.44945146,3924.0,1.697233476121029e-07,3924.0,BID
61,1712452273.0642867,31156.20975576,3924.0,3.737116508591489e-07,3924.0,BID
62,1712452273.1518078,31156.20975577,3924.0,9.94627913881414e-18,3924.0,BID
63,1712452290.9442074,31156.20975577,3924.0,0.0,3924.0,BID
64,1712452320.5942576,31156.20975577,3924.0,0.0,3924.0,BID
65,1712452350.6644511,31156.20975577,3924.0,0.0,3924.0,BID
66,1712452380.935727,31156.20975577,3924.0,0.0,3924.0,BID
67,1712452410.9257264,31156.20975577,3924.0,0.0,3924.0,BID
68,1712452438.7246802,31157.52811363,3932.0,1.306881915998748e-09,3932.0,BID
69,1712452438.726633,31168.92593074,3932.0,1.1298602234538536e-08,3932.0,BID
70,1712452440.664399,31168.92593074,3932.0,0.0,3932.0,BID
71,1712452470.6441286,31168.92593074,3932.0,0.0,3932.0,BID
72,1712452500.5877223,31168.92593074,3932.0,0.0,3932.0,BID
73,1712452506.5614405,31210.34850531,3930.0,4.125403914014867e-08,3932.0,BID
74,1712452507.4009802,31250.37346519,3926.0,-3.986211090481505e-08,3932.0,ASK
75,1712452507.401862,31253.04794303,3926.0,-2.663596230705452e-09,3932.0,ASK
76,1712452510.9861145,31465.03780202,3926.0,-2.1112733891778425e-07,3932.0,ASK
77,1712452530.5812404,31465.03780202,3926.0,-0.0,3932.0,ASK
78,1712452560.9174218,31465.03780202,3926.0,-0.0,3932.0,ASK
79,1712452590.9350977,31465.03780202,3926.0,-0.0,3932.0,ASK
80,1712452620.607102,31465.03780202,3926.0,-0.0,3932.0,ASK
81,1712452650.6140225,31465.03780202,3926.0,-0.0,3932.0,ASK
82,1712452680.954775,31465.03780202,3926.0,-0.0,3932.0,ASK
83,1712452710.94388,31465.03780202,3926.0,-0.0,3932.0,ASK
84,1712452729.6339548,31468.03780202,3928.0,2.984338168640444e-09,3932.0,BID
85,1712452729.8164692,31488.46798008,3928.0,2.0323520058859416e-08,3932.0,BID
86,1712452740.5852523,31488.46798008,3928.0,0.0,3932.0,BID
87,1712452770.6066625,31488.46798008,3928.0,0.0,3932.0,BID
88,1712452800.634164,31488.46798008,3928.0,0.0,3932.0,BID
89,1712452830.5588694,31488.46798008,3928.0,0.0,3932.0,BID
90,1712452838.0340402,31527.93486287,3932.0,3.934941417500497e-08,3932.0,BID
91,1712452838.0361178,31529.43486287,3930.0,1.4955354233718411e-09,3932.0,BID
92,1712452838.043822,31531.48295664,3932.0,2.0419978556160703e-09,3932.0,BID
93,1712452849.105746,31574.49716964,3932.0,4.28861861666396e-08,3932.0,BID
94,1712452860.9658191,31574.49716964,3932.0,0.0,3932.0,BID
95,1712452870.1561656,31574.49717023,3932.0,5.880457372677493e-16,3932.0,BID
96,1712452871.7295637,31579.66848035,3935.0,5.1541800299930335e-09,3935.0,BID
97,1712452871.7304082,31581.21376335,3934.0,1.54016421263952e-09,3935.0,BID
98,1712452871.7312114,31618.99575209,3935.0,3.7656834987324246e-08,3935.0,BID
99,1712452890.94392,31618.99575209,3935.0,0.0,3935.0,BID
100,1712452899.2340229,31627.86478021,3935.0,8.838106820052098e-09,3935.0,BID
101,1712452899.2358842,31644.40871269,3935.0,1.6486253116310783e-08,3935.0,BID
102,1712452916.3341634,31660.95264518,3935.0,1.6486253126273095e-08,3935.0,BID
103,1712452916.3362868,31663.49394125,3935.0,2.532436003598962e-09,3935.0,BID
104,1712452920.589747,31663.49394125,3935.0,0.0,3935.0,BID
105,1712452923.864151,31702.83387737,3939.0,3.9195940650240456e-08,3939.0,BID
106,1712452923.866382,31724.18705907,3939.0,2.1275022919554552e-08,3939.0,BID
107,1712452950.576817,31724.18705907,3939.0,0.0,3939.0,BID
108,1712452952.8940475,31785.71246107,3939.0,-6.128560341856149e-08,3939.0,ASK
109,1712452952.913905,31785.71246117,3939.0,-9.960737927419847e-17,3939.0,ASK
110,1712452954.4840536,31912.64823117,3939.0,-1.264410309720425e-07,3939.0,ASK
111,1712452954.5038607,31912.64823167,3939.0,-4.980513915693442e-16,3939.0,ASK
112,1712452954.543826,31944.69212279,3935.0,-3.1918998321502786e-08,3939.0,ASK
113,1712452954.604066,31982.77285393,3935.0,-3.793230943106924e-08,3939.0,ASK
114,1712452980.9242797,31982.77285393,3935.0,-0.0,3939.0,ASK
115,1712453006.2481403,32281.77373772,3940.0,2.97533717243008e-07,3940.0,BID
116,1712453006.25056,32332.92463772,3940.0,5.0899907800990294e-08,3940.0,BID
117,1712453010.9283967,32332.92463772,3940.0,0.0,3940.0,BID
118,1712453031.784017,32335.46270878,3940.0,2.522154521103673e-09,3940.0,BID
119,1712453040.5638905,32335.46270878,3940.0,0.0,3940.0,BID
120,1712453041.277676,32343.07692197,3940.0,7.566388383862463e-09,3940.0,BID
121,1712453042.7131145,32348.15052729,3939.0,5.0417380495657564e-09,3940.0,BID
122,1712453054.2373414,32422.09156592,3935.0,-7.34766156160981e-08,3940.0,ASK
123,1712453054.2387786,32955.76373829,3935.0,-5.303201821448123e-07,3940.0,ASK
124,1712453054.2586107,32955.7637387,3935.0,-4.074250038331747e-16,3940.0,ASK
125,1712453070.5950284,32955.7637387,3935.0,-0.0,3940.0,ASK
126,1712453100.9336672,32955.7637387,3935.0,-0.0,3940.0,ASK
127,1712453130.9393,32955.7637387,3935.0,-0.0,3940.0,ASK
128,1712453134.8539124,32957.7637387,3928.0,-1.9860550995985e-09,3940.0,ASK
129,1712453136.9524195,32981.22198717,3928.0,-2.32946870007465e-08,3940.0,ASK
130,1712453160.6671464,32981.22198717,3928.0,-0.0,3940.0,ASK
131,1712453166.9838598,32984.38214931,3926.0,-3.137816473029042e-09,3940.0,ASK
132,1712453166.98525,33014.66641487,3926.0,-3.0070123980366455e-08,3940.0,ASK
133,1712453167.0038743,33014.66641488,3926.0,-9.926475295120673e-18,3940.0,ASK
134,1712453167.045938,33215.07754259,3922.0,-1.989940104489077e-07,3940.0,ASK
135,1712453167.0839922,33932.58488994,3920.0,-7.12433816461223e-07,3940.0,ASK
136,1712453167.085641,34400.04056223,3922.0,-4.641502694934207e-07,3940.0,ASK
137,1712453167.0873706,34655.07754259,3921.0,-2.532336009208648e-07,3940.0,ASK
138,1712453167.108534,34682.23713354,3920.0,-2.696754410320704e-08,3940.0,ASK
139,1712453167.1145368,34920.07754259,3923.0,-2.361586274398553e-07,3940.0,ASK
140,1712453167.1438446,35005.41060429,3920.0,-8.472966728743274e-08,3940.0,ASK
141,1712453167.1459384,35007.96227564,3919.0,-2.533628352304483e-09,3940.0,ASK
142,1712453167.1837437,35007.96227566,3915.0,1.986017509918976e-17,3940.0,BID
143,1712453167.185639,35320.07754259,3915.0,3.099082840280438e-07,3940.0,BID
144,1712453171.5042312,35345.49050319,3916.0,-2.5233264265103243e-08,3940.0,ASK
145,1712453190.62563,35345.49050319,3916.0,-0.0,3940.0,ASK
146,1712453196.1738183,35365.51935462,3916.0,-1.9705868707251417e-08,3940.0,ASK
147,1712453220.9364371,35365.51935462,3916.0,-0.0,3940.0,ASK
148,1712453225.2054932,35442.12813909,3916.0,7.536758492986406e-08,3940.0,BID
149,1712453231.594933,35603.35975309,3916.0,1.586193730339615e-07,3940.0,BID
150,1712453250.9437184,35603.35975309,3916.0,0.0,3940.0,BID
151,1712453253.943814,35635.45096277,3917.0,-3.154237254432121e-08,3940.0,ASK
152,1712453254.0238433,35730.76676876,3917.0,-9.368567566875368e-08,3940.0,ASK
153,1712453254.0517092,35730.76676877,3917.0,-9.83334162099644e-18,3940.0,ASK
154,1712453254.2899933,35762.85797845,3913.0,3.154237254432121e-08,3940.0,BID
155,1712453280.9436228,35762.85797845,3913.0,0.0,3940.0,BID
156,1712453310.953678,35762.85797845,3913.0,0.0,3940.0,BID
157,1712453340.57967,35762.85797845,3913.0,0.0,3940.0,BID
158,1712453370.627512,35762.85797845,3913.0,0.0,3940.0,BID
159,1712453382.1243677,35965.96571396,3917.0,1.9951161417240762e-07,3940.0,BID
160,1712453400.7388544,35965.96571396,3917.0,0.0,3940.0,BID
161,1712453417.6571016,35991.52155346,3913.0,-2.5334401261522064e-08,3940.0,ASK
162,1712453417.6675422,36059.06005296,3913.0,-6.695328662297577e-08,3940.0,ASK
163,1712453418.0438645,36502.63834296,3913.0,-4.397347381118591e-07,3940.0,ASK
164,1712453418.084043,36502.63834364,3913.0,-6.741043602684212e-16,3940.0,ASK
165,1712453424.7435708,36553.78924364,3910.0,-5.070768367785962e-08,3940.0,ASK
166,1712453429.8437405,36687.88446524,3906.0,-1.3293330282761874e-07,3940.0,ASK
167,1712453430.6276565,36687.88446524,3906.0,-0.0,3940.0,ASK
168,1712453460.9258466,36687.88446524,3906.0,-0.0,3940.0,ASK
169,1712453490.9234965,36687.88446524,3906.0,-0.0,3940.0,ASK
170,1712453502.0339322,36691.08221402,3909.0,3.161191526458022e-09,3940.0,BID
171,1712453520.5947866,36691.08221402,3909.0,0.0,3940.0,BID
172,1712453546.2238736,36694.09423448,3909.0,2.9775496929703183e-09,3940.0,BID
173,1712453550.5576522,36740.13045534,3909.0,4.5509363932878864e-08,3940.0,BID
174,1712453550.6303704,36740.13045534,3909.0,0.0,3940.0,BID
175,1712453556.3938572,37008.70908721,3907.0,2.654545975401378e-07,3940.0,BID
176,1712453556.3966558,37405.83192737,3907.0,3.925036142104313e-07,3940.0,BID
177,1712453556.4136262,37658.77844452,3907.0,2.5000431136953444e-07,3940.0,BID
178,1712453557.193581,37829.10768416,3907.0,1.6834801578644626e-07,3940.0,BID
179,1712453564.683842,37829.10768417,3907.0,9.880881421529092e-18,3940.0,BID
180,1712453564.6864018,38054.81145908,3909.0,2.230784493720427e-07,3940.0,BID
181,1712453575.8836567,38169.92401983,3909.0,1.1377360243794785e-07,3940.0,BID
182,1712453580.364279,38171.34509939,3909.0,1.404549945184242e-09,3940.0,BID
183,1712453580.909674,38171.34509939,3909.0,0.0,3940.0,BID
184,1712453589.6139166,38249.47826083,3909.0,7.679983487905601e-08,3940.0,BID
185,1712453599.4536262,38250.87094438,3909.0,1.3689176875441218e-09,3940.0,BID
186,1712453610.9436927,38250.87094438,3909.0,0.0,3940.0,BID
187,1712453636.1937003,38336.20226711,3910.0,8.384953980178178e-08,3940.0,BID
188,1712453636.1956954,38365.84655673,3909.0,2.9129514964312107e-08,3940.0,BID
189,1712453640.659662,38365.84655673,3909.0,0.0,3940.0,BID
190,1712453670.6432157,38365.84655673,3909.0,0.0,3940.0,BID
191,1712453698.0637538,38383.3797302,3908.0,1.7221102098660388e-08,3940.0,BID
192,1712453700.9575553,38383.3797302,3908.0,0.0,3940.0,BID
193,1712453702.4738948,38495.96929007,3908.0,1.124525141323311e-07,3940.0,BID
194,1712453703.8638208,38589.95328124,3908.0,9.386959241567228e-08,3940.0,BID
195,1712453703.8659835,38619.2278503,3909.0,2.923893560591617e-08,3940.0,BID
196,1712453726.829173,38694.23675416,3909.0,7.491760187274155e-08,3940.0,BID
197,1712453726.8304434,38817.47127143,3909.0,1.2308451432704612e-07,3940.0,BID
198,1712453730.965815,38817.47127143,3909.0,0.0,3940.0,BID
199,1712453760.5656106,38817.47127143,3909.0,0.0,3940.0,BID
200,1712453775.9251647,38933.36060474,3915.0,1.1555245676134541e-07,3940.0,BID
201,1712453786.763806,38970.58328798,3906.0,-3.711448131404252e-08,3940.0,ASK
202,1712453790.6229095,38970.58328798,3906.0,-0.0,3940.0,ASK
203,1712453790.9636836,39037.63089878,3906.0,-6.681280025048235e-08,3940.0,ASK
204,1712453820.925375,39037.63089878,3906.0,-0.0,3940.0,ASK
205,1712453846.0737042,39057.63089878,3908.0,-1.9924757291977385e-08,3940.0,ASK
206,1712453850.9546385,39057.63089878,3908.0,-0.0,3940.0,ASK
207,1712453860.7839043,39258.16369467,3914.0,1.997628096382499e-07,3940.0,BID
208,1712453880.6150105,39258.16369467,3914.0,0.0,3940.0,BID
209,1712453910.590938,39258.16369467,3914.0,0.0,3940.0,BID
210,1712453940.9627807,39258.16369467,3914.0,0.0,3940.0,BID
211,1712453947.1977878,39807.98369467,3914.0,5.472809513893041e-07,3940.0,BID
212,1712453947.1990995,40024.16369467,3914.0,2.1518168868236882e-07,3940.0,BID
213,1712453955.5240672,40055.12995532,3906.0,-3.0823259593140463e-08,3940.0,ASK
214,1712453955.5272295,40057.68750007,3910.0,-2.545734102072471e-09,3940.0,ASK
215,1712453970.9356506,40057.68750007,3910.0,-0.0,3940.0,ASK
216,1712454000.7355714,40057.68750007,3910.0,-0.0,3940.0,ASK
217,1712454022.038805,40295.52790912,3907.0,-2.375594395769626e-07,3940.0,ASK
218,1712454022.040105,40405.48371731,3906.0,-1.0982591341893533e-07,3940.0,ASK
219,1712454030.636829,40405.48371731,3906.0,-0.0,3940.0,ASK
220,1712454060.906351,40405.48371731,3906.0,-0.0,3940.0,ASK
221,1712454090.9336011,40405.48371731,3906.0,-0.0,3940.0,ASK
222,1712454120.6399765,40405.48371731,3906.0,-0.0,3940.0,ASK
223,1712454139.124276,40453.49980297,3906.0,-4.789436389570359e-08,3940.0,ASK
224,1712454139.1270037,40463.74045781,3906.0,-1.0214694569449629e-08,3940.0,ASK
225,1712454139.1295772,40489.34209631,3906.0,-2.5536737820063906e-08,3940.0,ASK
226,1712454139.2243292,40489.34209687,3906.0,-5.58581738788654e-16,3940.0,ASK
227,1712454150.5962994,40489.34209687,3906.0,-0.0,3940.0,ASK
228,1712454180.8964765,40489.34209687,3906.0,-0.0,3940.0,ASK
229,1712454210.9263537,40489.34209687,3906.0,-0.0,3940.0,ASK
230,1712454215.9440787,40501.00167188,3906.0,-1.1626219223692686e-08,3940.0,ASK
231,1712454240.57684,40501.00167188,3906.0,-0.0,3940.0,ASK
232,1712454270.5503142,40501.00167188,3906.0,-0.0,3940.0,ASK
233,1712454279.6536832,40757.01805692,3906.0,-2.552723793057305e-07,3940.0,ASK
234,1712454300.6782224,40757.01805692,3906.0,-0.0,3940.0,ASK
235,1712454322.2934992,40759.57822077,3906.0,-2.5518095497212914e-09,3940.0,ASK
236,1712454330.6045425,40759.57822077,3906.0,-0.0,3940.0,ASK
237,1712454337.2838216,40772.39216233,3902.0,-1.2771999934783886e-08,3940.0,ASK
238,1712454360.933415,40772.39216233,3902.0,-0.0,3940.0,ASK
239,1712454390.9134996,40772.39216233,3902.0,-0.0,3940.0,ASK
240,1712454397.4138014,40789.61020805,3902.0,-1.7160833680650133e-08,3940.0,ASK
241,1712454402.1837106,40798.48700829,3902.0,-8.847304450939487e-09,3940.0,ASK
242,1712454420.6207,40798.48700829,3902.0,-0.0,3940.0,ASK
243,1712454450.6445131,40798.48700829,3902.0,-0.0,3940.0,ASK
244,1712454467.403663,41054.8972647,3900.0,-2.555323252656546e-07,3940.0,ASK
245,1712454467.406661,41075.67518171,3900.0,-2.0706774846219093e-08,3940.0,ASK
246,1712454480.9536347,41075.67518171,3900.0,-0.0,3940.0,ASK
247,1712454510.9537995,41075.67518171,3900.0,-0.0,3940.0,ASK
248,1712454523.453644,41203.88030991,3901.0,-1.2762866412127337e-07,3940.0,ASK
249,1712454523.4644408,41253.85009014,3900.0,-4.974509512006165e-08,3940.0,ASK
250,1712454540.6236424,41253.85009014,3900.0,-0.0,3940.0,ASK
251,1712454570.6203156,41253.85009014,3900.0,-0.0,3940.0,ASK
252,1712454600.6530812,41253.85009014,3900.0,-0.0,3940.0,ASK
253,1712454630.6236532,41253.85009014,3900.0,-0.0,3940.0,ASK
254,1712454660.9063897,41253.85009014,3900.0,-0.0,3940.0,ASK
255,1712454690.9382665,41253.85009014,3900.0,-0.0,3940.0,ASK
256,1712454720.691335,41253.85009014,3900.0,-0.0,3940.0,ASK
257,1712454750.6303318,41253.85009014,3900.0,-0.0,3940.0,ASK
258,1712454778.51375,41452.09351127,3905.0,-1.9919622563232722e-07,3940.0,ASK
259,1712454780.9514446,41452.09351127,3905.0,-0.0,3940.0,ASK
260,1712454810.9427786,41452.09351127,3905.0,-0.0,3940.0,ASK
261,1712454840.6134648,41452.09351127,3905.0,-0.0,3940.0,ASK
262,1712454870.636428,41452.09351127,3905.0,-0.0,3940.0,ASK
263,1712454900.61401,41452.09351127,3905.0,-0.0,3940.0,ASK
264,1712454930.6365435,41452.09351127,3905.0,-0.0,3940.0,ASK
265,1712454960.935723,41452.09351127,3905.0,-0.0,3940.0,ASK
266,1712454990.914629,41452.09351127,3905.0,-0.0,3940.0,ASK
267,1712455020.865399,41452.09351127,3905.0,-0.0,3940.0,ASK
268,1712455050.6231618,41452.09351127,3905.0,-0.0,3940.0,ASK
269,1712455080.9435427,41452.09351127,3905.0,-0.0,3940.0,ASK
270,1712455110.9270654,41452.09351127,3905.0,-0.0,3940.0,ASK
271,1712455140.6410651,41452.09351127,3905.0,-0.0,3940.0,ASK
272,1712455170.8366554,41452.09351127,3905.0,-0.0,3940.0,ASK
273,1712455201.366997,41452.09351127,3905.0,-0.0,3940.0,ASK
274,1712455230.9843135,41452.09351127,3905.0,-0.0,3940.0,ASK
275,1712455260.613634,41452.09351127,3905.0,-0.0,3940.0,ASK
276,1712455277.283657,41476.86479825,3917.0,2.579820654032806e-08,3940.0,BID
277,1712455277.7662237,41489.67873981,3917.0,1.334515688375804e-08,3940.0,BID
278,1712455281.438383,41510.12863756,3912.0,-2.1297669608739968e-08,3940.0,ASK
279,1712455282.6439688,41512.12863756,3917.0,2.082912087786403e-09,3940.0,BID
280,1712455290.6383157,41512.12863756,3917.0,0.0,3940.0,BID
281,1712455296.3139756,41513.6917407,3919.0,1.6275047995213779e-09,3940.0,BID
282,1712455296.3179717,41517.10651216,3917.0,3.555463998635128e-09,3940.0,BID
283,1712455320.9680023,41517.10651216,3917.0,0.0,3940.0,BID
284,1712455351.15106,41517.10651216,3917.0,0.0,3940.0,BID
285,1712455367.5654562,41564.10651216,3915.0,4.8935460796713256e-08,3940.0,BID
286,1712455367.567952,41617.10651216,3917.0,5.5182540898421335e-08,3940.0,BID
287,1712455380.629734,41617.10651216,3917.0,0.0,3940.0,BID
288,1712455385.593647,41632.18757875,3919.0,-1.5695705521060042e-08,3940.0,ASK
289,1712455410.627668,41632.18757875,3919.0,-0.0,3940.0,ASK
290,1712455440.9412842,41632.18757875,3919.0,-0.0,3940.0,ASK
291,1712455453.69398,41633.49248831,3907.0,-1.358008486663025e-09,3940.0,ASK
292,1712455470.915551,41633.49248831,3907.0,-0.0,3940.0,ASK
293,1712455500.6190417,41633.49248831,3907.0,-0.0,3940.0,ASK
294,1712455530.5935817,41633.49248831,3907.0,-0.0,3940.0,ASK
295,1712455560.9239588,41633.49248831,3907.0,-0.0,3940.0,ASK
296,1712455566.6438503,41635.7982296,3911.0,-2.412876545968011e-09,3940.0,ASK
297,1712455590.8962293,41635.7982296,3911.0,-0.0,3940.0,ASK
298,1712455620.5947807,41635.7982296,3911.0,-0.0,3940.0,ASK
299,1712455650.633611,41635.7982296,3911.0,-0.0,3940.0,ASK
300,1712455658.6738527,41658.49838828,3917.0,2.375468741208821e-08,3940.0,BID
301,1712455665.2438378,41669.84846762,3917.0,1.1877343706044108e-08,3940.0,BID
302,1712455672.16405,41673.34871785,3919.0,3.662853253573423e-09,3940.0,BID
303,1712455672.17587,41675.52172008,3917.0,2.273948365170438e-09,3940.0,BID
304,1712455677.913756,41681.19386359,3919.0,5.935641152816219e-09,3940.0,BID
305,1712455677.9156077,41681.64609667,3920.0,4.732414255031145e-10,3940.0,BID
306,1712455680.9436018,41681.64609667,3920.0,0.0,3940.0,BID
307,1712455685.073702,41686.62452306,3920.0,5.2087186470223485e-09,3940.0,BID
308,1712455694.0937266,41687.76902629,3920.0,1.1974457084738263e-09,3940.0,BID
309,1712455695.693802,41689.96512942,3922.0,2.297690560816573e-09,3940.0,BID
310,1712455695.6974676,41691.06776908,3922.0,1.1536456116977259e-09,3940.0,BID
311,1712455706.4337072,41691.60099437,3922.0,5.57891247855036e-10,3940.0,BID
312,1712455710.9766722,41691.60099437,3922.0,0.0,3940.0,BID
313,1712455711.7218297,41704.69510125,3925.0,1.369925519831858e-08,3940.0,BID
314,1712455711.7234197,41707.45920922,3924.0,2.891852099857689e-09,3940.0,BID
315,1712455711.72491,41817.17057651,3925.0,1.1478171305884072e-07,3940.0,BID
316,1712455711.9981751,41817.17057666,3923.0,-1.569334927164306e-16,3940.0,ASK
317,1712455712.0037076,41929.44210766,3923.0,-1.174601955497916e-07,3940.0,ASK
318,1712455718.8266397,42060.17437466,3924.0,-1.3677410034149888e-07,3940.0,ASK
319,1712455718.886507,42480.64065266,3924.0,-4.398982609043933e-07,3940.0,ASK
320,1712455718.9526684,43475.49782566,3924.0,-1.040834813989442e-06,3940.0,ASK
321,1712455718.9838488,43475.49782597,3924.0,-3.2432617339329853e-16,3940.0,ASK
322,1712455719.1637824,43476.96460068,3922.0,-1.534562170212466e-09,3940.0,ASK
323,1712455719.1663916,43537.72931526,3917.0,-6.3572975210378e-08,3940.0,ASK
324,1712455740.6414146,43537.72931526,3917.0,-0.0,3940.0,ASK
325,1712455751.8336608,43581.30287856,3919.0,-4.52444415127811e-08,3940.0,ASK
326,1712455770.6169205,43581.30287856,3919.0,-0.0,3940.0,ASK
327,1712455800.650151,43581.30287856,3919.0,-0.0,3940.0,ASK
328,1712455813.7969372,43793.62689406,3932.0,2.2255802514452453e-07,3940.0,BID
329,1712455813.7998266,43843.16441919,3930.0,5.192523199750882e-08,3940.0,BID
330,1712455830.623582,43843.16441919,3930.0,0.0,3940.0,BID
331,1712455860.9337652,43843.16441919,3930.0,0.0,3940.0,BID
332,1712455890.9564018,43843.16441919,3930.0,0.0,3940.0,BID
333,1712455893.9437568,43855.73693827,3929.0,1.3164307580720784e-08,3940.0,BID
334,1712455900.0267687,44106.8002692,3925.0,-2.6288088246852405e-07,3940.0,ASK
335,1712455900.08401,44415.55868344,3925.0,-3.232916734766937e-07,3940.0,ASK
336,1712455900.087509,44418.10645414,3925.0,-2.667694272442299e-09,3940.0,ASK
337,1712455914.8175318,44443.58416114,3925.0,2.6676942724476322e-08,3940.0,BID
338,1712455920.6472237,44443.58416114,3925.0,0.0,3940.0,BID
339,1712455947.3238463,44469.03593003,3929.0,2.6584183843209524e-08,3940.0,BID
340,1712455950.6583264,44469.03593003,3929.0,0.0,3940.0,BID
341,1712455958.4038804,44472.85369536,3929.0,3.987211111584129e-09,3940.0,BID
342,1712455968.7540534,44546.79972387,3928.0,7.722801195130606e-08,3940.0,BID
343,1712455980.9468043,44546.79972387,3928.0,0.0,3940.0,BID
344,1712456010.9339373,44546.79972387,3928.0,0.0,3940.0,BID
345,1712456040.6108823,44546.79972387,3928.0,0.0,3940.0,BID
346,1712456070.6301775,44546.79972387,3928.0,0.0,3940.0,BID
347,1712456100.6780264,44546.79972387,3928.0,0.0,3940.0,BID
348,1712456115.9847872,44572.25797234,3924.0,2.6902636919606852e-08,3940.0,BID
349,1712456119.0013127,44755.03979934,3922.0,1.931520596586936e-07,3940.0,BID
350,1712456130.9507122,44755.03979934,3922.0,0.0,3940.0,BID
351,1712456133.5393493,44757.59147068,3919.0,-2.694116574684197e-09,3940.0,ASK
352,1712456133.540974,44835.49964319,3919.0,-8.225734073652177e-08,3940.0,ASK
353,1712456134.0958424,45318.74787017,3919.0,-5.102252149723241e-07,3940.0,ASK
354,1712456134.0975204,45511.02630138,3919.0,-2.030122376480484e-07,3940.0,ASK
355,1712456134.0991282,45538.11234334,3919.0,-2.8598100955602684e-08,3940.0,ASK
356,1712456158.677223,45539.78402408,3920.0,1.765001126361643e-09,3940.0,BID
357,1712456160.643716,45539.78402408,3920.0,0.0,3940.0,BID
358,1712456190.6288495,45539.78402408,3920.0,0.0,3940.0,BID
359,1712456205.0538538,45544.88736676,3919.0,-5.370793660831804e-09,3940.0,ASK
360,1712456220.8837855,45544.88736676,3919.0,-0.0,3940.0,ASK
361,1712456228.7638865,45546.88736676,3919.0,2.1047697380940187e-09,3940.0,BID
362,1712456231.413728,45549.3829994,3913.0,-2.626366029034582e-09,3940.0,ASK
363,1712456250.937292,45549.3829994,3913.0,-0.0,3940.0,ASK
364,1712456280.6041715,45549.3829994,3913.0,-0.0,3940.0,ASK
365,1712456286.7640371,45927.60942414,3914.0,-3.980323926960081e-07,3940.0,ASK
366,1712456310.579446,45927.60942414,3914.0,-0.0,3940.0,ASK
367,1712456340.8891883,45927.60942414,3914.0,-0.0,3940.0,ASK
368,1712456370.9482152,45927.60942414,3914.0,-0.0,3940.0,ASK
369,1712456400.6538568,45927.60942414,3914.0,-0.0,3940.0,ASK
370,1712456430.6049054,45927.60942414,3914.0,-0.0,3940.0,ASK
371,1712456460.0963914,45930.16109548,3914.0,-2.6939599234491754e-09,3940.0,ASK
372,1712456460.0986698,45934.04809399,3910.0,-4.103748803502611e-09,3940.0,ASK
373,1712456460.9340909,45934.04809399,3910.0,-0.0,3940.0,ASK
374,1712456490.9271045,45934.04809399,3910.0,-0.0,3940.0,ASK
375,1712456520.611436,45934.04809399,3910.0,-0.0,3940.0,ASK
376,1712456550.633936,45934.04809399,3910.0,-0.0,3940.0,ASK
377,1712456580.9295113,45934.04809399,3910.0,-0.0,3940.0,ASK
378,1712456604.8074114,45936.08891031,3919.0,2.154560858738561e-09,3940.0,BID
379,1712456606.83367,45938.13024738,3919.0,2.155110632655767e-09,3940.0,BID
380,1712456610.9274745,45938.13024738,3919.0,0.0,3940.0,BID
381,1712456640.6224704,45938.13024738,3919.0,0.0,3940.0,BID
382,1712456670.5919168,45938.13024738,3919.0,0.0,3940.0,BID
383,1712456700.653923,45938.13024738,3919.0,0.0,3940.0,BID
384,1712456730.6441338,45938.13024738,3919.0,0.0,3940.0,BID
385,1712456760.9468644,45938.13024738,3919.0,0.0,3940.0,BID
386,1712456790.929856,45938.13024738,3919.0,0.0,3940.0,BID
387,1712456820.5955253,45938.13024738,3919.0,0.0,3940.0,BID
388,1712456850.6089787,45938.13024738,3919.0,0.0,3940.0,BID
389,1712456861.7882466,45940.17210547,3918.0,2.1663845608381e-09,3940.0,BID
390,1712456863.843958,45942.21396356,3918.0,2.1663845608381e-09,3940.0,BID
391,1712456878.6645036,45944.89996946,3919.0,2.849816909689841e-09,3940.0,BID
392,1712456878.668686,46197.10913374,3919.0,2.675906040061531e-07,3940.0,BID
393,1712456878.672501,46197.38102865,3920.0,2.8847692113513034e-10,3940.0,BID
394,1712456880.9666655,46197.38102865,3920.0,0.0,3940.0,BID
395,1712456890.5747488,46199.42288674,3918.0,-2.16405179387812e-09,3940.0,ASK
396,1712456890.5797162,46583.21193132,3915.0,-4.067566568222831e-07,3940.0,ASK
397,1712456910.9890325,46583.21193132,3915.0,-0.0,3940.0,ASK
398,1712456925.4842122,46603.64615866,3915.0,-2.1622484622697044e-08,3940.0,ASK
399,1712456940.665798,46603.64615866,3915.0,-0.0,3940.0,ASK
400,1712456944.8842494,46607.52771302,3915.0,-4.106920409518689e-09,3940.0,ASK
401,1712456970.596729,46607.52771302,3915.0,-0.0,3940.0,ASK
402,1712457000.7098317,46607.52771302,3915.0,-0.0,3940.0,ASK
403,1712457009.2841525,46650.49482516,3915.0,-4.5497858704113954e-08,3940.0,ASK
404,1712457009.2885497,46712.49462212,3915.0,-6.565156142164018e-08,3940.0,ASK
405,1712457010.5449145,46817.56649812,3915.0,-1.1126056953624245e-07,3940.0,ASK
406,1712457012.6743555,46856.2712903,3915.0,-4.098448971947796e-08,3940.0,ASK
407,1712457013.054089,46964.0931663,3915.0,-1.1417254349038269e-07,3940.0,ASK
408,1712457013.6441402,47069.1650423,3915.0,-1.1126056953624245e-07,3940.0,ASK
409,1712457030.734884,47069.1650423,3915.0,-0.0,3940.0,ASK
410,1712457060.9692671,47069.1650423,3915.0,-0.0,3940.0,ASK
411,1712457090.9277472,47069.1650423,3915.0,-0.0,3940.0,ASK
412,1712457094.8139336,47174.554884,3915.0,-1.1138410085548105e-07,3940.0,ASK
413,1712457112.1338902,47175.83227863,3920.0,1.3500490180565051e-09,3940.0,BID
414,1712457120.617423,47175.83227863,3920.0,0.0,3940.0,BID
415,1712457132.304115,47281.32751013,3915.0,-1.1144629686914953e-07,3940.0,ASK
416,1712457132.8245273,47666.47274163,3915.0,-4.068715637396778e-07,3940.0,ASK
417,1712457135.1339724,47770.78485246,3915.0,-1.101964354721276e-07,3940.0,ASK
418,1712457135.1369328,48051.61797313,3915.0,-2.9667512826755017e-07,3940.0,ASK
419,1712457137.034346,48144.02870139,3915.0,-9.762368695838161e-08,3940.0,ASK
420,1712457137.0438251,48425.00724544,3915.0,-2.968287550898084e-07,3940.0,ASK
421,1712457142.644032,48426.97262219,3912.0,-2.076245130947478e-09,3940.0,ASK
422,1712457150.6643765,48426.97262219,3912.0,-0.0,3940.0,ASK
423,1712457160.974241,48428.76061708,3915.0,1.879133413026721e-09,3940.0,BID
424,1712457180.9039333,48428.76061708,3915.0,0.0,3940.0,BID
425,1712457210.980623,48428.76061708,3915.0,0.0,3940.0,BID
426,1712457240.624073,48428.76061708,3915.0,0.0,3940.0,BID
427,1712457267.883783,48530.93175373,3915.0,1.073782622942982e-07,3940.0,BID
428,1712457270.6729205,48530.93175373,3915.0,0.0,3940.0,BID
429,1712457300.9429712,48530.93175373,3915.0,0.0,3940.0,BID
430,1712457330.9609914,48530.93175373,3915.0,0.0,3940.0,BID
431,1712457360.6607697,48530.93175373,3915.0,0.0,3940.0,BID
432,1712457390.5900564,48530.93175373,3915.0,0.0,3940.0,BID
433,1712457420.9446945,48530.93175373,3915.0,0.0,3940.0,BID
434,1712457449.7893064,48759.5168112,3915.0,2.4110198858024184e-07,3940.0,BID
435,1712457449.7917557,48760.8168112,3915.0,1.371185801129608e-09,3940.0,BID
436,1712457450.917627,48760.8168112,3915.0,0.0,3940.0,BID
437,1712457467.574086,48762.11382806,3912.0,-1.366741885310797e-09,3940.0,ASK
438,1712457480.648763,48762.11382806,3912.0,-0.0,3940.0,ASK
439,1712457510.6635883,48762.11382806,3912.0,-0.0,3940.0,ASK
440,1712457511.68426,48862.11382806,3912.0,1.0537523604731073e-07,3940.0,BID
441,1712457540.9247098,48862.11382806,3912.0,0.0,3940.0,BID
442,1712457570.927069,48862.11382806,3912.0,0.0,3940.0,BID
443,1712457600.7138555,48862.11382806,3912.0,0.0,3940.0,BID
444,1712457630.3578427,49153.45432406,3915.0,3.130767760295564e-07,3940.0,BID
445,1712457630.5808663,49153.45432406,3915.0,0.0,3940.0,BID
446,1712457660.917959,49153.45432406,3915.0,0.0,3940.0,BID
447,1712457668.1441178,50187.46390706,3915.0,1.109794516260578e-06,3940.0,BID
448,1712457669.6806629,50188.96390706,3917.0,1.609938439410835e-09,3940.0,BID
449,1712457669.684064,50188.96390719,3915.0,1.395274986714425e-16,3940.0,BID
450,1712457679.2939117,50736.35390719,3917.0,-5.875094682327307e-07,3940.0,ASK
451,1712457680.7137094,50889.78253245,3917.0,-1.6467376100802234e-07,3940.0,ASK
452,1712457690.9340973,50889.78253245,3917.0,-0.0,3940.0,ASK
453,1712457720.6947086,50889.78253245,3917.0,-0.0,3940.0,ASK
454,1712457736.287123,50922.72828519,3918.0,-3.5104250867193286e-08,3940.0,ASK
455,1712457736.2891583,50946.82726173,3918.0,-2.5677862781858946e-08,3940.0,ASK
456,1712457736.2936726,51177.28265059,3917.0,-2.455540733302349e-07,3940.0,ASK
457,1712457750.6039424,51177.28265059,3917.0,-0.0,3940.0,ASK
458,1712457780.903848,51177.28265059,3917.0,-0.0,3940.0,ASK
459,1712457784.7137349,51179.8356248,3917.0,2.716976426523098e-09,3940.0,BID
460,1712457810.9687805,51179.8356248,3917.0,0.0,3940.0,BID
461,1712457840.6002915,51179.8356248,3917.0,0.0,3940.0,BID
462,1712457870.613829,51179.8356248,3917.0,0.0,3940.0,BID
463,1712457900.674161,51179.8356248,3917.0,0.0,3940.0,BID
464,1712457930.6242795,51179.8356248,3917.0,0.0,3940.0,BID
465,1712457960.9523454,51179.8356248,3917.0,0.0,3940.0,BID
466,1712457990.9575698,51179.8356248,3917.0,0.0,3940.0,BID
467,1712458012.6939633,51193.95492528,3917.0,1.5047617915178998e-08,3940.0,BID
468,1712458020.6238456,51193.95492528,3917.0,0.0,3940.0,BID
469,1712458050.6136973,51193.95492528,3917.0,0.0,3940.0,BID
470,1712458080.6339357,51193.95492528,3917.0,0.0,3940.0,BID
471,1712458087.113882,51893.14155828,3917.0,7.451129202194223e-07,3940.0,BID
472,1712458087.2538214,51897.52779277,3917.0,4.674345640149499e-09,3940.0,BID
473,1712458087.2573142,52210.32777128,3917.0,3.33346340492978e-07,3940.0,BID
474,1712458090.323874,52210.32777158,3917.0,3.1970802588705203e-16,3940.0,BID
475,1712458090.4039278,52254.66585195,3918.0,-4.725044070087799e-08,3940.0,ASK
476,1712458110.6709774,52254.66585195,3918.0,-0.0,3940.0,ASK
477,1712458113.8938963,52356.98105638,3919.0,1.0855515349979361e-07,3940.0,BID
478,1712458124.0238671,52684.99038011,3919.0,3.480137940909332e-07,3940.0,BID
479,1712458140.9727829,52684.99038011,3919.0,0.0,3940.0,BID
480,1712458170.9295735,52684.99038011,3919.0,0.0,3940.0,BID
481,1712458191.2159324,52795.14071448,3917.0,1.1665939055511417e-07,3940.0,BID
482,1712458200.683944,52795.14071448,3917.0,0.0,3940.0,BID
483,1712458230.6137967,52795.14071448,3917.0,0.0,3940.0,BID
484,1712458260.935682,52795.14071448,3917.0,0.0,3940.0,BID
485,1712458263.6839864,52805.14071448,3914.0,-1.0587992866000845e-08,3940.0,ASK
486,1712458290.9181197,52805.14071448,3914.0,-0.0,3940.0,ASK
487,1712458293.8863978,52901.79545458,3913.0,-1.023337290109807e-07,3940.0,ASK
488,1712458293.8908646,52909.45437722,3913.0,-8.108925782082588e-09,3940.0,ASK
489,1712458320.6249702,52909.45437722,3913.0,-0.0,3940.0,ASK
490,1712458323.3336594,52910.73184272,3914.0,1.3519392526685318e-09,3940.0,BID
491,1712458338.8239832,52924.96339216,3913.0,-1.5061221077349698e-08,3940.0,ASK
492,1712458350.6408527,52924.96339216,3913.0,-0.0,3940.0,ASK
493,1712458380.9462168,52924.96339216,3913.0,-0.0,3940.0,ASK
494,1712458391.4340692,53044.9195216,3914.0,1.2694118541755853e-07,3940.0,BID
495,1712458391.4381824,53070.68797216,3913.0,2.726894970461694e-08,3940.0,BID
496,1712458410.9438982,53070.68797216,3913.0,0.0,3940.0,BID
497,1712458440.6191115,53070.68797216,3913.0,0.0,3940.0,BID
498,1712458470.633842,53070.68797216,3913.0,0.0,3940.0,BID
499,1712458500.9380784,53070.68797216,3913.0,0.0,3940.0,BID
500,1712458530.926226,53070.68797216,3913.0,0.0,3940.0,BID
501,1712458560.6355245,53070.68797216,3913.0,0.0,3940.0,BID
502,1712458590.6550834,53070.68797216,3913.0,0.0,3940.0,BID
503,1712458609.3742,53096.22439893,3913.0,-2.71151650398244e-08,3940.0,ASK
504,1712458609.37943,53107.0461337,3912.0,-1.1490766775977453e-08,3940.0,ASK
505,1712458620.9362853,53107.0461337,3912.0,-0.0,3940.0,ASK
506,1712458650.9339786,53107.0461337,3912.0,-0.0,3940.0,ASK
507,1712458680.654371,53107.0461337,3912.0,-0.0,3940.0,ASK
508,1712458710.6341672,53107.0461337,3912.0,-0.0,3940.0,ASK
509,1712458735.253803,53107.04613456,3914.0,9.130259932661266e-16,3940.0,BID
510,1712458740.948331,53107.04613456,3914.0,0.0,3940.0,BID
511,1712458770.943659,53107.04613456,3914.0,0.0,3940.0,BID
512,1712458800.833893,53107.04613456,3914.0,0.0,3940.0,BID
513,1712458830.6411877,53107.04613456,3914.0,0.0,3940.0,BID
514,1712458845.828859,53160.46239072,3914.0,-5.707324550929168e-08,3940.0,ASK
515,1712458845.833602,53174.94757126,3914.0,-1.5476866494156256e-08,3940.0,ASK
516,1712458854.17609,53299.20136476,3914.0,-1.3276046978366174e-07,3940.0,ASK
517,1712458859.2740617,53584.60174376,3916.0,3.049394897748127e-07,3940.0,BID
518,1712458860.9337847,53584.60174376,3916.0,0.0,3940.0,BID
519,1712458861.8239682,53842.51573976,3916.0,2.7502191197452505e-07,3940.0,BID
520,1712458890.925541,53842.51573976,3916.0,0.0,3940.0,BID
521,1712458920.6106822,53842.51573976,3916.0,0.0,3940.0,BID
522,1712458950.6404011,53842.51573976,3916.0,0.0,3940.0,BID
523,1712458980.397158,53842.51573978,3916.0,2.1305405758782085e-17,3940.0,BID
524,1712458980.3994503,54094.28548076,3917.0,2.681812696481121e-07,3940.0,BID
525,1712458980.410291,54094.28548141,3917.0,6.923675603713342e-16,3940.0,BID
526,1712458981.018633,54094.28548141,3917.0,0.0,3940.0,BID
527,1712459010.9476185,54094.28548141,3917.0,0.0,3940.0,BID
528,1712459040.6665792,54094.28548141,3917.0,0.0,3940.0,BID
529,1712459070.64122,54094.28548141,3917.0,0.0,3940.0,BID
530,1712459086.510022,55559.49250041,3919.0,1.5590783031143816e-06,3940.0,BID
531,1712459086.6242714,55838.90206447,3919.0,2.9731047105268605e-07,3940.0,BID
532,1712459086.6290162,55851.66042041,3919.0,1.3575744363442677e-08,3940.0,BID
533,1712459086.7041173,56839.31872505,3920.0,1.0509345189363666e-06,3940.0,BID
534,1712459086.708999,56848.09119463,3920.0,9.334494586465777e-09,3940.0,BID
535,1712459086.7138605,56848.09119541,3919.0,8.299769600769162e-16,3940.0,BID
536,1712459086.7237942,57565.14258441,3920.0,7.629906547751324e-07,3940.0,BID
537,1712459100.945167,57565.14258441,3920.0,0.0,3940.0,BID
538,1712459130.9442158,57565.14258441,3920.0,0.0,3940.0,BID
539,1712459160.6140673,57565.14258441,3920.0,0.0,3940.0,BID
540,1712459190.5839918,57565.14258441,3920.0,0.0,3940.0,BID
541,1712459220.6742892,57565.14258441,3920.0,0.0,3940.0,BID
542,1712459250.5946612,57565.14258441,3920.0,0.0,3940.0,BID
543,1712459280.9340324,57565.14258441,3920.0,0.0,3940.0,BID
544,1712459310.920858,57565.14258441,3920.0,0.0,3940.0,BID
545,1712459340.5977015,57565.14258441,3920.0,0.0,3940.0,BID
546,1712459343.6341326,57575.34666604,3917.0,1.0743269419360274e-08,3940.0,BID
547,1712459370.6751082,57575.34666604,3917.0,0.0,3940.0,BID
548,1712459373.6682718,57579.692397,3914.0,-4.57516860742894e-09,3940.0,ASK
549,1712459378.9813523,57612.54805841,3914.0,-3.4590312203639467e-08,3940.0,ASK
550,1712459400.6678,57612.54805841,3914.0,-0.0,3940.0,ASK
551,1712459410.2394054,57653.16971806,3914.0,-4.279109263723975e-08,3940.0,ASK
552,1712459410.2441056,57660.34082823,3914.0,-7.554089179028463e-09,3940.0,ASK
553,1712459411.764368,57708.13359805,3914.0,-5.0345181816268214e-08,3940.0,ASK
554,1712459411.9655292,57709.36160167,3914.0,-1.293586158595062e-09,3940.0,ASK
555,1712459411.979305,57966.25883916,3914.0,-2.706170447589032e-07,3940.0,ASK
556,1712459411.9820848,58223.31723425,3912.0,-2.707868091124572e-07,3940.0,ASK
557,1712459412.0441437,58225.874779,3911.0,-2.6941325210278916e-09,3940.0,ASK
558,1712459412.048998,58272.54972338,3911.0,-4.91676579935726e-08,3940.0,ASK
559,1712459412.0640984,58276.05456443,3911.0,-3.692019955404163e-09,3940.0,ASK
560,1712459412.066712,58338.06812681,3911.0,-6.532544744433607e-08,3940.0,ASK
561,1712459430.6289544,58338.06812681,3911.0,-0.0,3940.0,ASK
562,1712459451.193978,58358.97035479,3911.0,-2.1952879870507555e-08,3940.0,ASK
563,1712459456.796163,58375.73891102,3911.0,-1.7611428832915875e-08,3940.0,ASK
564,1712459460.9266496,58375.73891102,3911.0,-0.0,3940.0,ASK
565,1712459490.9339845,58375.73891102,3911.0,-0.0,3940.0,ASK
566,1712459520.5939202,58375.73891102,3911.0,-0.0,3940.0,ASK
567,1712459537.3685534,58385.70110217,3911.0,-1.0461322612595033e-08,3940.0,ASK
568,1712459537.377613,58415.47230559,3911.0,-3.1262817471819975e-08,3940.0,ASK
569,1712459550.6097825,58415.47230559,3911.0,-0.0,3940.0,ASK
570,1712459580.9358346,58415.47230559,3911.0,-0.0,3940.0,ASK
571,1712459610.963829,58415.47230559,3911.0,-0.0,3940.0,ASK
572,1712459622.5338285,58416.74970022,3914.0,1.341176537168369e-09,3940.0,BID
573,1712459631.47214,58429.53088631,3912.0,-1.3419366653421257e-08,3940.0,ASK
574,1712459631.4762454,58434.92878099,3911.0,-5.667418294154965e-09,3940.0,ASK
575,1712459640.638563,58434.92878099,3911.0,-0.0,3940.0,ASK
576,1712459670.637566,58434.92878099,3911.0,-0.0,3940.0,ASK
577,1712459700.6730585,58434.92878099,3911.0,-0.0,3940.0,ASK
578,1712459730.6575663,58434.92878099,3911.0,-0.0,3940.0,ASK
579,1712459746.8938692,58547.58549665,3914.0,1.1827235470360708e-07,3940.0,BID
580,1712459760.9357889,58547.58549665,3914.0,0.0,3940.0,BID
581,1712459790.930509,58547.58549665,3914.0,0.0,3940.0,BID
582,1712459806.0751083,58763.14549665,3914.0,2.26200383127702e-07,3940.0,BID
583,1712459810.425548,58788.46193111,3915.0,2.6566093775651447e-08,3940.0,BID
584,1712459810.436599,58788.46195236,3914.0,2.2298927855494324e-14,3940.0,BID
585,1712459820.6300733,58788.46195236,3914.0,0.0,3940.0,BID
586,1712459850.589901,58788.46195236,3914.0,0.0,3940.0,BID
587,1712459861.1741688,58865.82923438,3916.0,8.110601103056448e-08,3940.0,BID
588,1712459880.96392,58865.82923438,3916.0,0.0,3940.0,BID
589,1712459885.233979,59008.11923438,3916.0,1.4911871991845525e-07,3940.0,BID
590,1712459907.7840345,59008.12470671,3916.0,5.734955684140759e-12,3940.0,BID
591,1712459910.9337132,59008.12470671,3916.0,0.0,3940.0,BID
592,1712459940.4240153,59064.33248184,3917.0,5.8870895359691894e-08,3940.0,BID
593,1712459940.6238494,59064.33248184,3917.0,0.0,3940.0,BID
594,1712459952.536978,59312.30240379,3917.0,2.596588418901307e-07,3940.0,BID
595,1712459970.605906,59312.30240379,3917.0,0.0,3940.0,BID
596,1712459974.3741555,59440.83710816,3917.0,-1.3445687833434945e-07,3940.0,ASK
597,1712460000.646782,59440.83710816,3917.0,-0.0,3940.0,ASK
598,1712460030.6440444,59440.83710816,3917.0,-0.0,3940.0,ASK
599,1712460060.9438815,59440.83710816,3917.0,-0.0,3940.0,ASK
600,1712460065.5442662,59442.11326946,3918.0,1.336119918480079e-09,3940.0,BID
601,1712460081.203961,59697.34553081,3918.0,2.672239851086317e-07,3940.0,BID
602,1712460082.6340914,59851.98284737,3920.0,1.6190273031747614e-07,3940.0,BID
603,1712460082.6397834,59982.15336847,3919.0,1.3628639737006932e-07,3940.0,BID
604,1712460082.6442726,60018.52861829,3918.0,3.80842890503336e-08,3940.0,BID
605,1712460090.973943,60018.52861829,3918.0,0.0,3940.0,BID
606,1712460120.6190464,60018.52861829,3918.0,0.0,3940.0,BID
607,1712460150.6458914,60018.52861829,3918.0,0.0,3940.0,BID
608,1712460180.9237392,60018.52861829,3918.0,0.0,3940.0,BID
609,1712460210.946308,60018.52861829,3918.0,0.0,3940.0,BID
610,1712460240.6263263,60018.52861829,3918.0,0.0,3940.0,BID
611,1712460270.6592422,60018.52861829,3918.0,0.0,3940.0,BID
612,1712460289.784105,60038.52861829,3919.0,2.0890157667380863e-08,3940.0,BID
613,1712460289.8851097,60354.12271931,3920.0,3.296405264601527e-07,3940.0,BID
614,1712460300.9837885,60354.12271931,3920.0,0.0,3940.0,BID
615,1712460330.9560077,60354.12271931,3920.0,0.0,3940.0,BID
616,1712460360.903761,60354.12271931,3920.0,0.0,3940.0,BID
617,1712460384.573881,60497.95476159,3921.0,1.522460076767092e-07,3940.0,BID
618,1712460390.955925,60497.95476159,3921.0,0.0,3940.0,BID
619,1712460406.4938755,60499.25476159,3923.0,1.375227159369613e-09,3940.0,BID
620,1712460420.6354263,60499.25476159,3923.0,0.0,3940.0,BID
621,1712460450.5904856,60499.25476159,3923.0,0.0,3940.0,BID
622,1712460468.6438851,60530.02791506,3924.0,-3.2553729319446946e-08,3940.0,ASK
623,1712460476.9748096,60601.03321577,3924.0,-7.511376244921249e-08,3940.0,ASK
624,1712460476.9791198,60637.28614841,3923.0,-3.8350575846860587e-08,3940.0,ASK
625,1712460476.983355,60657.48139453,3924.0,-2.1363770091706472e-08,3940.0,ASK
626,1712460480.903597,60657.48139453,3924.0,-0.0,3940.0,ASK
627,1712460510.9237015,60657.48139453,3924.0,-0.0,3940.0,ASK
628,1712460522.6836212,60659.6724912,3926.0,2.316355148203468e-09,3940.0,BID
629,1712460522.6935527,60740.50966758,3926.0,8.545839726638627e-08,3940.0,BID
630,1712460527.9638717,60777.8515427,3926.0,3.947659903007496e-08,3940.0,BID
631,1712460527.973716,60782.00304506,3926.0,4.388831399373628e-09,3940.0,BID
632,1712460540.6045964,60782.00304506,3926.0,0.0,3940.0,BID
633,1712460541.325998,60787.14270887,3926.0,5.430676421027169e-09,3940.0,BID
634,1712460541.3315527,60851.86925425,3926.0,6.839142340904627e-08,3940.0,BID
635,1712460554.4141462,60855.78710355,3927.0,4.139681621443816e-09,3940.0,BID
636,1712460554.419999,60861.22652443,3927.0,5.747406018969571e-09,3940.0,BID
637,1712460570.6291244,60861.22652443,3927.0,0.0,3940.0,BID
638,1712460599.9839475,60994.27842957,3927.0,1.4053924093686096e-07,3940.0,BID
639,1712460600.693745,60994.27842957,3927.0,0.0,3940.0,BID
640,1712460603.897364,61026.31790285,3927.0,-3.487129344169035e-08,3940.0,ASK
641,1712460604.723828,61058.23842957,3926.0,-3.4741833747970714e-08,3940.0,ASK
642,1712460629.3740742,61058.25075122,3926.0,-1.3410703386678445e-11,3940.0,ASK
643,1712460630.6064043,61058.25075122,3926.0,-0.0,3940.0,ASK
644,1712460654.9742198,61080.36308468,3920.0,-2.4060162087134283e-08,3940.0,ASK
645,1712460660.8937562,61080.36308468,3920.0,-0.0,3940.0,ASK
646,1712460690.943717,61080.36308468,3920.0,-0.0,3940.0,ASK
647,1712460707.173907,61180.30934041,3926.0,1.0874005383175317e-07,3940.0,BID
648,1712460711.8437564,61207.78605105,3926.0,2.989425639100393e-08,3940.0,BID
649,1712460711.8536732,61270.224298,3928.0,6.793189284493775e-08,3940.0,BID
650,1712460720.6001632,61270.224298,3928.0,0.0,3940.0,BID
651,1712460750.6464658,61270.224298,3928.0,0.0,3940.0,BID
652,1712460780.9171145,61270.224298,3928.0,0.0,3940.0,BID
653,1712460810.968022,61270.224298,3928.0,0.0,3940.0,BID
654,1712460825.5037506,61327.39496967,3923.0,-6.215043740373794e-08,3940.0,ASK
655,1712460840.6354797,61327.39496967,3923.0,-0.0,3940.0,ASK
656,1712460870.6439834,61327.39496967,3923.0,-0.0,3940.0,ASK
657,1712460880.022599,61401.65084527,3923.0,-8.070414545895935e-08,3940.0,ASK
658,1712460880.0273166,61541.51681519,3923.0,-1.520117228431431e-07,3940.0,ASK
659,1712460881.7437675,61543.06042208,3923.0,-1.677651417824611e-09,3940.0,ASK
660,1712460900.9441044,61543.06042208,3923.0,-0.0,3940.0,ASK
661,1712460930.9439013,61543.06042208,3923.0,-0.0,3940.0,ASK
662,1712460951.013996,61780.90083113,3924.0,-2.5860753185556855e-07,3940.0,ASK
663,1712460951.0202987,61921.23498056,3923.0,-1.5258747730926965e-07,3940.0,ASK
664,1712460960.6240015,61921.23498056,3923.0,-0.0,3940.0,ASK
665,1712460972.2981043,62026.37109295,3926.0,1.1413197285997641e-07,3940.0,BID
666,1712460972.3009748,62035.2176992,3927.0,9.603556774884764e-09,3940.0,BID
667,1712460977.284395,62264.211502,3927.0,2.4858741579984577e-07,3940.0,BID
668,1712460977.2913177,62371.29361887,3927.0,1.1624448515901269e-07,3940.0,BID
669,1712460977.296077,62376.85672056,3928.0,6.039102613431219e-09,3940.0,BID
670,1712460990.6438036,62376.85672056,3928.0,0.0,3940.0,BID
671,1712460993.490584,62431.08600617,3924.0,-5.8755242063937465e-08,3940.0,ASK
672,1712460995.053846,62477.05061549,3924.0,-4.9800798896614986e-08,3940.0,ASK
673,1712461020.9440424,62477.05061549,3924.0,-0.0,3940.0,ASK
674,1712461050.9359558,62477.05061549,3924.0,-0.0,3940.0,ASK
675,1712461080.659417,62477.05061549,3924.0,-0.0,3940.0,ASK
676,1712461110.662942,62477.05061549,3924.0,-0.0,3940.0,ASK
677,1712461140.9396186,62477.05061549,3924.0,-0.0,3940.0,ASK
678,1712461170.954187,62477.05061549,3924.0,-0.0,3940.0,ASK
679,1712461200.6866045,62477.05061549,3924.0,-0.0,3940.0,ASK
680,1712461230.6056616,62477.05061549,3924.0,-0.0,3940.0,ASK
681,1712461260.9608626,62477.05061549,3924.0,-0.0,3940.0,ASK
682,1712461290.9239583,62477.05061549,3924.0,-0.0,3940.0,ASK
683,1712461320.648713,62477.05061549,3924.0,-0.0,3940.0,ASK
684,1712461329.8839395,62553.50321487,3924.0,-8.41181051815785e-08,3940.0,ASK
685,1712461329.887542,62691.14972899,3924.0,-1.514476165169245e-07,3940.0,ASK
686,1712461350.6096208,62691.14972899,3924.0,-0.0,3940.0,ASK
687,1712461380.933765,62691.14972899,3924.0,-0.0,3940.0,ASK
688,1712461397.3338563,62697.8359883,3924.0,7.349861951150316e-09,3940.0,BID
689,1712461410.9341388,62697.8359883,3924.0,0.0,3940.0,BID
690,1712461440.600543,62697.8359883,3924.0,0.0,3940.0,BID
691,1712461442.8940752,62740.20005452,3923.0,-4.6567302291203707e-08,3940.0,ASK
692,1712461442.8984954,63470.99291712,3923.0,-8.032999468989607e-07,3940.0,ASK
693,1712461442.903726,63927.51012332,3923.0,-5.018114793762641e-07,3940.0,ASK
694,1712461470.6538622,63927.51012332,3923.0,-0.0,3940.0,ASK
695,1712461477.3050308,63987.66603866,3922.0,-6.577562136591914e-08,3940.0,ASK
696,1712461477.30788,64556.71603866,3922.0,-6.222100873492536e-07,3940.0,ASK
697,1712461500.659865,64556.71603866,3922.0,-0.0,3940.0,ASK
698,1712461530.618308,64556.71603866,3922.0,-0.0,3940.0,ASK
699,1712461536.4839485,64582.20049174,3922.0,2.7813760247239e-08,3940.0,BID
700,1712461548.674549,64594.94908939,3922.0,1.3913833560117548e-08,3940.0,BID
701,1712461560.9337614,64594.94908939,3922.0,0.0,3940.0,BID
702,1712461585.1739793,64661.80976268,3921.0,-7.29598724043431e-08,3940.0,ASK
703,1712461590.937637,64661.80976268,3921.0,-0.0,3940.0,ASK
704,1712461620.6056602,64661.80976268,3921.0,-0.0,3940.0,ASK
705,1712461643.957929,64922.08072736,3920.0,-2.8393231186838934e-07,3940.0,ASK
706,1712461643.964368,65111.21013972,3920.0,-2.0632324992420426e-07,3940.0,ASK
707,1712461650.619785,65111.21013972,3920.0,-0.0,3940.0,ASK
708,1712461670.2338562,65366.31218054,3920.0,-2.777596798271668e-07,3940.0,ASK
709,1712461680.9538598,65366.31218054,3920.0,-0.0,3940.0,ASK
710,1712461704.884158,65625.73142463,3922.0,-2.82153114844689e-07,3940.0,ASK
711,1712461710.9239976,65625.73142463,3922.0,-0.0,3940.0,ASK
712,1712461712.614073,66194.12142463,3923.0,6.175167774617736e-07,3940.0,BID
713,1712461713.874087,66233.42142462,3923.0,4.2696756361083253e-08,3940.0,BID
714,1712461724.1541488,66284.40281641,3923.0,5.5387787907385243e-08,3940.0,BID
715,1712461726.924276,66515.58439789,3923.0,2.511629430567766e-07,3940.0,BID
716,1712461726.929531,66764.80078866,3923.0,2.707565272417628e-07,3940.0,BID
717,1712461727.604313,66945.12687919,3923.0,1.9591193778279749e-07,3940.0,BID
718,1712461740.630284,66945.12687919,3923.0,0.0,3940.0,BID
719,1712461745.9222157,66945.1268792,3923.0,1.0816221580512346e-17,3940.0,BID
720,1712461770.6364665,66945.1268792,3923.0,0.0,3940.0,BID
721,1712461800.7266862,66945.1268792,3923.0,0.0,3940.0,BID
722,1712461830.6882658,66945.1268792,3923.0,0.0,3940.0,BID
723,1712461860.9345212,66945.1268792,3923.0,0.0,3940.0,BID
724,1712461866.9942644,66949.80796509,3923.0,-5.1069339268964454e-09,3940.0,ASK
725,1712461866.9992704,66953.69261969,3923.0,-4.238049640018835e-09,3940.0,ASK
726,1712461867.115279,67018.3409808,3923.0,7.052955584008174e-08,3940.0,BID
727,1712461867.1740887,67164.05927023,3923.0,1.5897458272434753e-07,3940.0,BID
728,1712461873.0371535,67164.05927024,3923.0,1.0906628547720385e-17,3940.0,BID
729,1712461890.924419,67164.05927024,3923.0,0.0,3940.0,BID
730,1712461920.652722,67164.05927024,3923.0,0.0,3940.0,BID
731,1712461950.6623538,67164.05927024,3923.0,0.0,3940.0,BID
732,1712461980.693919,67164.05927024,3923.0,0.0,3940.0,BID
733,1712462010.643377,67164.05927024,3923.0,0.0,3940.0,BID
734,1712462040.9473426,67164.05927024,3923.0,0.0,3940.0,BID
735,1712462065.674091,67174.51038423,3923.0,-1.1391199769939004e-08,3940.0,ASK
736,1712462070.95175,67174.51038423,3923.0,-0.0,3940.0,ASK
737,1712462100.5648592,67174.51038423,3923.0,-0.0,3940.0,ASK
738,1712462130.6061842,67174.51038423,3923.0,-0.0,3940.0,ASK
739,1712462160.927952,67174.51038423,3923.0,-0.0,3940.0,ASK
740,1712462190.9338982,67174.51038423,3923.0,-0.0,3940.0,ASK
741,1712462220.6304748,67174.51038423,3923.0,-0.0,3940.0,ASK
742,1712462250.5945978,67174.51038423,3923.0,-0.0,3940.0,ASK
743,1712462280.9364398,67174.51038423,3923.0,-0.0,3940.0,ASK
744,1712462310.9140184,67174.51038423,3923.0,-0.0,3940.0,ASK
745,1712462316.5442443,67176.80461817,3923.0,-2.501412080734217e-09,3940.0,ASK
746,1712462316.5485394,67177.05945382,3923.0,-2.7784828842961757e-10,3940.0,ASK
747,1712462340.6251807,67177.05945382,3923.0,-0.0,3940.0,ASK
748,1712462370.593932,67177.05945382,3923.0,-0.0,3940.0,ASK
749,1712462400.776639,67177.05945382,3923.0,-0.0,3940.0,ASK
750,1712462430.6700208,67177.05945382,3923.0,-0.0,3940.0,ASK
751,1712462460.940014,67177.05945382,3923.0,-0.0,3940.0,ASK
752,1712462490.937804,67177.05945382,3923.0,-0.0,3940.0,ASK
753,1712462504.5642226,67179.80906535,3929.0,3.02378915230359e-09,3940.0,BID
754,1712462504.5709484,67202.51122271,3929.0,2.4965903877713e-08,3940.0,BID
755,1712462520.652354,67202.51122271,3929.0,0.0,3940.0,BID
756,1712462531.104066,67215.23074739,3929.0,1.3986314489742917e-08,3940.0,BID
757,1712462550.635467,67215.23074739,3929.0,0.0,3940.0,BID
758,1712462580.943998,67215.23074739,3929.0,0.0,3940.0,BID
759,1712462610.9414644,67215.23074739,3929.0,0.0,3940.0,BID
760,1712462612.674319,67265.37840908,3929.0,5.5139043685688774e-08,3940.0,BID
761,1712462640.6302874,67265.37840908,3929.0,0.0,3940.0,BID
762,1712462670.567057,67265.37840908,3929.0,0.0,3940.0,BID
763,1712462678.1842515,67291.58605408,3929.0,-2.8809947284090785e-08,3940.0,ASK
764,1712462679.2802558,67317.03782297,3929.0,2.7979016046940892e-08,3940.0,BID
765,1712462700.9464202,67317.03782297,3929.0,0.0,3940.0,BID
766,1712462706.0547426,67319.79780145,3933.0,3.038556534540709e-09,3940.0,BID
767,1712462706.0601022,67754.0662274,3929.0,4.781012507810003e-07,3940.0,BID
768,1712462706.0655704,67756.25344213,3931.0,2.4079809529001797e-09,3940.0,BID
769,1712462706.0691457,67824.33127659,3935.0,7.494926147253453e-08,3940.0,BID
770,1712462706.0722044,67825.96448426,3931.0,1.798055265242063e-09,3940.0,BID
771,1712462730.944136,67825.96448426,3931.0,0.0,3940.0,BID
772,1712462760.613221,67825.96448426,3931.0,0.0,3940.0,BID
773,1712462789.0341997,67828.50578032,3935.0,2.791654574368432e-09,3940.0,BID
774,1712462790.646054,67828.50578032,3935.0,0.0,3940.0,BID
775,1712462820.9186585,67828.50578032,3935.0,0.0,3940.0,BID
776,1712462846.844529,68082.63538641,3934.0,2.791623908910952e-07,3940.0,BID
777,1712462850.9279108,68082.63538641,3934.0,0.0,3940.0,BID
778,1712462880.924041,68082.63538641,3934.0,0.0,3940.0,BID
779,1712462908.3660913,68107.76101456,3934.0,2.757032481550697e-08,3940.0,BID
780,1712462910.9486132,68107.76101456,3934.0,0.0,3940.0,BID
781,1712462940.6549337,68107.76101456,3934.0,0.0,3940.0,BID
782,1712462970.6503196,68107.76101456,3934.0,0.0,3940.0,BID
783,1712462985.7948587,68143.01673473,3934.0,3.868186842241259e-08,3940.0,BID
784,1712462985.8025427,68711.36673473,3934.0,6.235822105426192e-07,3940.0,BID
785,1712462985.894682,69401.97445951,3934.0,-7.577209318837263e-07,3940.0,ASK
786,1712462985.9031315,69962.4390776,3934.0,-6.149305278076457e-07,3940.0,ASK
787,1712462987.01658,69964.9868483,3925.0,-2.795362866311145e-09,3940.0,ASK
788,1712462987.9041808,70015.71340444,3923.0,-5.565615907626284e-08,3940.0,ASK
789,1712462987.908393,70161.2280776,3923.0,-1.5965577822731805e-07,3940.0,ASK
790,1712463000.7041204,70161.2280776,3923.0,-0.0,3940.0,ASK
791,1712463030.618585,70161.2280776,3923.0,-0.0,3940.0,ASK
792,1712463060.9931607,70161.2280776,3923.0,-0.0,3940.0,ASK
793,1712463072.4344523,70163.77260686,3930.0,2.7751328767798327e-09,3940.0,BID
794,1712463090.9743657,70163.77260686,3930.0,0.0,3940.0,BID
795,1712463120.6396563,70163.77260686,3930.0,0.0,3940.0,BID
796,1712463150.6345189,70163.77260686,3930.0,0.0,3940.0,BID
797,1712463156.9955492,70194.091352,3923.0,-3.3066088142633554e-08,3940.0,ASK
798,1712463157.0022297,70242.42278149,3923.0,-5.27109977736845e-08,3940.0,ASK
799,1712463157.0076327,70369.90875803,3922.0,-1.3903815998175404e-07,3940.0,ASK
800,1712463157.0106037,70420.92916619,3920.0,-5.5643639124965774e-08,3940.0,ASK
801,1712463159.864441,70433.68426823,3920.0,1.3910909781237471e-08,3940.0,BID
802,1712463180.6988328,70433.68426823,3920.0,0.0,3940.0,BID
803,1712463210.6667826,70433.68426823,3920.0,0.0,3940.0,BID
804,1712463228.5881455,70436.23528863,3919.0,-2.7789737196209e-09,3940.0,ASK
805,1712463240.9239087,70436.23528863,3919.0,-0.0,3940.0,ASK
806,1712463270.9497533,70436.23528863,3919.0,-0.0,3940.0,ASK
807,1712463290.7644897,70823.12927784,3915.0,-4.214613567890419e-07,3940.0,ASK
808,1712463290.7714014,70948.16182467,3919.0,-1.362036844701663e-07,3940.0,ASK
809,1712463290.775966,70953.2703815,3915.0,-5.564985119577216e-09,3940.0,ASK
810,1712463300.694004,70953.2703815,3915.0,-0.0,3940.0,ASK
811,1712463330.647826,70953.2703815,3915.0,-0.0,3940.0,ASK
812,1712463332.4318032,70981.83641146,3915.0,-3.114907549311589e-08,3940.0,ASK
813,1712463333.4442582,71308.69952642,3923.0,3.564192804551856e-07,3940.0,BID
814,1712463333.4509425,71320.69952642,3923.0,1.3085084152078988e-08,3940.0,BID
815,1712463333.4574587,71440.69952642,3922.0,1.3085084152078989e-07,3940.0,BID
816,1712463360.9279757,71440.69952642,3922.0,0.0,3940.0,BID
817,1712463369.2444215,71443.24924595,3922.0,2.774490539550644e-09,3940.0,BID
818,1712463383.515586,71455.9978436,3921.0,1.3872452697674053e-08,3940.0,BID
819,1712463391.0128937,71455.9978436,3921.0,0.0,3940.0,BID
820,1712463420.6205254,71455.9978436,3921.0,0.0,3940.0,BID
821,1712463450.6389332,71455.9978436,3921.0,0.0,3940.0,BID
822,1712463457.3741758,71693.83825265,3919.0,2.587903828365265e-07,3940.0,BID
823,1712463457.514133,71755.99784265,3919.0,-6.763486556936534e-08,3940.0,ASK
824,1712463457.520925,71755.9978436,3919.0,-1.0336719937992673e-15,3940.0,ASK
825,1712463480.933915,71755.9978436,3919.0,-0.0,3940.0,ASK
826,1712463483.9642906,71795.46158211,3915.0,-4.2885007857640747e-08,3940.0,ASK
827,1712463483.971137,71820.9978436,3916.0,-2.7750102144413843e-08,3940.0,ASK
828,1712463508.0841494,71857.9978436,3915.0,-4.0207678001169536e-08,3940.0,ASK
829,1712463510.933923,71857.9978436,3915.0,-0.0,3940.0,ASK
830,1712463514.766049,72061.54327172,3915.0,-2.210956449885317e-07,3940.0,ASK
831,1712463533.15419,72089.92493188,3915.0,-3.082880080814323e-08,3940.0,ASK
832,1712463533.161029,72107.54327172,3915.0,-1.913743898121792e-08,3940.0,ASK
833,1712463537.274046,72208.54327172,3915.0,-1.0970848301577125e-07,3940.0,ASK
834,1712463537.5339053,72316.54327172,3915.0,-1.1731204124458705e-07,3940.0,ASK
835,1712463537.5942492,72389.92493188,3915.0,-7.970881799338785e-08,3940.0,ASK
836,1712463537.714054,72415.48730406,3912.0,-2.7766426476764133e-08,3940.0,ASK
837,1712463537.7182465,72490.92493188,3912.0,-8.194205653900708e-08,3940.0,ASK
838,1712463540.6489916,72490.92493188,3912.0,-0.0,3940.0,ASK
839,1712463570.6443667,72490.92493188,3912.0,-0.0,3940.0,ASK
840,1712463571.4144192,72732.41249527,3918.0,2.6160520959319e-07,3940.0,BID
841,1712463571.4258833,72746.15368604,3919.0,1.4885930525708346e-08,3940.0,BID
842,1712463577.724405,72771.66389012,3920.0,2.7635387062724123e-08,3940.0,BID
843,1712463586.254115,72773.16389012,3920.0,1.624960759391408e-09,3940.0,BID
844,1712463600.6442573,72773.16389012,3920.0,0.0,3940.0,BID
845,1712463606.7041678,72849.65625618,3920.0,8.2905709890807e-08,3940.0,BID
846,1712463630.628312,72849.65625618,3920.0,0.0,3940.0,BID
847,1712463660.9075513,72849.65625618,3920.0,0.0,3940.0,BID
848,1712463690.9539807,72849.65625618,3920.0,0.0,3940.0,BID
849,1712463702.5864878,72918.95625618,3912.0,-7.508591261190058e-08,3940.0,ASK
850,1712463720.6443326,72918.95625618,3912.0,-0.0,3940.0,ASK
851,1712463729.1842585,72944.44070926,3913.0,-2.7604062209124226e-08,3940.0,ASK
852,1712463750.6341352,72944.44070926,3913.0,-0.0,3940.0,ASK
853,1712463778.7041454,72979.73973312,3913.0,-3.823080721903971e-08,3940.0,ASK
854,1712463779.8840983,73024.01829512,3913.0,-4.79561467328872e-08,3940.0,ASK
855,1712463780.670231,73024.01829512,3913.0,-0.0,3940.0,ASK
856,1712463780.8039734,73037.72552609,3913.0,-1.4840688927572372e-08,3940.0,ASK
857,1712463780.814278,73071.31042578,3912.0,-3.63620522667087e-08,3940.0,ASK
858,1712463781.0141404,73106.47948105,3912.0,-3.807720248392666e-08,3940.0,ASK
859,1712463782.6748075,73146.70968675,3912.0,-4.355686203817885e-08,3940.0,ASK
860,1712463786.8541143,73151.61162015,3912.0,-5.307276786416414e-09,3940.0,ASK
861,1712463786.8607635,73177.18052835,3911.0,-2.7683214330038443e-08,3940.0,ASK
862,1712463786.8676016,73186.93989245,3910.0,-1.0566370921739752e-08,3940.0,ASK
863,1712463810.655404,73186.93989245,3910.0,-0.0,3940.0,ASK
864,1712463840.9139094,73186.93989245,3910.0,-0.0,3940.0,ASK
865,1712463870.913864,73186.93989245,3910.0,-0.0,3940.0,ASK
866,1712463900.6141467,73186.93989245,3910.0,-0.0,3940.0,ASK
867,1712463930.620033,73186.93989245,3910.0,-0.0,3940.0,ASK
868,1712463938.454388,73190.48504625,3916.0,3.837165528932377e-09,3940.0,BID
869,1712463960.919565,73190.48504625,3916.0,0.0,3940.0,BID
870,1712463990.947881,73190.48504625,3916.0,0.0,3940.0,BID
871,1712464020.6530704,73190.48504625,3916.0,0.0,3940.0,BID
872,1712464050.6475725,73190.48504625,3916.0,0.0,3940.0,BID
873,1712464080.905259,73190.48504625,3916.0,0.0,3940.0,BID
874,1712464110.929854,73190.48504625,3916.0,0.0,3940.0,BID
875,1712464140.5644467,73190.48504625,3916.0,0.0,3940.0,BID
876,1712464170.6230197,73190.48504625,3916.0,0.0,3940.0,BID
877,1712464200.7479815,73190.48504625,3916.0,0.0,3940.0,BID
878,1712464230.6371934,73190.48504625,3916.0,0.0,3940.0,BID
879,1712464252.5846243,73193.5593894,3910.0,-3.3293766313419794e-09,3940.0,ASK
880,1712464252.591807,73194.03020005,3910.0,-5.098669534858429e-10,3940.0,ASK
881,1712464260.8872654,73194.03020005,3910.0,-0.0,3940.0,ASK
882,1712464290.9241643,73194.03020005,3910.0,-0.0,3940.0,ASK
883,1712464299.6443515,73520.60977468,3919.0,3.536658171205706e-07,3940.0,BID
884,1712464320.6483014,73520.60977468,3919.0,0.0,3940.0,BID
885,1712464350.6541572,73520.60977468,3919.0,0.0,3940.0,BID
886,1712464370.5608714,73555.82860772,3910.0,-3.80870649181597e-08,3940.0,ASK
887,1712464370.6643462,73591.41274288,3910.0,-3.8482117347717726e-08,3940.0,ASK
888,1712464374.4142656,73594.26177424,3910.0,-3.081057292247952e-09,3940.0,ASK
889,1712464374.4214487,73689.36983282,3910.0,-1.0285368618719513e-07,3940.0,ASK
890,1712464380.9140472,73689.36983282,3910.0,-0.0,3940.0,ASK
891,1712464410.9291036,73689.36983282,3910.0,-0.0,3940.0,ASK
892,1712464433.984162,73691.87987298,3914.0,2.712522921378418e-09,3940.0,BID
893,1712464440.683848,73691.87987298,3914.0,0.0,3940.0,BID
894,1712464470.607309,73691.87987298,3914.0,0.0,3940.0,BID
895,1712464500.944381,73691.87987298,3914.0,0.0,3940.0,BID
896,1712464502.8641975,73704.65452806,3914.0,1.3848094837749653e-08,3940.0,BID
897,1712464530.9658053,73704.65452806,3914.0,0.0,3940.0,BID
898,1712464533.5487037,73704.65452807,3910.0,-1.083662888580953e-17,3940.0,ASK
899,1712464533.5563233,73705.95452807,3907.0,-1.409161144980694e-09,3940.0,ASK
900,1712464533.5626,73711.07092612,3909.0,-5.546022564843838e-09,3940.0,ASK
901,1712464533.5678031,73723.86846899,3907.0,-1.3872153971992177e-08,3940.0,ASK
902,1712464533.5716178,73730.27051764,3905.0,-6.939629389113772e-09,3940.0,ASK
903,1712464533.5756018,73731.57051764,3909.0,-1.4091611449649203e-09,3940.0,ASK
904,1712464533.5793717,73732.87051764,3904.0,-1.409161144980694e-09,3940.0,ASK
905,1712464533.5832157,73740.54904336,3907.0,-8.323292381037445e-09,3940.0,ASK
906,1712464533.5870554,73802.30562223,3905.0,-6.69422856848663e-08,3940.0,ASK
907,1712464533.590906,73815.11299927,3904.0,-1.3882813918351164e-08,3940.0,ASK
908,1712464533.5947232,73855.99883898,3903.0,-4.431902823008328e-08,3940.0,ASK
909,1712464544.2241547,73857.74266698,3904.0,-1.8902574316403033e-09,3940.0,ASK
910,1712464544.2315545,73920.59832218,3903.0,-6.813365157687422e-08,3940.0,ASK
911,1712464560.6492462,73920.59832218,3903.0,-0.0,3940.0,ASK
912,1712464582.0074651,74070.59832218,3903.0,-1.624470560163774e-07,3940.0,ASK
913,1712464590.6348057,74070.59832218,3903.0,-0.0,3940.0,ASK
914,1712464600.674024,74095.1319281,3913.0,2.6552578546937364e-08,3940.0,BID
915,1712464620.8976085,74095.1319281,3913.0,0.0,3940.0,BID
916,1712464650.928275,74095.1319281,3913.0,0.0,3940.0,BID
917,1712464680.6431754,74095.1319281,3913.0,0.0,3940.0,BID
918,1712464710.6536293,74095.1319281,3913.0,0.0,3940.0,BID
919,1712464740.8873982,74095.1319281,3913.0,0.0,3940.0,BID
920,1712464770.9343972,74095.1319281,3913.0,0.0,3940.0,BID
921,1712464800.7002118,74095.1319281,3913.0,0.0,3940.0,BID
922,1712464814.6040487,74138.31573121,3912.0,4.6813812004239246e-08,3940.0,BID
923,1712464819.1321273,74161.98730086,3913.0,2.566138995720214e-08,3940.0,BID
924,1712464819.138774,74198.14118254,3913.0,3.9192958894339895e-08,3940.0,BID
925,1712464830.6357968,74198.14118254,3913.0,0.0,3940.0,BID
926,1712464860.8995774,74198.14118254,3913.0,0.0,3940.0,BID
927,1712464873.2343233,74249.23980232,3914.0,-5.5369752568182216e-08,3940.0,ASK
928,1712464873.2437956,74476.88045354,3914.0,-2.466682385312958e-07,3940.0,ASK
929,1712464890.9440424,74476.88045354,3914.0,-0.0,3940.0,ASK
930,1712464919.7942092,74526.88045299,3914.0,-5.4115329001937456e-08,3940.0,ASK
931,1712464919.8003333,74526.88045354,3914.0,-5.952731582383195e-16,3940.0,ASK
932,1712464920.6240785,74526.88045354,3914.0,-0.0,3940.0,ASK
933,1712464950.6035974,74526.88045354,3914.0,-0.0,3940.0,ASK
934,1712464980.94846,74526.88045354,3914.0,-0.0,3940.0,ASK
935,1712464991.052625,74574.88467337,3914.0,-5.1944281379969496e-08,3940.0,ASK
936,1712464992.674218,74619.95721106,3914.0,-4.8771974392443024e-08,3940.0,ASK
937,1712465010.9450924,74619.95721106,3914.0,-0.0,3940.0,ASK
938,1712465012.4342992,74925.81377039,3914.0,-3.308300561342156e-07,3940.0,ASK
939,1712465012.4378912,75150.16826706,3914.0,-2.426732677889609e-07,3940.0,ASK
940,1712465038.7643087,75182.5561194,3913.0,-3.5032353176215334e-08,3940.0,ASK
941,1712465040.6293771,75182.5561194,3913.0,-0.0,3940.0,ASK
942,1712465042.7242384,75214.94397174,3913.0,-3.4949112302900034e-08,3940.0,ASK
943,1712465068.904449,75279.71967642,3914.0,6.989822460583146e-08,3940.0,BID
944,1712465070.6299553,75279.71967642,3914.0,0.0,3940.0,BID
945,1712465100.683903,75279.71967642,3914.0,0.0,3940.0,BID
946,1712465130.6204574,75279.71967642,3914.0,0.0,3940.0,BID
947,1712465151.2742257,75305.26898658,3914.0,-2.7563371341645094e-08,3940.0,ASK
948,1712465151.284047,75476.44251551,3913.0,-1.846671989267233e-07,3940.0,ASK
949,1712465160.9239578,75476.44251551,3913.0,-0.0,3940.0,ASK
950,1712465190.931036,75476.44251551,3913.0,-0.0,3940.0,ASK
951,1712465220.6139705,75476.44251551,3913.0,-0.0,3940.0,ASK
952,1712465234.7344594,75486.69824295,3913.0,-1.1055009043698046e-08,3940.0,ASK
953,1712465234.7429304,75489.25317397,3914.0,-2.754049939154993e-09,3940.0,ASK
954,1712465250.6639736,75489.25317397,3914.0,-0.0,3940.0,ASK
955,1712465280.924817,75489.25317397,3914.0,-0.0,3940.0,ASK
956,1712465287.9340644,75491.72475083,3914.0,-2.664055601444207e-09,3940.0,ASK
957,1712465310.92707,75491.72475083,3914.0,-0.0,3940.0,ASK
958,1712465317.834165,75796.20138611,3914.0,-3.281849094257252e-07,3940.0,ASK
959,1712465317.841655,76366.40138611,3914.0,-6.145989993040498e-07,3940.0,ASK
960,1712465317.9140425,76513.69715758,3914.0,1.587650539235039e-07,3940.0,BID
961,1712465340.6637907,76513.69715758,3914.0,0.0,3940.0,BID
962,1712465346.7341545,76521.27331305,3913.0,-8.131021221343634e-09,3940.0,ASK
963,1712465346.745186,76564.79577792,3913.0,-4.6709981977587575e-08,3940.0,ASK
964,1712465370.6612425,76564.79577792,3913.0,-0.0,3940.0,ASK
965,1712465394.8042786,76567.35005633,3914.0,-2.740761609211986e-09,3940.0,ASK
966,1712465400.7125046,76567.35005633,3914.0,-0.0,3940.0,ASK
967,1712465407.95609,76594.64944988,3922.0,2.9420911947866453e-08,3940.0,BID
968,1712465407.962456,76597.05005633,3922.0,2.587164834176574e-09,3940.0,BID
969,1712465430.6751628,76597.05005633,3922.0,0.0,3940.0,BID
970,1712465439.6365182,76648.04444695,3922.0,5.495042063105712e-08,3940.0,BID
971,1712465460.9240415,76648.04444695,3922.0,0.0,3940.0,BID
972,1712465490.9568558,76648.04444695,3922.0,0.0,3940.0,BID
973,1712465520.8390903,76648.04444695,3922.0,0.0,3940.0,BID
974,1712465550.6358576,76648.04444695,3922.0,0.0,3940.0,BID
975,1712465580.9480293,76648.04444695,3922.0,0.0,3940.0,BID
976,1712465610.9374242,76648.04444695,3922.0,0.0,3940.0,BID
977,1712465640.624582,76648.04444695,3922.0,0.0,3940.0,BID
978,1712465670.6158175,76648.04444695,3922.0,0.0,3940.0,BID
979,1712465700.94123,76648.04444695,3922.0,0.0,3940.0,BID
980,1712465701.4043472,76673.44480133,3922.0,2.745397756586356e-08,3940.0,BID
981,1712465730.925985,76673.44480133,3922.0,0.0,3940.0,BID
982,1712465760.6029596,76673.44480133,3922.0,0.0,3940.0,BID
983,1712465790.5766828,76673.44480133,3922.0,0.0,3940.0,BID
984,1712465820.9413688,76673.44480133,3922.0,0.0,3940.0,BID
985,1712465836.934335,76693.84255758,3914.0,-2.2044544848705497e-08,3940.0,ASK
986,1712465846.0447447,76696.39227711,3922.0,2.755568104733721e-09,3940.0,BID
987,1712465850.958051,76696.39227711,3922.0,0.0,3940.0,BID
988,1712465879.725135,76709.39876663,3914.0,-1.4055188373336724e-08,3940.0,ASK
989,1712465879.7345278,77022.97185174,3914.0,-3.388561358739953e-07,3940.0,ASK
990,1712465880.6344614,77022.97185174,3914.0,-0.0,3940.0,ASK
991,1712465910.5886765,77022.97185174,3914.0,-0.0,3940.0,ASK
992,1712465940.9252045,77022.97185174,3914.0,-0.0,3940.0,ASK
993,1712465970.944191,77022.97185174,3914.0,-0.0,3940.0,ASK
994,1712466000.8007317,77022.97185174,3914.0,-0.0,3940.0,ASK
995,1712466030.578116,77022.97185174,3914.0,-0.0,3940.0,ASK
996,1712466045.404404,77025.52678276,3914.0,2.7613437883729887e-09,3940.0,BID
997,1712466060.893319,77025.52678276,3914.0,0.0,3940.0,BID
998,1712466090.9342031,77025.52678276,3914.0,0.0,3940.0,BID
999,1712466120.637704,77025.52678276,3914.0,0.0,3940.0,BID
1000,1712466150.6058116,77025.52678276,3914.0,0.0,3940.0,BID
1201,1712466171.1038542,77089.26977103,3922.0,6.889203700132351e-08,3940.0,BID
1202,1712466180.9194665,77089.26977103,3922.0,0.0,3940.0,BID
1203,1712466210.9455888,77089.26977103,3922.0,0.0,3940.0,BID
1204,1712466240.6370816,77089.26977103,3922.0,0.0,3940.0,BID
1205,1712466270.6245856,77089.26977103,3922.0,0.0,3940.0,BID
1206,1712466300.9167216,77089.26977103,3922.0,0.0,3940.0,BID
1207,1712466330.944555,77089.26977103,3922.0,0.0,3940.0,BID
1208,1712466355.784593,77410.45285851,3918.0,-3.5237877622112165e-07,3940.0,ASK
1209,1712466360.6463091,77410.45285851,3918.0,-0.0,3940.0,ASK
1210,1712466390.6243863,77410.45285851,3918.0,-0.0,3940.0,ASK
1211,1712466394.1845927,77522.69712164,3922.0,1.2297647646423158e-07,3940.0,BID
1212,1712466420.8942814,77522.69712164,3922.0,0.0,3940.0,BID
1213,1712466450.9161408,77522.69712164,3922.0,0.0,3940.0,BID
1214,1712466480.6568391,77522.69712164,3922.0,0.0,3940.0,BID
1215,1712466506.8753338,77524.02514464,3921.0,1.4543002312377902e-09,3940.0,BID
1216,1712466506.885108,77597.49144664,3921.0,8.04519650533395e-08,3940.0,BID
1217,1712466510.602176,77597.49144664,3921.0,0.0,3940.0,BID
1218,1712466522.7544253,77597.49144724,3921.0,6.568460318983516e-16,3940.0,BID
1219,1712466528.3144624,77851.94957635,3922.0,2.785642328581366e-07,3940.0,BID
1220,1712466539.5448327,78221.30019937,3922.0,4.043410729973654e-07,3940.0,BID
1221,1712466539.5471966,78223.84991891,3922.0,2.7912673497454393e-09,3940.0,BID
1222,1712466540.946185,78223.84991891,3922.0,0.0,3940.0,BID
1223,1712466570.9416208,78223.84991891,3922.0,0.0,3940.0,BID
1224,1712466585.9346106,78226.25052536,3926.0,2.6209794185227316e-09,3940.0,BID
1225,1712466585.9377642,78926.25052536,3925.0,7.642592116532271e-07,3940.0,BID
1226,1712466600.6160195,78926.25052536,3925.0,0.0,3940.0,BID
1227,1712466630.6243856,78926.25052536,3925.0,0.0,3940.0,BID
1228,1712466660.9489255,78926.25052536,3925.0,0.0,3940.0,BID
1229,1712466675.7144842,78928.65113181,3930.0,2.621465827080505e-09,3940.0,BID
1230,1712466675.717163,79183.16882079,3929.0,2.779336963161368e-07,3940.0,BID
1231,1712466690.9163132,79183.16882079,3929.0,0.0,3940.0,BID
1232,1712466720.628467,79183.16882079,3929.0,0.0,3940.0,BID
1233,1712466750.6163588,79183.16882079,3929.0,0.0,3940.0,BID
1234,1712466780.9261007,79183.16882079,3929.0,0.0,3940.0,BID
1235,1712466810.94476,79183.16882079,3929.0,0.0,3940.0,BID
1236,1712466840.6275046,79183.16882079,3929.0,0.0,3940.0,BID
1237,1712466857.47479,79219.96212479,3930.0,4.013410291760924e-08,3940.0,BID
1238,1712466870.6364324,79219.96212479,3930.0,0.0,3940.0,BID
1239,1712466900.6077328,79219.96212479,3930.0,0.0,3940.0,BID
1240,1712466902.4045124,79219.9621252,3930.0,4.510747429004852e-16,3940.0,BID
1241,1712466930.588356,79219.9621252,3930.0,0.0,3940.0,BID
1242,1712466960.6552246,79219.9621252,3930.0,0.0,3940.0,BID
1243,1712466981.785247,79221.2621252,3933.0,1.430236251669881e-09,3940.0,BID
1244,1712466981.788155,79221.5811621,3933.0,3.509985692426e-10,3940.0,BID
1245,1712466990.6345615,79221.5811621,3933.0,0.0,3940.0,BID
1246,1712467018.3646646,79348.68046232,3930.0,-1.3983134865809544e-07,3940.0,ASK
1247,1712467020.8944175,79348.68046232,3930.0,-0.0,3940.0,ASK
1248,1712467050.9344285,79348.68046232,3930.0,-0.0,3940.0,ASK
1249,1712467080.6447058,79348.68046232,3930.0,-0.0,3940.0,ASK
1250,1712467110.639483,79348.68046232,3930.0,-0.0,3940.0,ASK
1251,1712467140.9375677,79348.68046232,3930.0,-0.0,3940.0,ASK
1252,1712467170.948552,79348.68046232,3930.0,-0.0,3940.0,ASK
1253,1712467200.6945202,79348.68046232,3930.0,-0.0,3940.0,ASK
1254,1712467226.9849308,79349.96084093,3931.0,1.4177488495859023e-09,3940.0,BID
1255,1712467226.9879506,79352.49725621,3932.0,2.808544142504193e-09,3940.0,BID
1256,1712467230.6180046,79352.49725621,3932.0,0.0,3940.0,BID
1257,1712467256.054625,79353.76938235,3932.0,1.4085875766685201e-09,3940.0,BID
1258,1712467260.934319,79353.76938235,3932.0,0.0,3940.0,BID
1259,1712467277.875209,79379.21467497,3930.0,-2.8174662425737494e-08,3940.0,ASK
1260,1712467277.8782284,79557.33172331,3930.0,-1.9722263698013025e-07,3940.0,ASK
1261,1712467290.9254234,79557.33172331,3930.0,-0.0,3940.0,ASK
1262,1712467308.0646558,79793.93363331,3929.0,2.6174897226970535e-07,3940.0,BID
1263,1712467320.6343734,79793.93363331,3929.0,0.0,3940.0,BID
1264,1712467350.626081,79793.93363331,3929.0,0.0,3940.0,BID
1265,1712467380.9374664,79793.93363331,3929.0,0.0,3940.0,BID
1266,1712467383.6142976,79812.36870367,3929.0,2.0373476110898973e-08,3940.0,BID
1267,1712467410.93412,79812.36870367,3929.0,0.0,3940.0,BID
1268,1712467417.9646308,79981.6689294,3928.0,-1.870867838878537e-07,3940.0,ASK
1269,1712467440.635938,79981.6689294,3928.0,-0.0,3940.0,ASK
1270,1712467470.6261847,79981.6689294,3928.0,-0.0,3940.0,ASK
1271,1712467500.6633294,79981.6689294,3928.0,-0.0,3940.0,ASK
1272,1712467530.644415,79981.6689294,3928.0,-0.0,3940.0,ASK
1273,1712467560.8940136,79981.6689294,3928.0,-0.0,3940.0,ASK
1274,1712467590.946329,79981.6689294,3928.0,-0.0,3940.0,ASK
1275,1712467620.6443963,79981.6689294,3928.0,-0.0,3940.0,ASK
1276,1712467645.5243485,79983.54062254,3933.0,2.0838589687215754e-09,3940.0,BID
1277,1712467645.5280793,79984.21151775,3933.0,7.4694455547129e-10,3940.0,BID
1278,1712467650.6342206,79984.21151775,3933.0,0.0,3940.0,BID
1279,1712467680.9339745,79984.21151775,3933.0,0.0,3940.0,BID
1280,1712467684.164471,79985.17817365,3933.0,1.0762192246969568e-09,3940.0,BID
1281,1712467684.171788,80012.17998965,3933.0,3.0062272915141664e-08,3940.0,BID
1282,1712467710.9039478,80012.17998965,3933.0,0.0,3940.0,BID
1283,1712467719.8643365,80040.45393179,3930.0,-3.1474730543540965e-08,3940.0,ASK
1284,1712467723.534407,80043.12636752,3929.0,-2.974972293572884e-09,3940.0,ASK
1285,1712467727.8340278,80057.1006648,3928.0,-1.5556275783739038e-08,3940.0,ASK
1286,1712467740.676161,80057.1006648,3928.0,-0.0,3940.0,ASK
1287,1712467749.2340305,80064.08781344,3928.0,-7.776609870388192e-09,3940.0,ASK
1288,1712467768.5643644,80089.5342881,3928.0,-2.83216110324106e-08,3940.0,ASK
1289,1712467768.5681124,80094.03109065,3928.0,-5.004885525884183e-09,3940.0,ASK
1290,1712467770.6539028,80094.03109065,3928.0,-0.0,3940.0,ASK
1291,1712467772.1342354,80109.00272925,3928.0,-1.6660558376426392e-08,3940.0,ASK
1292,1712467775.8143654,80116.48854855,3928.0,-8.330279188205098e-09,3940.0,ASK
1293,1712467800.7472603,80116.48854855,3928.0,-0.0,3940.0,ASK
1294,1712467830.633983,80116.48854855,3928.0,-0.0,3940.0,ASK
1295,1712467860.914121,80116.48854855,3928.0,-0.0,3940.0,ASK
1296,1712467890.9163532,80116.48854855,3928.0,-0.0,3940.0,ASK
1297,1712467920.6601672,80116.48854855,3928.0,-0.0,3940.0,ASK
1298,1712467950.6473691,80116.48854855,3928.0,-0.0,3940.0,ASK
1299,1712467980.6875927,80116.48854855,3928.0,-0.0,3940.0,ASK
1300,1712467998.1305542,80119.07922212,3928.0,-2.886685380283337e-09,3940.0,ASK
1301,1712468010.391627,80376.4066672,3929.0,-2.867298228000596e-07,3940.0,ASK
1302,1712468010.6940544,80376.4066672,3929.0,-0.0,3940.0,ASK
1303,1712468014.6141236,80509.12960921,3929.0,-1.4771984908423304e-07,3940.0,ASK
1304,1712468031.914086,80510.75940979,3935.0,1.813958401386781e-09,3940.0,BID
1305,1712468031.9167066,80511.12960921,3935.0,4.120297638411111e-10,3940.0,BID
1306,1712468040.92712,80511.12960921,3935.0,0.0,3940.0,BID
1307,1712468070.9442985,80511.12960921,3935.0,0.0,3940.0,BID
1308,1712468084.2544663,80522.36625975,3929.0,-1.2498961789200753e-08,3940.0,ASK
1309,1712468084.2581463,80548.6664274,3928.0,-2.9254695546234463e-08,3940.0,ASK
1310,1712468100.6273026,80548.6664274,3928.0,-0.0,3940.0,ASK
1311,1712468130.6093132,80548.6664274,3928.0,-0.0,3940.0,ASK
1312,1712468130.7544255,80572.33440595,3928.0,-2.6323077688803654e-08,3940.0,ASK
1313,1712468130.7583904,80636.48124912,3928.0,-7.134290462065893e-08,3940.0,ASK
1314,1712468160.93379,80636.48124912,3928.0,-0.0,3940.0,ASK
1315,1712468169.2541375,80950.11361012,3928.0,3.486822089374172e-07,3940.0,BID
1316,1712468190.9162614,80950.11361012,3928.0,0.0,3940.0,BID
1317,1712468220.6373858,80950.11361012,3928.0,0.0,3940.0,BID
1318,1712468235.284206,80950.1136103,3928.0,1.998500972328265e-16,3940.0,BID
1319,1712468250.6240735,80950.1136103,3928.0,0.0,3940.0,BID
1320,1712468280.953766,80950.1136103,3928.0,0.0,3940.0,BID
1321,1712468310.947686,80950.1136103,3928.0,0.0,3940.0,BID
1322,1712468326.4739614,80953.4231826,3928.0,-3.6743995664936604e-09,3940.0,ASK
1323,1712468340.64388,80953.4231826,3928.0,-0.0,3940.0,ASK
1324,1712468342.87386,80958.36876467,3928.0,5.490673927853655e-09,3940.0,BID
1325,1712468370.6261232,80958.36876467,3928.0,0.0,3940.0,BID
1326,1712468399.4113824,80959.6394127,3935.0,1.4106658114118987e-09,3940.0,BID
1327,1712468400.6892157,80959.6394127,3935.0,0.0,3940.0,BID
1328,1712468430.6080122,80959.6394127,3935.0,0.0,3940.0,BID
1329,1712468460.9537678,80959.6394127,3935.0,0.0,3940.0,BID
1330,1712468490.9671426,80959.6394127,3935.0,0.0,3940.0,BID
1331,1712468520.5848858,80959.6394127,3935.0,0.0,3940.0,BID
1332,1712468550.6135962,80959.6394127,3935.0,0.0,3940.0,BID
1333,1712468580.9538405,80959.6394127,3935.0,0.0,3940.0,BID
1334,1712468610.9540272,80959.6394127,3935.0,0.0,3940.0,BID
1335,1712468640.6073592,80959.6394127,3935.0,0.0,3940.0,BID
1336,1712468670.6851575,80959.6394127,3935.0,0.0,3940.0,BID
1337,1712468700.676265,80959.6394127,3935.0,0.0,3940.0,BID
1338,1712468730.6364768,80959.6394127,3935.0,0.0,3940.0,BID
1339,1712468760.9339075,80959.6394127,3935.0,0.0,3940.0,BID
1340,1712468790.9338844,80959.6394127,3935.0,0.0,3940.0,BID
1341,1712468811.5267093,81005.35574509,3928.0,-5.0899390545420896e-08,3940.0,ASK
1342,1712468811.5295882,81737.33220973,3923.0,-8.149637995001467e-07,3940.0,ASK
1343,1712468820.703946,81737.33220973,3923.0,-0.0,3940.0,ASK
1344,1712468850.6288056,81737.33220973,3923.0,-0.0,3940.0,ASK
1345,1712468880.9579494,81737.33220973,3923.0,-0.0,3940.0,ASK
1346,1712468910.9273825,81737.33220973,3923.0,-0.0,3940.0,ASK
1347,1712468940.6494334,81737.33220973,3923.0,-0.0,3940.0,ASK
1348,1712468970.644166,81737.33220973,3923.0,-0.0,3940.0,ASK
1349,1712468977.194144,82037.33220973,3926.0,-3.32881486056886e-07,3940.0,ASK
1350,1712469000.7277813,82037.33220973,3926.0,-0.0,3940.0,ASK
1351,1712469030.616191,82037.33220973,3926.0,-0.0,3940.0,ASK
1352,1712469034.6338644,82042.93636886,3926.0,6.2214308749867605e-09,3940.0,BID
1353,1712469060.925166,82042.93636886,3926.0,0.0,3940.0,BID
1354,1712469090.9189727,82042.93636886,3926.0,0.0,3940.0,BID
1355,1712469101.0741732,82286.37167537,3926.0,-2.702419587295462e-07,3940.0,ASK
1356,1712469120.6239026,82286.37167537,3926.0,-0.0,3940.0,ASK
1357,1712469127.8242142,82406.65072237,3930.0,1.333824416514861e-07,3940.0,BID
1358,1712469150.6089044,82406.65072237,3930.0,0.0,3940.0,BID
1359,1712469157.1739943,82589.22720225,3927.0,-2.0236058200871537e-07,3940.0,ASK
1360,1712469180.9718046,82589.22720225,3927.0,-0.0,3940.0,ASK
1361,1712469210.9567049,82589.22720225,3927.0,-0.0,3940.0,ASK
1362,1712469240.625261,82589.22720225,3927.0,-0.0,3940.0,ASK
1363,1712469270.6938212,82589.22720225,3927.0,-0.0,3940.0,ASK
1364,1712469298.7803233,82589.22720264,3930.0,4.31923925368514e-16,3940.0,BID
1365,1712469298.7889495,82591.57595669,3934.0,2.601199420135491e-09,3940.0,BID
1366,1712469300.6741245,82591.57595669,3934.0,0.0,3940.0,BID
1367,1712469330.6359937,82591.57595669,3934.0,0.0,3940.0,BID
1368,1712469360.9138222,82591.57595669,3934.0,0.0,3940.0,BID
1369,1712469390.9875154,82591.57595669,3934.0,0.0,3940.0,BID
1370,1712469420.6740324,82591.57595669,3934.0,0.0,3940.0,BID
1371,1712469447.0639212,82710.22392571,3929.0,-1.3257270626723336e-07,3940.0,ASK
1372,1712469450.6440964,82710.22392571,3929.0,-0.0,3940.0,ASK
1373,1712469480.9439936,82710.22392571,3929.0,-0.0,3940.0,ASK
1374,1712469510.9061203,82710.22392571,3929.0,-0.0,3940.0,ASK
1375,1712469540.6938848,82710.22392571,3929.0,-0.0,3940.0,ASK
1376,1712469570.59024,82710.22392571,3929.0,-0.0,3940.0,ASK
1377,1712469600.845719,82710.22392571,3929.0,-0.0,3940.0,ASK
1378,1712469630.637419,82710.22392571,3929.0,-0.0,3940.0,ASK
1379,1712469656.0335066,82770.74579753,3932.0,6.765873608198537e-08,3940.0,BID
1380,1712469660.9264455,82770.74579753,3932.0,0.0,3940.0,BID
1381,1712469690.929868,82770.74579753,3932.0,0.0,3940.0,BID
1382,1712469692.7435513,82796.29143623,3929.0,-2.8550437843016745e-08,3940.0,ASK
1383,1712469692.7453346,82804.07507074,3929.0,-8.699182505478241e-09,3940.0,ASK
1384,1712469692.9437764,82842.42521428,3929.0,-4.286106925208192e-08,3940.0,ASK
1385,1712469693.7968752,82878.23160849,3929.0,-4.001811206525245e-08,3940.0,ASK
1386,1712469693.799774,82925.7689383,3929.0,-5.3128895930223264e-08,3940.0,ASK
1387,1712469698.663689,82963.65605342,3929.0,-4.2343577233977234e-08,3940.0,ASK
1388,1712469720.653544,82963.65605342,3929.0,-0.0,3940.0,ASK
1389,1712469750.592138,82963.65605342,3929.0,-0.0,3940.0,ASK
1390,1712469780.937085,82963.65605342,3929.0,-0.0,3940.0,ASK
1391,1712469786.783751,83014.61123248,3929.0,-5.6900568489881534e-08,3940.0,ASK
1392,1712469786.7868512,83462.02253463,3929.0,-4.996147184793811e-07,3940.0,ASK
1393,1712469797.1540062,83487.46782725,3930.0,2.8414218970056865e-08,3940.0,BID
1394,1712469798.683972,83507.86608134,3929.0,-2.2778298012756243e-08,3940.0,ASK
1395,1712469798.688207,83558.71874102,3929.0,-5.678608727105839e-08,3940.0,ASK
1396,1712469799.143755,83558.71874103,3929.0,-1.1163623121981202e-17,3940.0,ASK
1397,1712469804.0236485,83573.33944647,3927.0,-1.6326631887199702e-08,3940.0,ASK
1398,1712469804.3236628,83882.91619407,3927.0,-3.456977927394547e-07,3940.0,ASK
1399,1712469804.343696,83996.58705078,3927.0,-1.269338364980264e-07,3940.0,ASK
1400,1712469804.9035676,84571.74496662,3927.0,-6.422666544692067e-07,3940.0,ASK
1401,1712469805.0635252,84635.34561661,3926.0,-7.102149786373662e-08,3940.0,ASK
1402,1712469805.0735693,84755.0346733,3927.0,-1.336542328633334e-07,3940.0,ASK
1403,1712469810.9068377,84755.0346733,3927.0,-0.0,3940.0,ASK
1404,1712469840.5766616,84755.0346733,3927.0,-0.0,3940.0,ASK
1405,1712469870.6334846,84755.0346733,3927.0,-0.0,3940.0,ASK
1406,1712469900.927134,84755.0346733,3927.0,-0.0,3940.0,ASK
1407,1712469930.9335012,84755.0346733,3927.0,-0.0,3940.0,ASK
1408,1712469953.3456006,84756.33337459,3927.0,-1.4389914616441231e-09,3940.0,ASK
1409,1712469960.6385374,84756.33337459,3927.0,-0.0,3940.0,ASK
1410,1712469961.6738086,84756.3333746,3926.0,-1.1077031331263718e-17,3940.0,ASK
1411,1712469987.835333,84757.86281635,3923.0,-1.694647721922168e-09,3940.0,ASK
1412,1712469990.6333768,84757.86281635,3923.0,-0.0,3940.0,ASK
1413,1712470020.9334972,84757.86281635,3923.0,-0.0,3940.0,ASK
1414,1712470050.9737656,84757.86281635,3923.0,-0.0,3940.0,ASK
1415,1712470080.6436768,84757.86281635,3923.0,-0.0,3940.0,ASK
1416,1712470103.0336363,84761.42359135,3921.0,-3.945373614874145e-09,3940.0,ASK
1417,1712470110.657119,84761.42359135,3921.0,-0.0,3940.0,ASK
1418,1712470140.94513,84764.6281055,3921.0,-3.550578173012279e-09,3940.0,ASK
1419,1712470140.9482594,84767.51201235,3921.0,-3.1953476362701342e-09,3940.0,ASK
1420,1712470140.966835,84767.51201235,3921.0,-0.0,3940.0,ASK
1421,1712470165.2539754,84767.51201297,3921.0,-6.869446702191528e-16,3940.0,ASK
1422,1712470170.9732978,84767.51201297,3921.0,-0.0,3940.0,ASK
1423,1712470184.4841838,84868.40201297,3920.0,-1.1178242323745969e-07,3940.0,ASK
1424,1712470193.7437527,85022.61405297,3920.0,-1.7086128975709809e-07,3940.0,ASK
1425,1712470193.8236532,85022.61405378,3920.0,-8.974378064149887e-16,3940.0,ASK
1426,1712470200.642054,85022.61405378,3920.0,-0.0,3940.0,ASK
1427,1712470230.6283703,85022.61405378,3920.0,-0.0,3940.0,ASK
1428,1712470260.943863,85022.61405378,3920.0,-0.0,3940.0,ASK
1429,1712470290.953859,85022.61405378,3920.0,-0.0,3940.0,ASK
1430,1712470315.883978,85277.85219092,3920.0,2.825127912000205e-07,3940.0,BID
1431,1712470320.6762872,85277.85219092,3920.0,0.0,3940.0,BID
1432,1712470323.9538274,85532.95423174,3921.0,-2.820497955909477e-07,3940.0,ASK
1433,1712470324.0737302,85632.95423174,3924.0,1.1056351987006009e-07,3940.0,BID
1434,1712470324.7136853,85864.12111623,3921.0,-2.555862442660975e-07,3940.0,ASK
1435,1712470330.1016743,85920.11309678,3921.0,-6.190670454103479e-08,3940.0,ASK
1436,1712470330.1049397,86148.68364481,3915.0,-2.5271564328824857e-07,3940.0,ASK
1437,1712470330.107541,86248.68364481,3920.0,-1.1056351987006009e-07,3940.0,ASK
1438,1712470330.109362,86542.46843293,3916.0,-3.248188025882858e-07,3940.0,ASK
1439,1712470330.111225,86641.81391325,3920.0,-1.09839859873594e-07,3940.0,ASK
1440,1712470350.634344,86641.81391325,3920.0,-0.0,3940.0,ASK
1441,1712470380.96865,86641.81391325,3920.0,-0.0,3940.0,ASK
1442,1712470410.9463806,86641.81391325,3920.0,-0.0,3940.0,ASK
1443,1712470440.6396463,86641.81391325,3920.0,-0.0,3940.0,ASK
1444,1712470470.633616,86641.81391325,3920.0,-0.0,3940.0,ASK
1445,1712470500.7646902,86641.81391325,3920.0,-0.0,3940.0,ASK
1446,1712470530.6379788,86641.81391325,3920.0,-0.0,3940.0,ASK
1447,1712470545.7637813,86642.06940634,3914.0,-2.809460019085068e-10,3940.0,ASK
1448,1712470545.7679472,86649.65862048,3913.0,-8.34527215665345e-09,3940.0,ASK
1449,1712470560.9426336,86649.65862048,3913.0,-0.0,3940.0,ASK
1450,1712470590.965148,86649.65862048,3913.0,-0.0,3940.0,ASK
1451,1712470610.9244523,86656.09468222,3911.0,-7.077000717227096e-09,3940.0,ASK
1452,1712470610.9280071,86725.13073438,3911.0,-7.59110478405901e-08,3940.0,ASK
1453,1712470611.0639875,86725.1307349,3911.0,-5.717824579212675e-16,3940.0,ASK
1454,1712470611.0672407,86776.6745499,3911.0,-5.6676835999882454e-08,3940.0,ASK
1455,1712470620.703611,86776.6745499,3911.0,-0.0,3940.0,ASK
1456,1712470650.6389809,86776.6745499,3911.0,-0.0,3940.0,ASK
1457,1712470680.953617,86776.6745499,3911.0,-0.0,3940.0,ASK
1458,1712470690.5937192,86784.3491499,3909.0,-8.434272487791478e-09,3940.0,ASK
1459,1712470710.9663465,86784.3491499,3909.0,-0.0,3940.0,ASK
1460,1712470740.644201,86784.3491499,3909.0,-0.0,3940.0,ASK
1461,1712470770.6189785,86784.3491499,3909.0,-0.0,3940.0,ASK
1462,1712470800.7801802,86784.3491499,3909.0,-0.0,3940.0,ASK
1463,1712470830.6282463,86784.3491499,3909.0,-0.0,3940.0,ASK
1464,1712470860.945313,86784.3491499,3909.0,-0.0,3940.0,ASK
1465,1712470890.9567168,86784.3491499,3909.0,-0.0,3940.0,ASK
1466,1712470900.9738154,86786.91522636,3907.0,-2.8217513838499637e-09,3940.0,ASK
1467,1712470900.976584,86863.5631559,3906.0,-8.428486236472494e-08,3940.0,ASK
1468,1712470900.9935975,86863.56315686,3906.0,-1.0556398935154825e-15,3940.0,ASK
1469,1712470901.0740063,86865.56315686,3905.0,-2.1992730363507867e-09,3940.0,ASK
1470,1712470901.0773108,87051.51404505,3905.0,-2.044783872408856e-07,3940.0,ASK
1471,1712470920.6537962,87051.51404505,3905.0,-0.0,3940.0,ASK
1472,1712470950.6338358,87051.51404505,3905.0,-0.0,3940.0,ASK
1473,1712470980.943382,87051.51404505,3905.0,-0.0,3940.0,ASK
1474,1712470994.6538808,87066.87896183,3905.0,1.6876460930672755e-08,3940.0,BID
1475,1712471010.9440727,87066.87896183,3905.0,0.0,3940.0,BID
1476,1712471036.7238083,87548.17633653,3905.0,-5.286108080943923e-07,3940.0,ASK
1477,1712471040.6408372,87548.17633653,3905.0,-0.0,3940.0,ASK
1478,1712471067.9060528,87832.03763455,3905.0,-3.111237555678e-07,3940.0,ASK
1479,1712471067.9082546,87902.6449192,3905.0,-7.738851236143492e-08,3940.0,ASK
1480,1712471070.6313634,87902.6449192,3905.0,-0.0,3940.0,ASK
1481,1712471077.493556,88029.95500863,3905.0,1.3932576136510084e-07,3940.0,BID
1482,1712471086.6440866,88218.53320863,3904.0,-2.063764263264225e-07,3940.0,ASK
1483,1712471086.9144375,88220.53320863,3901.0,-2.188762288816189e-09,3940.0,ASK
1484,1712471086.9192555,88620.88767368,3903.0,-4.381403776303065e-07,3940.0,ASK
1485,1712471086.923692,88622.18767368,3902.0,-1.4226954877337082e-09,3940.0,ASK
1486,1712471086.926962,88623.48767368,3903.0,-1.4226954877337082e-09,3940.0,ASK
1487,1712471086.9289331,88649.12212638,3901.0,-2.805386168208935e-08,3940.0,ASK
1488,1712471086.930949,88650.40377682,3902.0,-1.4026140752700563e-09,3940.0,ASK
1489,1712471086.99388,88808.85738567,3901.0,1.734086417888426e-07,3940.0,BID
1490,1712471087.037301,88808.98298196,3901.0,1.3745021158706818e-10,3940.0,BID
1491,1712471087.9337325,88841.63705906,3901.0,-3.573600626628815e-08,3940.0,ASK
1492,1712471087.9372816,89404.70688196,3901.0,-6.162129971669622e-07,3940.0,ASK
1493,1712471090.019146,89430.34790761,3900.0,-2.80610549946546e-08,3940.0,ASK
1494,1712471090.0213454,89746.13758196,3900.0,-3.455942652074151e-07,3940.0,ASK
1495,1712471090.0234294,89774.67541016,3900.0,-3.1231261084423824e-08,3940.0,ASK
1496,1712471100.9435418,89774.67541016,3900.0,-0.0,3940.0,ASK
1497,1712471107.1147814,89924.42643905,3900.0,1.637165398138717e-07,3940.0,BID
1498,1712471117.8499446,89925.92643905,3900.0,1.6398872952063731e-09,3940.0,BID
1499,1712471119.13384,90135.9351384,3900.0,2.295937319645876e-07,3940.0,BID
1500,1712471130.966537,90135.9351384,3900.0,0.0,3940.0,BID
1501,1712471147.5851295,90143.62744609,3900.0,8.396744881097812e-09,3940.0,BID
1502,1712471149.3536518,90558.7149935,3900.0,4.530999511959338e-07,3940.0,BID
1503,1712471160.657411,90558.7149935,3900.0,0.0,3940.0,BID
1504,1712471187.463755,91301.27803872,3900.0,8.091083553452171e-07,3940.0,BID
1505,1712471187.4836168,91385.87818012,3900.0,9.21816426372791e-08,3940.0,BID
1506,1712471190.661076,91385.87818012,3900.0,0.0,3940.0,BID
1507,1712471194.8140547,91514.59492207,3900.0,1.3976052084518994e-07,3940.0,BID
1508,1712471220.7164905,91514.59492207,3900.0,0.0,3940.0,BID
1509,1712471221.613695,91632.49184924,3899.0,-1.27942638653118e-07,3940.0,ASK
1510,1712471228.7837822,92249.79101832,3900.0,6.69897735473517e-07,3940.0,BID
1511,1712471250.6266303,92249.79101832,3900.0,0.0,3940.0,BID
1512,1712471265.0552328,92279.49101831,3900.0,3.2130691995745194e-08,3940.0,BID
1513,1712471275.4139864,92984.83958962,3900.0,7.630753435027324e-07,3940.0,BID
1514,1712471275.4188647,93253.43023356,3900.0,2.905725002114717e-07,3940.0,BID
1515,1712471279.634078,93299.72384498,3900.0,5.0082349171985646e-08,3940.0,BID
1516,1712471280.918343,93299.72384498,3900.0,0.0,3940.0,BID
1517,1712471284.6737702,93632.12062621,3900.0,3.580146723550808e-07,3940.0,BID
1518,1712471296.8374195,93727.63375761,3900.0,1.0287434889485005e-07,3940.0,BID
1519,1712471296.853924,94407.03869511,3900.0,7.317668215540842e-07,3940.0,BID
1520,1712471298.6239436,94450.44917267,3900.0,4.675613236360464e-08,3940.0,BID
1521,1712471305.7238398,94477.11583933,3900.0,2.8721872371180812e-08,3940.0,BID
1522,1712471310.9184692,94477.11583933,3900.0,0.0,3940.0,BID
1523,1712471311.5737538,94484.80814702,3900.0,8.244381074372796e-09,3940.0,BID
1524,1712471311.6736038,94528.60814701,3900.0,4.694350584085988e-08,3940.0,BID
1525,1712471311.9336364,94536.3004547,3900.0,8.244381074372796e-09,3940.0,BID
1526,1712471320.363801,94567.30891573,3900.0,3.323392401392375e-08,3940.0,BID
1527,1712471322.933759,95229.72872979,3900.0,7.099613793954961e-07,3940.0,BID
1528,1712471322.9568748,95489.21677935,3900.0,2.7811138750987254e-07,3940.0,BID
1529,1712471323.0513673,95520.471158,3900.0,3.3497491028393464e-08,3940.0,BID
1530,1712471326.308813,95648.12868799,3900.0,1.36819452193669e-07,3940.0,BID
1531,1712471326.3126369,95686.42594698,3903.0,4.1045835650600434e-08,3940.0,BID
1532,1712471340.612815,95686.42594698,3903.0,0.0,3940.0,BID
1533,1712471370.608882,95686.42594698,3903.0,0.0,3940.0,BID
1534,1712471400.7762136,95686.42594698,3903.0,0.0,3940.0,BID
1535,1712471410.895067,95688.98807867,3903.0,2.74834336930742e-09,3940.0,BID
1536,1712471430.6007426,95688.98807867,3903.0,0.0,3940.0,BID
1537,1712471460.9362864,95688.98807867,3903.0,0.0,3940.0,BID
1538,1712471490.9563334,95688.98807867,3903.0,0.0,3940.0,BID
1539,1712471520.6436176,95688.98807867,3903.0,0.0,3940.0,BID
1540,1712471550.6404595,95688.98807867,3903.0,0.0,3940.0,BID
1541,1712471580.9394543,95688.98807867,3903.0,0.0,3940.0,BID
1542,1712471610.0935855,95707.16715944,3901.0,-1.9500098437494904e-08,3940.0,ASK
1543,1712471610.945905,95707.16715944,3901.0,-0.0,3940.0,ASK
1544,1712471640.656484,95707.16715944,3901.0,-0.0,3940.0,ASK
1545,1712471670.6492946,95707.16715944,3901.0,-0.0,3940.0,ASK
1546,1712471700.9368043,95707.16715944,3901.0,-0.0,3940.0,ASK
1547,1712471730.9434752,95707.16715944,3901.0,-0.0,3940.0,ASK
1548,1712471738.8536313,95963.4459908,3902.0,2.7561239881111524e-07,3940.0,BID
1549,1712471760.598217,95963.4459908,3902.0,0.0,3940.0,BID
1550,1712471771.4290378,95996.36715944,3902.0,3.536669304026662e-08,3940.0,BID
1551,1712471771.432974,96147.0217212,3902.0,1.6184582324969954e-07,3940.0,BID
1552,1712471774.333973,96189.32352073,3902.0,4.544415708289984e-08,3940.0,BID
1553,1712471787.4042616,96250.63969453,3903.0,6.587099993022327e-08,3940.0,BID
1554,1712471787.40808,96318.48333324,3902.0,7.288335269109235e-08,3940.0,BID
1555,1712471790.67256,96318.48333324,3902.0,0.0,3940.0,BID
1556,1712471820.9460442,96318.48333324,3902.0,0.0,3940.0,BID
1557,1712471823.864396,96418.48333324,3903.0,1.0726877372338333e-07,3940.0,BID
1558,1712471828.3338394,96518.48333324,3903.0,1.0726877372338333e-07,3940.0,BID
1559,1712471837.0143986,96519.36359772,3903.0,9.442489132202787e-10,3940.0,BID
1560,1712471837.019368,96618.48333324,3903.0,1.0632452481016305e-07,3940.0,BID
1561,1712471837.6138785,97260.60021174,3903.0,6.887909014378221e-07,3940.0,BID
1562,1712471837.6338603,97301.83861601,3903.0,4.423593056351991e-08,3940.0,BID
1563,1712471837.637066,97554.66489307,3903.0,2.712036470527431e-07,3940.0,BID
1564,1712471841.6140816,97593.83525644,3903.0,4.201756844998637e-08,3940.0,BID
1565,1712471841.619288,97672.83525644,3903.0,8.474233124147284e-08,3940.0,BID
1566,1712471845.5038834,97925.2398271,3903.0,2.707512877687535e-07,3940.0,BID
1567,1712471845.5638566,98464.62670719,3903.0,5.785936918973532e-07,3940.0,BID
1568,1712471845.7038856,98489.06359269,3909.0,2.6213147412044364e-08,3940.0,BID
1569,1712471845.7841976,98608.61356418,3911.0,-1.282397884039849e-07,3940.0,ASK
1570,1712471845.8038156,98608.61356419,3911.0,-1.072383711987122e-17,3940.0,ASK
1571,1712471851.1425462,98608.61356419,3911.0,-0.0,3940.0,ASK
1572,1712471880.6477458,98608.61356419,3911.0,-0.0,3940.0,ASK
1573,1712471910.6266809,98608.61356419,3911.0,-0.0,3940.0,ASK
1574,1712471940.9369876,98608.61356419,3911.0,-0.0,3940.0,ASK
1575,1712471948.5342944,98634.22175819,3905.0,-2.7208684203430018e-08,3940.0,ASK
1576,1712471970.9503777,98634.22175819,3905.0,-0.0,3940.0,ASK
1577,1712471996.0743167,98734.22175819,3912.0,1.0623862655156325e-07,3940.0,BID
1578,1712472000.7249498,98734.22175819,3912.0,0.0,3940.0,BID
1579,1712472001.0542564,98817.2861488,3912.0,8.879070021926517e-08,3940.0,BID
1580,1712472001.0593271,98834.22175819,3912.0,1.8103119824692888e-08,3940.0,BID
1581,1712472030.654137,98834.22175819,3912.0,0.0,3940.0,BID
1582,1712472060.9438307,98834.22175819,3912.0,0.0,3940.0,BID
1583,1712472090.9551215,98834.22175819,3912.0,0.0,3940.0,BID
1584,1712472120.63358,98834.22175819,3912.0,0.0,3940.0,BID
1585,1712472127.4290495,98834.22175881,3905.0,-6.6246348723055685e-16,3940.0,ASK
1586,1712472127.4331248,98864.52175818,3905.0,-3.237528847004847e-08,3940.0,ASK
1587,1712472150.660018,98864.52175818,3905.0,-0.0,3940.0,ASK
1588,1712472180.9237435,98864.52175818,3905.0,-0.0,3940.0,ASK
1589,1712472211.0536914,98864.52175818,3905.0,-0.0,3940.0,ASK
1590,1712472227.2639842,98871.93674156,3911.0,7.921844381771297e-09,3940.0,BID
1591,1712472233.044039,99365.05160988,3911.0,5.268223877214775e-07,3940.0,BID
1592,1712472240.6567602,99365.05160988,3911.0,0.0,3940.0,BID
1593,1712472270.641023,99365.05160988,3911.0,0.0,3940.0,BID
1594,1712472300.643093,99365.05160988,3911.0,0.0,3940.0,BID
1595,1712472330.6037035,99365.05160988,3911.0,0.0,3940.0,BID
1596,1712472360.9427917,99365.05160988,3911.0,0.0,3940.0,BID
1597,1712472381.1537132,99404.88015648,3905.0,-4.2837682605904274e-08,3940.0,ASK
1598,1712472390.897194,99504.88015648,3908.0,1.075552242368553e-07,3940.0,BID
1599,1712472390.9322684,99504.88015648,3908.0,0.0,3940.0,BID
1600,1712472417.5738986,99623.84015648,3905.0,-1.2787255594742077e-07,3940.0,ASK
1601,1712472420.6195374,99623.84015648,3905.0,-0.0,3940.0,ASK
1602,1712472428.6937857,99811.40015648,3905.0,-2.0151148668277857e-07,3940.0,ASK
1603,1712472445.7541258,99951.37015648,3905.0,-1.5038154612384892e-07,3940.0,ASK
1604,1712472450.5948265,99951.37015648,3905.0,-0.0,3940.0,ASK
1605,1712472450.6925323,100141.61231454,3905.0,-2.0411267486692602e-07,3940.0,ASK
1606,1712472480.9167824,100141.61231454,3905.0,-0.0,3940.0,ASK
1607,1712472482.3438516,101422.02204554,3906.0,-1.3726700420458988e-06,3940.0,ASK
1608,1712472488.1038542,101440.99648875,3905.0,-2.0341652463484292e-08,3940.0,ASK
1609,1712472491.7738583,101443.55730821,3905.0,2.7453400819544726e-09,3940.0,BID
1610,1712472502.9440415,101446.12009652,3902.0,-2.747450798025614e-09,3940.0,ASK
1611,1712472502.9502816,101474.78978789,3902.0,-3.073549466666836e-08,3940.0,ASK
1612,1712472510.9388857,101474.78978789,3902.0,-0.0,3940.0,ASK
1613,1712472514.9639173,101760.15919726,3901.0,-3.042334194363293e-07,3940.0,ASK
1614,1712472540.6120653,101760.15919726,3901.0,-0.0,3940.0,ASK
1615,1712472546.7939734,102059.45776926,3901.0,-3.187051091561562e-07,3940.0,ASK
