,time,acc_trade_volume,trade_price,dev,high,ask_bid
0,1712451675.1208265,69692.27007254,7331.0,0.0,7357.0,BID
1,1712451690.8897698,69692.27007254,7331.0,0.0,7357.0,BID
2,1712451713.7298489,69711.80818732,7329.0,-3.080192440433609e-09,7357.0,ASK
3,1712451717.6596656,69828.67711113,7329.0,-1.842443755166256e-08,7357.0,ASK
4,1712451717.6609905,69828.67711114,7329.0,-1.5760576059805937e-18,7357.0,ASK
5,1712451720.5899658,69828.67711114,7329.0,-0.0,7357.0,ASK
6,1712451734.8992653,70170.87226646,7328.0,5.3938716510550644e-08,7357.0,BID
7,1712451734.9794295,70173.10600646,7328.0,3.5209460667375976e-10,7357.0,BID
8,1712451735.139313,70499.89600646,7328.0,5.1510469667517314e-08,7357.0,BID
9,1712451750.9415493,70499.89600646,7328.0,0.0,7357.0,BID
10,1712451751.0292008,70523.39058382,7328.0,3.700477817802453e-09,7357.0,BID
11,1712451757.1099112,70578.24252833,7328.0,8.639372431023303e-09,7357.0,BID
12,1712451761.979246,70631.25189271,7328.0,8.349159638766174e-09,7357.0,BID
13,1712451763.3225088,70699.48333375,7328.0,1.0746689764891466e-08,7357.0,BID
14,1712451763.7060869,70764.88966166,7328.0,1.0301724600795121e-08,7357.0,BID
15,1712451763.719182,70829.88415215,7328.0,1.0236858771805688e-08,7357.0,BID
16,1712451764.440241,70892.92930058,7328.0,9.929830603483052e-09,7357.0,BID
17,1712451764.4540646,70965.20579856,7328.0,1.1383800330825395e-08,7357.0,BID
18,1712451764.5027122,70989.28666216,7328.0,3.792819943934034e-09,7357.0,BID
19,1712451770.0112674,71031.0612315,7328.0,6.579640264314735e-09,7357.0,BID
20,1712451770.3897789,71333.4512315,7326.0,-4.7627478893497946e-08,7357.0,ASK
21,1712451770.5296,71491.8512315,7325.0,-2.4948552057706323e-08,7357.0,ASK
22,1712451770.5393946,71692.6512315,7324.0,-3.1626699830730325e-08,7357.0,ASK
23,1712451770.5407877,72258.52282401,7320.0,-8.912674800324084e-08,7357.0,ASK
24,1712451770.5421538,72519.64732334,7322.0,-4.1128018718922935e-08,7357.0,ASK
25,1712451770.5435638,72542.66095313,7320.0,-3.624726899322485e-09,7357.0,ASK
26,1712451772.8792417,72567.69420663,7326.0,3.942824672464009e-09,7357.0,BID
27,1712451780.8994217,72567.69420663,7326.0,0.0,7357.0,BID
28,1712451783.6892972,72626.30956705,7326.0,9.21015430032467e-09,7357.0,BID
29,1712451799.9792876,72676.30956705,7326.0,7.856434076604969e-09,7357.0,BID
30,1712451803.167914,72677.79974705,7326.0,2.3415001864446925e-10,7357.0,BID
31,1712451804.119515,72712.283388,7326.0,5.418369036899577e-09,7357.0,BID
32,1712451804.1213603,72960.71974705,7326.0,3.90364775421617e-08,7357.0,BID
33,1712451807.2893217,73056.59712483,7326.0,1.5065085959327788e-08,7357.0,BID
34,1712451810.8900487,73056.59712483,7326.0,0.0,7357.0,BID
35,1712451832.610161,73057.34251483,7325.0,1.1705627003500728e-10,7357.0,BID
36,1712451832.7736104,73878.39110574,7325.0,1.289377179327415e-07,7357.0,BID
37,1712451833.9126503,74014.79814432,7326.0,2.1421402410514243e-08,7357.0,BID
38,1712451833.9138594,74755.92926466,7326.0,1.163874542914241e-07,7357.0,BID
39,1712451834.171496,75027.21389276,7328.0,4.260261968013304e-08,7357.0,BID
40,1712451834.1902812,75266.58268225,7328.0,3.7590546775015066e-08,7357.0,BID
41,1712451834.4594123,75804.34102793,7331.0,8.444973252364687e-08,7357.0,BID
42,1712451835.7199166,75808.22697184,7333.0,6.102498016778453e-10,7357.0,BID
43,1712451835.7213852,75811.2387286,7333.0,4.729671884241664e-10,7357.0,BID
44,1712451840.559414,75811.2387286,7333.0,0.0,7357.0,BID
45,1712451870.5693526,75811.2387286,7333.0,0.0,7357.0,BID
46,1712451885.619459,75948.34567915,7339.0,-2.146328647128848e-08,7357.0,ASK
47,1712451901.068189,75948.34567915,7339.0,-0.0,7357.0,ASK
48,1712451901.6493833,76550.6064323,7350.0,9.555646944023716e-08,7357.0,BID
49,1712451912.6198535,76551.43174179,7357.0,1.3094604064330388e-10,7357.0,BID
50,1712451912.6214068,76687.7272304,7357.0,2.162504467389804e-08,7357.0,BID
51,1712451912.6229284,76690.45872452,7357.0,4.333869225872736e-10,7357.0,BID
52,1712451912.624398,76893.64263101,7358.0,3.223775856173933e-08,7358.0,BID
53,1712451913.1430776,76895.00558434,7360.0,2.1625019984311567e-10,7360.0,BID
54,1712451925.5436704,76896.47777668,7376.0,2.335823837280056e-10,7376.0,BID
55,1712451925.5452344,76897.84073001,7367.0,2.1625019984311567e-10,7376.0,BID
56,1712451925.5467703,76902.29005905,7370.0,7.059436833927271e-10,7376.0,BID
57,1712451925.550515,76915.87833897,7363.0,2.155956615350818e-09,7376.0,BID
58,1712451925.5520809,77337.05354654,7377.0,6.68249020721517e-08,7377.0,BID
59,1712451925.5535083,77338.41649989,7374.0,2.1625020301547536e-10,7377.0,BID
60,1712451925.554704,77339.28861294,7375.0,1.3837203167463662e-10,7377.0,BID
61,1712451925.5561194,77452.05740839,7377.0,1.78922300679063e-08,7377.0,BID
62,1712451925.5573282,77460.14244371,7370.0,1.2827955772292023e-09,7377.0,BID
63,1712451925.5585363,77461.31631485,7375.0,1.8624986125875587e-10,7377.0,BID
64,1712451930.879322,77461.31631485,7375.0,0.0,7377.0,BID
65,1712451936.5993764,77462.68784485,7375.0,-2.1722712049847943e-10,7377.0,ASK
66,1712451960.5615685,77462.68784485,7375.0,-0.0,7377.0,ASK
67,1712451969.5000894,77483.68435788,7370.0,3.3254866893498954e-09,7377.0,BID
68,1712451969.5020032,77633.40737027,7369.0,2.3713551106365016e-08,7377.0,BID
69,1712451990.5766428,77633.40737027,7369.0,0.0,7377.0,BID
70,1712451997.3098135,77636.93279427,7359.0,-5.58255317481327e-10,7377.0,ASK
71,1712451997.3110209,77771.55417066,7359.0,-2.1317464003260184e-08,7377.0,ASK
72,1712452009.3157215,77942.61023795,7359.0,-2.7086943060436652e-08,7377.0,ASK
73,1712452009.3792806,77969.7878436,7359.0,4.3036079831813775e-09,7377.0,BID
74,1712452013.2401934,78003.76158323,7359.0,5.379784333214858e-09,7377.0,BID
75,1712452019.589449,78014.96158323,7359.0,1.773534064491892e-09,7377.0,BID
76,1712452019.8893912,78111.03027763,7359.0,1.5212598397293557e-08,7377.0,BID
77,1712452019.9095612,78121.93429413,7359.0,1.7266647055843e-09,7377.0,BID
78,1712452020.9034336,78121.93429413,7359.0,0.0,7377.0,BID
79,1712452022.819403,78308.22018108,7359.0,2.948182060597548e-08,7377.0,BID
80,1712452026.1295164,78354.38522639,7358.0,-7.30613363352345e-09,7377.0,ASK
81,1712452026.139199,78513.6686763,7359.0,-2.5208383590581738e-08,7377.0,ASK
82,1712452045.43991,78789.9986763,7362.0,-4.37323064104993e-08,7377.0,ASK
83,1712452045.440997,79049.0620848,7361.0,-4.099967560623128e-08,7377.0,ASK
84,1712452045.4419007,79091.34132645,7360.0,-6.691161837807686e-09,7377.0,ASK
85,1712452045.4428034,79097.45446982,7359.0,-9.674731624812308e-10,7377.0,ASK
86,1712452050.9041777,79097.45446982,7359.0,-0.0,7377.0,ASK
87,1712452077.819436,79122.56424932,7360.0,-3.9693922334557475e-09,7377.0,ASK
88,1712452079.9700356,79145.16305087,7360.0,-3.572453010111552e-09,7377.0,ASK
89,1712452080.540998,79145.16305087,7360.0,-0.0,7377.0,ASK
90,1712452087.5194545,79150.70071993,7360.0,-8.753545802729042e-10,7377.0,ASK
91,1712452090.4795234,79152.33703641,7369.0,2.5865704685937203e-10,7377.0,BID
92,1712452110.6184783,79152.33703641,7369.0,0.0,7377.0,BID
93,1712452113.2493992,79153.01591806,7368.0,1.0731179384489554e-10,7377.0,BID
94,1712452114.1893024,79288.73795931,7368.0,2.1453777268433168e-08,7377.0,BID
95,1712452117.519364,79289.29974749,7369.0,8.880266148912203e-11,7377.0,BID
96,1712452117.530232,79425.60776733,7369.0,2.1546403742645122e-08,7377.0,BID
97,1712452117.5317738,79443.29321585,7368.0,2.7955641541049627e-09,7377.0,BID
98,1712452135.4394972,79601.46935915,7369.0,2.500312930960817e-08,7377.0,BID
99,1712452140.8811326,79601.46935915,7369.0,0.0,7377.0,BID
100,1712452155.6893744,79757.04055555,7369.0,2.45785036833457e-08,7377.0,BID
101,1712452155.6909568,79872.60533411,7368.0,1.8257938495238605e-08,7377.0,BID
102,1712452169.1893785,79892.9442555,7368.0,3.2133213979654983e-09,7377.0,BID
103,1712452170.9133468,79892.9442555,7368.0,0.0,7377.0,BID
104,1712452186.5793834,80008.32737536,7368.0,-1.8223055025541592e-08,7377.0,ASK
105,1712452186.5810912,80016.47069783,7368.0,-1.2861171863061615e-09,7377.0,ASK
106,1712452200.6525366,80016.47069783,7368.0,-0.0,7377.0,ASK
107,1712452201.9448574,80017.28503007,7368.0,1.2959122823975504e-10,7377.0,BID
108,1712452207.211874,80048.93084142,7362.0,-5.036052068251233e-09,7377.0,ASK
109,1712452219.0194228,80051.54756611,7368.0,4.1642041157891197e-10,7377.0,BID
110,1712452223.4992974,80058.55916611,7368.0,1.1158122094324747e-09,7377.0,BID
111,1712452230.5838926,80058.55916611,7368.0,0.0,7377.0,BID
112,1712452235.290039,80059.89772468,7368.0,2.1300506818904563e-10,7377.0,BID
113,1712452235.291752,80064.32778382,7368.0,7.049561149909372e-10,7377.0,BID
114,1712452260.961048,80064.32778382,7368.0,0.0,7377.0,BID
115,1712452263.3296754,80064.59339904,7378.0,4.226711229061115e-11,7378.0,BID
116,1712452263.331374,80068.68708382,7375.0,6.514243961008687e-10,7378.0,BID
117,1712452272.189587,80087.03066972,7375.0,2.918998410820869e-09,7378.0,BID
118,1712452272.191675,80128.91166972,7375.0,6.66448605578031e-09,7378.0,BID
119,1712452273.4335344,80167.14109141,7375.0,6.083413666665489e-09,7378.0,BID
120,1712452274.1390116,80179.82098079,7375.0,2.0177394513469742e-09,7378.0,BID
121,1712452274.3992968,80204.28030416,7375.0,3.892190242191172e-09,7378.0,BID
122,1712452276.2694368,80205.37006981,7378.0,1.7341343278592494e-10,7378.0,BID
123,1712452276.2714412,80211.32558364,7379.0,9.476955869030163e-10,7379.0,BID
124,1712452277.8892474,80212.00382092,7379.0,1.0792729149322079e-10,7379.0,BID
125,1712452283.431816,80218.37071544,7379.0,1.0131582280078966e-09,7379.0,BID
126,1712452283.433881,80223.59706087,7384.0,8.31663671853901e-10,7384.0,BID
127,1712452283.4360018,80224.28229608,7379.0,1.0904086583290514e-10,7384.0,BID
128,1712452290.9093633,80224.28229608,7379.0,0.0,7384.0,BID
129,1712452293.5713978,80276.02007402,7379.0,8.231440973550026e-09,7384.0,BID
130,1712452298.2304606,80322.45008034,7379.0,7.386978560770858e-09,7384.0,BID
131,1712452320.5645146,80322.45008034,7379.0,0.0,7384.0,BID
132,1712452321.769452,80327.75425787,7384.0,8.43793350040115e-10,7384.0,BID
133,1712452321.7718244,80540.12071206,7387.0,3.37834472552708e-08,7387.0,BID
134,1712452323.129339,80542.06453228,7387.0,3.0922467546224583e-10,7387.0,BID
135,1712452330.299477,80745.34410882,7380.0,-3.233789855514896e-08,7387.0,ASK
136,1712452330.3016036,80746.76668028,7381.0,-2.2630395214108006e-10,7387.0,ASK
137,1712452330.3595955,80746.76668091,7380.0,-1.0022265786355298e-16,7387.0,ASK
138,1712452344.599445,80814.62867536,7379.0,-1.079554734236726e-08,7387.0,ASK
139,1712452350.639393,80814.62867536,7379.0,-0.0,7387.0,ASK
140,1712452351.8295054,80952.10694705,7379.0,-2.1857532663529472e-08,7387.0,ASK
141,1712452357.2196927,80970.4119763,7379.0,-2.9102982589220437e-09,7387.0,ASK
142,1712452363.9696865,80986.88650263,7379.0,-2.6192684338229397e-09,7387.0,ASK
143,1712452380.9025197,80986.88650263,7379.0,-0.0,7387.0,ASK
144,1712452410.8970954,80986.88650263,7379.0,-0.0,7387.0,ASK
145,1712452440.656069,80986.88650263,7379.0,-0.0,7387.0,ASK
146,1712452453.7097912,81097.45715391,7380.0,-1.7575965139472088e-08,7387.0,ASK
147,1712452455.379718,81190.16607979,7380.0,-1.4736721096618278e-08,7387.0,ASK
148,1712452456.8438785,81190.1660798,7380.0,-1.5891182234200862e-18,7387.0,ASK
149,1712452456.8449762,81393.13716608,7379.0,-3.226364948999551e-08,7387.0,ASK
150,1712452458.3697278,81596.52205614,7379.0,-3.2329426445520485e-08,7387.0,ASK
151,1712452458.371965,81596.52205616,7379.0,-3.1782364468401724e-18,7387.0,ASK
152,1712452470.6273751,81596.52205616,7379.0,-0.0,7387.0,ASK
153,1712452495.9901085,81899.82501048,7379.0,-4.8177637821379327e-08,7387.0,ASK
154,1712452500.5786216,81899.82501048,7379.0,-0.0,7387.0,ASK
155,1712452530.5585449,81899.82501048,7379.0,-0.0,7387.0,ASK
156,1712452532.481121,81999.82501048,7379.0,1.591212389588995e-08,7387.0,BID
157,1712452533.934762,82047.50036539,7379.0,7.5861615410861e-09,7387.0,BID
158,1712452535.73842,82049.50036539,7379.0,3.18242477917799e-10,7387.0,BID
159,1712452536.1585264,82050.68668259,7379.0,1.8876826266244555e-10,7387.0,BID
160,1712452537.1185389,82274.94808259,7379.0,3.5684751818655525e-08,7387.0,BID
161,1712452537.2788577,82276.94778646,7380.0,3.1819535734680155e-10,7387.0,BID
162,1712452537.28125,82276.94781159,7379.0,3.998715692183799e-15,7387.0,BID
163,1712452538.0289018,82279.6439561,7376.0,-4.290138548438075e-10,7387.0,ASK
164,1712452539.4288886,82284.23295283,7380.0,7.302068452563667e-10,7387.0,BID
165,1712452539.430869,82286.41754377,7385.0,3.4761481699117216e-10,7387.0,BID
166,1712452547.2009797,82399.2755369,7385.0,1.7958103693258987e-08,7387.0,BID
167,1712452547.2029252,82512.63796797,7385.0,1.8038370483252937e-08,7387.0,BID
168,1712452547.3018615,82639.94611519,7385.0,-2.025743011520825e-08,7387.0,ASK
169,1712452560.8785062,82639.94611519,7385.0,-0.0,7387.0,ASK
170,1712452590.8922248,82639.94611519,7385.0,-0.0,7387.0,ASK
171,1712452620.597349,82639.94611519,7385.0,-0.0,7387.0,ASK
172,1712452650.5883813,82639.94611519,7385.0,-0.0,7387.0,ASK
173,1712452655.739468,82641.30021133,7385.0,-2.152783018263636e-10,7387.0,ASK
174,1712452655.7414813,82712.79026183,7385.0,-1.136570455708299e-08,7387.0,ASK
175,1712452657.7685018,82722.79026183,7384.0,1.5898302599581302e-09,7387.0,BID
176,1712452663.088796,82776.52082155,7384.0,8.542246972734812e-09,7387.0,BID
177,1712452680.9088578,82776.52082155,7384.0,0.0,7387.0,BID
178,1712452681.3725064,82829.27493855,7384.0,-8.385664590088865e-09,7387.0,ASK
179,1712452681.3906903,82829.27493931,7384.0,-1.2080587347253283e-16,7387.0,ASK
180,1712452694.658709,82856.36052931,7384.0,-4.305458718315158e-09,7387.0,ASK
181,1712452694.6823306,82856.36052977,7384.0,-7.312056191054715e-17,7387.0,ASK
182,1712452697.508499,82869.903325,7384.0,-2.1527293957190166e-09,7387.0,ASK
183,1712452710.9085796,82869.903325,7384.0,-0.0,7387.0,ASK
184,1712452740.5673935,82869.903325,7384.0,-0.0,7387.0,ASK
185,1712452765.979361,83283.81149654,7385.0,6.578661348633383e-08,7387.0,BID
186,1712452765.9819162,83294.65150892,7384.0,1.722912843147091e-09,7387.0,BID
187,1712452765.9844222,83444.37452131,7385.0,2.3796993206159173e-08,7387.0,BID
188,1712452766.0985787,83640.24171259,7385.0,-3.113115442840558e-08,7387.0,ASK
189,1712452766.100605,83745.29546978,7385.0,-1.6697256528742552e-08,7387.0,ASK
190,1712452766.1785326,83817.8989913,7385.0,-1.1539612253151974e-08,7387.0,ASK
191,1712452770.569762,83817.8989913,7385.0,-0.0,7387.0,ASK
192,1712452776.2386646,83857.8989913,7375.0,-6.3505382735027855e-09,7387.0,ASK
193,1712452800.609305,83857.8989913,7375.0,-0.0,7387.0,ASK
194,1712452830.5421226,83857.8989913,7375.0,-0.0,7387.0,ASK
195,1712452854.7385705,83859.23754987,7376.0,-2.1513492683872955e-10,7387.0,ASK
196,1712452860.9391842,83859.23754987,7376.0,-0.0,7387.0,ASK
197,1712452873.4985046,83866.24078345,7376.0,-1.1255672981731818e-09,7387.0,ASK
198,1712452890.902567,83866.24078345,7376.0,-0.0,7387.0,ASK
199,1712452907.5497477,83885.16479375,7376.0,-3.041462213635286e-09,7387.0,ASK
200,1712452907.5510602,83904.57113744,7376.0,-3.118982715729927e-09,7387.0,ASK
201,1712452907.5522282,83920.53026162,7376.0,-2.564946456208225e-09,7387.0,ASK
202,1712452907.5533996,83928.53026162,7377.0,-1.2857580038991471e-09,7387.0,ASK
203,1712452907.5545688,84092.79702769,7376.0,-2.6400913656140684e-08,7387.0,ASK
204,1712452920.580916,84092.79702769,7376.0,-0.0,7387.0,ASK
205,1712452942.518739,84133.46947889,7376.0,-6.5351110302621075e-09,7387.0,ASK
206,1712452950.5625963,84133.46947889,7376.0,-0.0,7387.0,ASK
207,1712452952.8090506,84147.02696263,7376.0,-2.178265345614512e-09,7387.0,ASK
208,1712452954.0684872,84151.01941361,7376.0,-6.414625147692614e-10,7387.0,ASK
209,1712452962.2089827,84167.54689683,7376.0,-2.655451751869382e-09,7387.0,ASK
210,1712452962.514744,84169.54689683,7376.0,3.213377035720706e-10,7387.0,BID
211,1712452964.2986584,84171.54689683,7376.0,3.213377035720706e-10,7387.0,BID
212,1712452964.3007913,84172.2533773,7376.0,1.1350940592508596e-10,7387.0,BID
213,1712452966.265953,84174.2533773,7376.0,3.213377035720706e-10,7387.0,BID
214,1712452968.7987037,84201.36834476,7376.0,4.356530688014221e-09,7387.0,BID
215,1712452975.8194568,84239.08648467,7376.0,6.060130230843708e-09,7387.0,BID
216,1712452976.7462697,84286.59425093,7376.0,7.633018255912622e-09,7387.0,BID
217,1712452980.8882194,84286.59425093,7376.0,0.0,7387.0,BID
218,1712453010.4491532,84289.59425093,7382.0,4.81919102864992e-10,7387.0,BID
219,1712453010.8913834,84289.59425093,7382.0,0.0,7387.0,BID
220,1712453018.4986303,84290.45499328,7382.0,1.3826890180910944e-10,7387.0,BID
221,1712453018.5101914,84479.1680603,7385.0,3.0314702807024783e-08,7387.0,BID
222,1712453040.5528867,84479.1680603,7385.0,0.0,7387.0,BID
223,1712453067.4823744,84550.59663173,7377.0,-1.1471643621517897e-08,7387.0,ASK
224,1712453070.587574,84550.59663173,7377.0,-0.0,7387.0,ASK
225,1712453081.589744,84564.15227766,7377.0,-2.1768933258539223e-09,7387.0,ASK
226,1712453095.1883793,84588.47620158,7377.0,-3.906164849203186e-09,7387.0,ASK
227,1712453095.2028754,84639.04844348,7377.0,-8.121367025526095e-09,7387.0,ASK
228,1712453095.2087195,84686.55621971,7377.0,-7.629246259107629e-09,7387.0,ASK
229,1712453095.5688448,84750.28097881,7377.0,-1.0233522142198874e-08,7387.0,ASK
230,1712453095.6440556,84750.28097882,7377.0,-1.6054390574150573e-18,7387.0,ASK
231,1712453095.6815696,85168.61898982,7376.0,-6.718065880443001e-08,7387.0,ASK
232,1712453095.6987607,85168.61898985,7376.0,-4.8186540558804164e-18,7387.0,ASK
233,1712453095.7014377,85277.77153221,7375.0,-1.7528743535387197e-08,7387.0,ASK
234,1712453095.7041314,85441.51122032,7375.0,-2.6294861643977322e-08,7387.0,ASK
235,1712453095.8182118,85916.42571632,7374.0,-7.626624375056775e-08,7387.0,ASK
236,1712453095.8995707,85916.4257172,7374.0,-1.4132070095795942e-16,7387.0,ASK
237,1712453096.0385303,85944.0850022,7372.0,-4.44178855255545e-09,7387.0,ASK
238,1712453096.0411932,85944.08500233,7372.0,-2.087771839730149e-17,7387.0,ASK
239,1712453100.9041736,85944.08500233,7372.0,-0.0,7387.0,ASK
240,1712453120.2784748,85953.5816785,7372.0,-1.526924593494333e-09,7387.0,ASK
241,1712453130.903668,85953.5816785,7372.0,-0.0,7387.0,ASK
242,1712453146.1883774,86007.71708956,7372.0,-8.704072729035407e-09,7387.0,ASK
243,1712453146.24828,86127.79934944,7372.0,-1.9307227986209482e-08,7387.0,ASK
244,1712453151.9188268,87942.7213257,7372.0,-2.918092348349423e-07,7387.0,ASK
245,1712453152.978475,87952.91015873,7372.0,-1.638194704365103e-09,7387.0,ASK
246,1712453160.6384292,87952.91015873,7372.0,-0.0,7387.0,ASK
247,1712453169.0007114,88064.88156301,7372.0,-1.7960574596102098e-08,7387.0,ASK
248,1712453190.6122935,88064.88156301,7372.0,-0.0,7387.0,ASK
249,1712453217.5945437,88103.90754973,7372.0,6.259065479181062e-09,7387.0,BID
250,1712453217.729176,88115.81859536,7372.0,1.9103172216671123e-09,7387.0,BID
251,1712453217.7326405,88217.64323595,7372.0,1.6330838664493784e-08,7387.0,BID
252,1712453217.7489915,88246.42671013,7372.0,4.616350917750511e-09,7387.0,BID
253,1712453217.7518754,88398.45763119,7381.0,2.4383021923369572e-08,7387.0,BID
254,1712453220.898285,88398.45763119,7381.0,0.0,7387.0,BID
255,1712453243.7139308,88468.82428417,7387.0,1.1281092228751177e-08,7387.0,BID
256,1712453243.7155776,88539.36470417,7387.0,1.1308950336192998e-08,7387.0,BID
257,1712453243.7170303,88587.94085027,7381.0,7.787665905142576e-09,7387.0,BID
258,1712453244.247588,88745.73156368,7387.0,2.52968063057484e-08,7387.0,BID
259,1712453250.9039173,88745.73156368,7387.0,0.0,7387.0,BID
260,1712453256.7483623,88760.55863737,7374.0,-2.376080646232227e-09,7387.0,ASK
261,1712453263.2626462,88774.11428329,7377.0,-2.1723307370744715e-09,7387.0,ASK
262,1712453278.278382,88791.11428329,7381.0,2.7242982553723582e-09,7387.0,BID
263,1712453278.4874678,89046.35687162,7387.0,4.090334929906764e-08,7387.0,BID
264,1712453278.488948,89046.96966121,7381.0,9.820127123203812e-11,7387.0,BID
265,1712453280.9082706,89046.96966121,7381.0,0.0,7387.0,BID
266,1712453291.971927,89195.60604945,7387.0,2.3810913764940082e-08,7387.0,BID
267,1712453301.398499,89262.36019347,7378.0,-1.0693728403478709e-08,7387.0,ASK
268,1712453310.9185266,89262.36019347,7378.0,-0.0,7387.0,ASK
269,1712453319.92873,89263.71557434,7378.0,-2.1707091180273683e-10,7387.0,ASK
270,1712453329.3705597,89271.28405397,7378.0,-1.212129232893445e-09,7387.0,ASK
271,1712453340.574797,89271.28405397,7378.0,-0.0,7387.0,ASK
272,1712453349.21849,89284.8378626,7378.0,-2.170686217701561e-09,7387.0,ASK
273,1712453349.3249643,89311.94547984,7378.0,-4.341372432196305e-09,7387.0,ASK
274,1712453349.3265383,89524.61936875,7378.0,-3.4060410038539245e-08,7387.0,ASK
275,1712453349.518449,89660.17582801,7377.0,-2.170980466587405e-08,7387.0,ASK
276,1712453350.988243,89687.28711986,7377.0,-4.341960932854595e-09,7387.0,ASK
277,1712453370.6070037,89687.28711986,7377.0,-0.0,7387.0,ASK
278,1712453400.7153776,89687.28711986,7377.0,-0.0,7387.0,ASK
279,1712453400.7505465,91041.0166447,7374.0,-2.1699396678683106e-07,7387.0,ASK
280,1712453401.3281915,91719.25864144,7372.0,-1.0871774502475353e-07,7387.0,ASK
281,1712453402.0424373,91849.21206498,7368.0,-2.0830681723373202e-08,7387.0,ASK
282,1712453402.5261211,91887.91851352,7366.0,-6.204389913055539e-09,7387.0,ASK
283,1712453410.775108,91919.08492677,7366.0,-4.995771694079528e-09,7387.0,ASK
284,1712453414.7287028,92079.08951612,7362.0,-2.5647686565201973e-08,7387.0,ASK
285,1712453414.73123,92214.92217029,7362.0,-2.1773083844806143e-08,7387.0,ASK
286,1712453414.8287718,92240.32588581,7361.0,-4.072049032440074e-09,7387.0,ASK
287,1712453414.8312733,92241.53170023,7361.0,-1.9328414532075747e-10,7387.0,ASK
288,1712453415.295106,92244.24909153,7360.0,-4.355800081769296e-10,7387.0,ASK
289,1712453417.398512,92380.21102218,7355.0,-2.179380601691889e-08,7387.0,ASK
290,1712453424.0090246,92396.92067528,7351.0,-2.678447831171588e-09,7387.0,ASK
291,1712453424.6462977,92401.00230793,7350.0,-6.54258951614564e-10,7387.0,ASK
292,1712453424.6481624,92401.70230793,7350.0,-1.1220541028541444e-10,7387.0,ASK
293,1712453425.1963,92546.30931712,7353.0,-2.31795554233979e-08,7387.0,ASK
294,1712453425.1990898,92970.11245301,7352.0,-6.793286391854415e-08,7387.0,ASK
295,1712453430.6320355,92970.11245301,7352.0,-0.0,7387.0,ASK
296,1712453432.128348,93111.1141282,7351.0,2.251436092902074e-08,7387.0,BID
297,1712453434.3786683,93135.99719031,7351.0,3.9731885497721605e-09,7387.0,BID
298,1712453438.5358348,93190.34499031,7351.0,8.677953529626676e-09,7387.0,BID
299,1712453439.3183973,93207.59047172,7343.0,-2.753662269163803e-09,7387.0,ASK
300,1712453439.3216703,93356.12550532,7343.0,-2.371724557575908e-08,7387.0,ASK
301,1712453450.4921596,93368.36873753,7351.0,1.9549310215107192e-09,7387.0,BID
302,1712453460.8889284,93368.36873753,7351.0,0.0,7387.0,BID
303,1712453465.0884533,93413.36873753,7351.0,7.181993198198079e-09,7387.0,BID
304,1712453465.2005455,93414.16380685,7351.0,1.268929432957805e-10,7387.0,BID
305,1712453477.6782818,93444.05831099,7351.0,-4.771158342155241e-09,7387.0,ASK
306,1712453484.1982749,93461.99759034,7336.0,-2.8631062727173902e-09,7387.0,ASK
307,1712453484.2082405,93481.7764509,7337.0,-3.156703155777226e-09,7387.0,ASK
308,1712453490.896471,93481.7764509,7337.0,-0.0,7387.0,ASK
309,1712453491.9610758,93650.09121489,7337.0,-2.6859439529526723e-08,7387.0,ASK
310,1712453520.5825877,93650.09121489,7337.0,-0.0,7387.0,ASK
311,1712453525.7484825,93686.09121489,7342.0,-5.743698800244518e-09,7387.0,ASK
312,1712453525.7580988,94170.31243815,7337.0,-7.72561349747609e-08,7387.0,ASK
313,1712453525.8887284,94657.67203415,7337.0,7.775685352313629e-08,7387.0,BID
314,1712453525.890356,95379.71067313,7337.0,1.1519923512332204e-07,7387.0,BID
315,1712453525.9137154,95566.11104477,7337.0,2.973965530427285e-08,7387.0,BID
316,1712453525.9160664,95850.91652438,7337.0,4.5439913653860047e-08,7387.0,BID
317,1712453525.9299822,95852.91652438,7356.0,3.1909437779136206e-10,7387.0,BID
318,1712453525.988422,95990.56008066,7356.0,2.196064247407901e-08,7387.0,BID
319,1712453549.8291948,96090.56008066,7357.0,1.5954718889568105e-08,7387.0,BID
320,1712453549.8307836,96376.63716503,7357.0,4.564279461870626e-08,7387.0,BID
321,1712453549.837978,96477.14814389,7357.0,-1.6036244130265396e-08,7387.0,ASK
322,1712453549.8981054,96628.67920152,7356.0,-2.417635427525766e-08,7387.0,ASK
323,1712453550.6364632,96628.67920152,7356.0,-0.0,7387.0,ASK
324,1712453556.9028664,97033.9750675,7360.0,6.443897610375058e-08,7387.0,BID
325,1712453565.9085562,97236.87361821,7361.0,-3.2259334373109085e-08,7387.0,ASK
326,1712453572.6984427,97236.87361822,7361.0,-1.5894737146599445e-18,7387.0,ASK
327,1712453574.3888626,97260.29737178,7361.0,-3.724199585071101e-09,7387.0,ASK
328,1712453580.8684173,97260.29737178,7361.0,-0.0,7387.0,ASK
329,1712453587.817775,97287.4675932,7361.0,-4.316668980803658e-09,7387.0,ASK
330,1712453588.738806,97287.46759321,7361.0,-1.5906116653718193e-18,7387.0,ASK
331,1712453610.89932,97287.46759321,7361.0,-0.0,7387.0,ASK
332,1712453640.6387875,97287.46759321,7361.0,-0.0,7387.0,ASK
333,1712453644.2646692,97355.48554994,7351.0,-1.0806009646452944e-08,7387.0,ASK
334,1712453644.360777,97355.48554995,7351.0,-1.5882492631907442e-18,7387.0,ASK
335,1712453645.377067,97627.45840704,7350.0,-4.320831525349265e-08,7387.0,ASK
336,1712453651.9686718,97645.55185028,7345.0,-2.8745044924691832e-09,7387.0,ASK
337,1712453651.9791317,97663.72920951,7345.0,-2.887836221928461e-09,7387.0,ASK
338,1712453651.9818597,97743.49899267,7344.0,-1.2673021769003813e-08,7387.0,ASK
339,1712453651.9846888,97743.49899268,7350.0,-1.5905611252914586e-18,7387.0,ASK
340,1712453651.98746,97914.97498753,7344.0,-2.7242383387666995e-08,7387.0,ASK
341,1712453664.3318236,97916.33664331,7344.0,-2.1632619092358862e-10,7387.0,ASK
342,1712453666.5790846,97974.29655408,7344.0,-9.2080883489999e-09,7387.0,ASK
343,1712453666.5830183,97997.49117912,7344.0,-3.6849290095992405e-09,7387.0,ASK
344,1712453666.6783566,98083.72431603,7344.0,1.3699854480963138e-08,7387.0,BID
345,1712453666.758737,98169.5606846,7358.0,1.3636819913099924e-08,7387.0,BID
346,1712453666.9781606,98183.7059846,7344.0,-2.247263158150849e-09,7387.0,ASK
347,1712453667.2381442,98243.69565006,7344.0,9.530555382920125e-09,7387.0,BID
348,1712453667.4383595,98276.16155006,7344.0,5.157856034596671e-09,7387.0,BID
349,1712453667.4583662,98343.04468868,7344.0,1.0625721145694345e-08,7387.0,BID
350,1712453670.618745,98343.04468868,7344.0,0.0,7387.0,BID
351,1712453700.9194005,98343.04468868,7344.0,0.0,7387.0,BID
352,1712453730.9284675,98343.04468868,7344.0,0.0,7387.0,BID
353,1712453744.8983934,98393.04468868,7362.0,7.996021449134038e-09,7387.0,BID
354,1712453760.553378,98393.04468868,7362.0,0.0,7387.0,BID
355,1712453790.6358356,98393.04468868,7362.0,0.0,7387.0,BID
356,1712453820.8991363,98393.04468868,7362.0,0.0,7387.0,BID
357,1712453837.595435,98406.62795368,7362.0,-2.1721137005973474e-09,7387.0,ASK
358,1712453837.6092095,98406.62795409,7362.0,-6.55635502050524e-17,7387.0,ASK
359,1712453846.8953924,98421.96204198,7362.0,-2.452089566982572e-09,7387.0,ASK
360,1712453850.908857,98421.96204198,7362.0,-0.0,7387.0,ASK
361,1712453860.4684913,98602.00603784,7365.0,2.8790038110818056e-08,7387.0,BID
362,1712453880.5928683,98602.00603784,7365.0,0.0,7387.0,BID
363,1712453905.4383526,98603.00603784,7365.0,1.598716728497855e-10,7387.0,BID
364,1712453910.568141,98603.00603784,7365.0,0.0,7387.0,BID
365,1712453923.611114,98607.07935759,7365.0,6.512076757182831e-10,7387.0,BID
366,1712453937.8186612,98878.63400796,7364.0,4.3413845106947546e-08,7387.0,BID
367,1712453940.9227884,98878.63400796,7364.0,0.0,7387.0,BID
368,1712453946.2833047,98884.04310504,7365.0,8.64479860570842e-10,7387.0,BID
369,1712453958.838169,98884.04310506,7362.0,-3.197812224432697e-18,7387.0,ASK
370,1712453960.349449,98935.55160628,7365.0,8.232069288905673e-09,7387.0,BID
371,1712453960.3533227,99011.93548079,7365.0,1.2207642090684394e-08,7387.0,BID
372,1712453960.3958323,99127.10562979,7365.0,-1.840644988935472e-08,7387.0,ASK
373,1712453960.3979762,99127.10563051,7365.0,-1.1507007508398613e-16,7387.0,ASK
374,1712453967.9582632,99369.82642537,7368.0,3.879154612966948e-08,7387.0,BID
375,1712453968.058726,99437.70587137,7366.0,-1.0848467525346989e-08,7387.0,ASK
376,1712453968.0682204,99437.70587147,7366.0,-1.5982084077310174e-17,7387.0,ASK
377,1712453970.8982542,99437.70587147,7366.0,-0.0,7387.0,ASK
378,1712453977.1782131,99752.76587147,7362.0,5.0319650550976024e-08,7387.0,BID
379,1712453977.258454,100082.81317847,7362.0,-5.2713340803437e-08,7387.0,ASK
380,1712453977.2782612,100082.81317926,7362.0,-1.2617588103872e-16,7387.0,ASK
381,1712454000.7086196,100082.81317926,7362.0,-0.0,7387.0,ASK
382,1712454007.5706315,100139.37081726,7359.0,9.215615188894165e-09,7387.0,BID
383,1712454016.4284089,100218.57207126,7359.0,-1.2905211482521272e-08,7387.0,ASK
384,1712454017.1070237,100218.57207146,7359.0,-3.2588650046295e-17,7387.0,ASK
385,1712454030.6184132,100218.57207146,7359.0,-0.0,7387.0,ASK
386,1712454031.378322,100278.33032217,7363.0,9.735544633829142e-09,7387.0,BID
387,1712454039.3883152,100279.69999755,7351.0,-2.231413342476636e-10,7387.0,ASK
388,1712454048.2086487,100299.77069043,7351.0,-3.269826744317265e-09,7387.0,ASK
389,1712454060.8699603,100299.77069043,7351.0,-0.0,7387.0,ASK
390,1712454067.4687047,100314.82371009,7351.0,-2.4521313196553407e-09,7387.0,ASK
391,1712454072.131149,100322.57658505,7351.0,-1.2629404555492362e-09,7387.0,ASK
392,1712454072.4982562,100332.57658505,7351.0,-1.6289962911369454e-09,7387.0,ASK
393,1712454077.6611085,100335.29730331,7351.0,-4.4320399547619164e-10,7387.0,ASK
394,1712454077.663107,101778.2095036,7351.0,-2.350498622708655e-07,7387.0,ASK
395,1712454090.8912337,101778.2095036,7351.0,-0.0,7387.0,ASK
396,1712454120.6193206,101778.2095036,7351.0,-0.0,7387.0,ASK
397,1712454136.3382883,101914.24541708,7352.0,-2.21210369060127e-08,7387.0,ASK
398,1712454136.340196,102416.50486919,7352.0,-8.167328459298114e-08,7387.0,ASK
399,1712454136.3986,102598.30069616,7351.0,-2.9562136166002265e-08,7387.0,ASK
400,1712454136.4022322,103867.12240867,7351.0,-2.063253093361141e-07,7387.0,ASK
401,1712454136.4202986,103894.33329302,7350.0,-4.424809313609011e-09,7387.0,ASK
402,1712454136.6418738,104134.37751102,7346.0,-3.903400851741389e-08,7387.0,ASK
403,1712454136.6934545,104134.3775118,7346.0,-1.2683907131765143e-16,7387.0,ASK
404,1712454150.5759232,104134.3775118,7346.0,-0.0,7387.0,ASK
405,1712454180.8709185,104134.3775118,7346.0,-0.0,7387.0,ASK
406,1712454210.8907113,104134.3775118,7346.0,-0.0,7387.0,ASK
407,1712454218.3980763,104270.50601638,7346.0,-2.20739249519683e-08,7387.0,ASK
408,1712454218.4002416,104274.7906968,7346.0,-6.947825830178788e-10,7387.0,ASK
409,1712454218.501226,104274.79069752,7346.0,-1.1675158370514718e-16,7387.0,ASK
410,1712454218.7203605,104399.21412229,7345.0,-2.017588710838929e-08,7387.0,ASK
411,1712454220.2735105,104401.93299124,7356.0,4.408783402255727e-10,7387.0,BID
412,1712454228.5482185,104403.36328863,7341.0,-2.3192994989092448e-10,7387.0,ASK
413,1712454240.5560377,104403.36328863,7341.0,-0.0,7387.0,ASK
414,1712454253.2093327,104521.91523433,7356.0,1.9217639840432173e-08,7387.0,BID
415,1712454253.2134008,104573.70042837,7356.0,8.394541331662776e-09,7387.0,BID
416,1712454256.0181072,104640.67047787,7356.0,1.085605372217031e-08,7387.0,BID
417,1712454269.2787,104692.45567233,7345.0,-8.394541399748017e-09,7387.0,ASK
418,1712454269.3982236,105018.31925354,7345.0,5.2823502000167174e-08,7387.0,BID
419,1712454269.4180706,105166.43906317,7345.0,2.4010682725579312e-08,7387.0,BID
420,1712454270.5353725,105166.43906317,7345.0,0.0,7387.0,BID
421,1712454281.6083071,105302.53051663,7348.0,2.2040814106214066e-08,7387.0,BID
422,1712454296.859296,105316.12486138,7356.0,2.2016843667458438e-09,7387.0,BID
423,1712454299.3482914,105437.30328892,7356.0,1.9625561541066458e-08,7387.0,BID
424,1712454300.6369562,105437.30328892,7356.0,0.0,7387.0,BID
425,1712454303.1294336,105465.70701922,7356.0,4.618065716239822e-09,7387.0,BID
426,1712454303.1336832,105497.88812788,7357.0,5.232216791371816e-09,7387.0,BID
427,1712454304.3880937,105511.48062482,7357.0,2.2099577574402764e-09,7387.0,BID
428,1712454307.3822324,105578.45067432,7349.0,-1.0888432130013162e-08,7387.0,ASK
429,1712454307.778104,105738.6587653,7349.0,2.6047687560910312e-08,7387.0,BID
430,1712454307.884165,105811.48062482,7349.0,1.1839857979571774e-08,7387.0,BID
431,1712454308.4682972,105812.29617463,7357.0,1.325974644049744e-10,7387.0,BID
432,1712454313.5681598,105825.88867157,7357.0,2.2099577574402764e-09,7387.0,BID
433,1712454330.591832,105825.88867157,7357.0,0.0,7387.0,BID
434,1712454331.5802643,105839.49781657,7348.0,-2.211637399141909e-09,7387.0,ASK
435,1712454331.6583178,105853.10881323,7347.0,-2.211938314484442e-09,7387.0,ASK
436,1712454331.6636171,105853.10881357,7348.0,-5.5252309724821e-17,7387.0,ASK
437,1712454331.9682431,105866.70315832,7356.0,-2.20923219393625e-09,7387.0,ASK
438,1712454350.038259,105880.29935138,7355.0,2.209532564864749e-09,7387.0,BID
439,1712454360.89797,105880.29935138,7355.0,0.0,7387.0,BID
440,1712454376.2606692,105893.90479338,7350.0,-2.210891902659417e-09,7387.0,ASK
441,1712454378.9180818,105893.90479355,7350.0,-2.762435915622412e-17,7387.0,ASK
442,1712454390.8780224,105893.90479355,7350.0,-0.0,7387.0,ASK
443,1712454399.8446789,105893.90479457,7347.0,-1.6574819090867114e-16,7387.0,ASK
444,1712454418.9388103,105895.26626495,7345.0,-2.2123609993245478e-10,7387.0,ASK
445,1712454418.943468,105908.88096857,7345.0,-2.2123609700784837e-09,7387.0,ASK
446,1712454420.603974,105908.88096857,7345.0,-0.0,7387.0,ASK
447,1712454421.9879594,105908.88096883,7345.0,-4.224855184684408e-17,7387.0,ASK
448,1712454428.6781402,106079.61175483,7343.0,-2.7742901085103624e-08,7387.0,ASK
449,1712454429.578607,106091.80357976,7341.0,-1.981110735822912e-09,7387.0,ASK
450,1712454429.5881755,106188.64132379,7341.0,-1.5735650358505048e-08,7387.0,ASK
451,1712454429.592222,106188.64132383,7343.0,-6.500322887276788e-18,7387.0,ASK
452,1712454429.6584656,106228.02480306,7341.0,-6.3996189220685355e-09,7387.0,ASK
453,1712454429.7413266,106241.64878106,7340.0,-2.213828465824052e-09,7387.0,ASK
454,1712454440.5085597,106241.64878126,7340.0,-3.2499249822747235e-17,7387.0,ASK
455,1712454450.6286218,106241.64878126,7340.0,-0.0,7387.0,ASK
456,1712454480.918113,106241.64878126,7340.0,-0.0,7387.0,ASK
457,1712454497.438206,106393.21824669,7355.0,2.46195080306192e-08,7387.0,BID
458,1712454497.4480257,106394.03457323,7355.0,1.325963494711591e-10,7387.0,BID
459,1712454510.9106567,106394.03457323,7355.0,0.0,7387.0,BID
460,1712454540.605783,106394.03457323,7355.0,0.0,7387.0,BID
461,1712454570.5968494,106394.03457323,7355.0,0.0,7387.0,BID
462,1712454600.631044,106394.03457323,7355.0,0.0,7387.0,BID
463,1712454630.60339,106394.03457323,7355.0,0.0,7387.0,BID
464,1712454649.602734,106488.24105723,7356.0,1.5498295643351387e-08,7387.0,BID
465,1712454658.8983777,106575.05571709,7350.0,-1.4282236291584126e-08,7387.0,ASK
466,1712454658.9025447,106594.72573471,7350.0,-3.2359953948036115e-09,7387.0,ASK
467,1712454660.871484,106594.72573471,7350.0,-0.0,7387.0,ASK
468,1712454666.9283082,106597.39925371,7350.0,-4.3972484281280126e-10,7387.0,ASK
469,1712454685.848688,106597.3992545,7350.0,-1.2993367613749515e-16,7387.0,ASK
470,1712454685.8540828,106598.39925371,7350.0,-1.6447404915845392e-10,7387.0,ASK
471,1712454690.8979423,106598.39925371,7350.0,-0.0,7387.0,ASK
472,1712454708.0396447,107079.95891436,7350.0,-7.92037781361813e-08,7387.0,ASK
473,1712454708.0443728,108032.98317816,7335.0,-1.567471873506301e-07,7387.0,ASK
474,1712454708.0478745,108034.39702169,7350.0,-2.3253972128643367e-10,7387.0,ASK
475,1712454708.0513682,108366.39702169,7339.0,-5.4605184964452e-08,7387.0,ASK
476,1712454708.054779,110093.66111852,7335.0,-2.840890828007803e-07,7387.0,ASK
477,1712454708.0567832,110099.24906129,7340.0,-9.190682184534071e-10,7387.0,ASK
478,1712454708.0588083,110104.83370252,7337.0,-9.185252027841591e-10,7387.0,ASK
479,1712454708.0608523,110262.39840252,7335.0,-2.5915209600507626e-08,7387.0,ASK
480,1712454715.6084836,110271.39840252,7350.0,-1.480261038192975e-09,7387.0,ASK
481,1712454720.6646078,110271.39840252,7350.0,-0.0,7387.0,ASK
482,1712454730.7380428,110289.11063483,7349.0,2.900335927345089e-09,7387.0,BID
483,1712454746.5281973,110295.11063483,7349.0,9.82485734124845e-10,7387.0,BID
484,1712454750.6150818,110295.11063483,7349.0,0.0,7387.0,BID
485,1712454756.352075,110301.11063483,7346.0,-9.824576998354711e-10,7387.0,ASK
486,1712454763.2097025,110369.10682323,7346.0,1.1133896475508478e-08,7387.0,BID
487,1712454780.9080129,110369.10682323,7346.0,0.0,7387.0,BID
488,1712454793.5686932,110437.23914014,7346.0,1.1155193671910793e-08,7387.0,BID
489,1712454793.6482618,110505.23532853,7346.0,-1.113290557026478e-08,7387.0,ASK
490,1712454796.4025996,110511.23532853,7338.0,9.823702622631423e-10,7387.0,BID
491,1712454805.098148,110522.49409202,7338.0,1.8433790737379007e-09,7387.0,BID
492,1712454807.348459,110539.612412,7339.0,2.802754748042798e-09,7387.0,BID
493,1712454809.2984755,110619.39135322,7339.0,-1.3062076568226678e-08,7387.0,ASK
494,1712454809.3040578,110812.16624139,7338.0,-3.1562719574886776e-08,7387.0,ASK
495,1712454810.9075046,110812.16624139,7338.0,-0.0,7387.0,ASK
496,1712454831.0085194,110880.68641911,7338.0,-1.1212726682715723e-08,7387.0,ASK
497,1712454831.0136364,110886.68641911,7338.0,-9.818474256037896e-10,7387.0,ASK
498,1712454834.498122,111431.94268955,7336.0,-8.92264109043046e-08,7387.0,ASK
499,1712454835.768523,111586.68641911,7336.0,2.5322455416137522e-08,7387.0,BID
500,1712454835.8889382,111646.71289686,7347.0,9.822807107816428e-09,7387.0,BID
501,1712454835.8911312,111681.2142509,7338.0,5.645844274002485e-09,7387.0,BID
502,1712454840.5881915,111681.2142509,7338.0,0.0,7387.0,BID
503,1712454869.2880905,111687.2142509,7338.0,-9.808240224047303e-10,7387.0,ASK
504,1712454869.4109268,111749.73556102,7338.0,1.0220400479652992e-08,7387.0,BID
505,1712454870.6520886,111749.73556102,7338.0,0.0,7387.0,BID
506,1712454900.595817,111749.73556102,7338.0,0.0,7387.0,BID
507,1712454902.598392,111752.73556102,7338.0,-4.909169051284446e-10,7387.0,ASK
508,1712454930.609198,111752.73556102,7338.0,-0.0,7387.0,ASK
509,1712454938.58859,111753.73556102,7347.0,1.6363837889372036e-10,7387.0,BID
510,1712454960.8987508,111753.73556102,7347.0,0.0,7387.0,BID
511,1712454964.3984566,111824.64681465,7347.0,-1.1603788638665274e-08,7387.0,ASK
512,1712454964.4032383,112025.95551474,7347.0,-3.2941789735624133e-08,7387.0,ASK
513,1712454974.8786442,112039.55970692,7347.0,2.2261652780850107e-09,7387.0,BID
514,1712454985.9483826,112042.13470351,7346.0,4.2136776105508786e-10,7387.0,BID
515,1712454990.878128,112042.13470351,7346.0,0.0,7387.0,BID
516,1712455020.7183714,112042.13470351,7346.0,0.0,7387.0,BID
517,1712455042.2883215,112178.26320881,7345.0,2.2268100187613093e-08,7387.0,BID
518,1712455050.613025,112178.26320881,7345.0,0.0,7387.0,BID
519,1712455080.9002595,112178.26320881,7345.0,0.0,7387.0,BID
520,1712455110.8898022,112178.26320881,7345.0,0.0,7387.0,BID
521,1712455125.8787615,112179.62430857,7337.0,-2.2261428076151207e-10,7387.0,ASK
522,1712455125.8848526,112230.17617404,7336.0,-8.267995854205571e-09,7387.0,ASK
523,1712455125.8895764,112399.77553345,7337.0,-2.7738774572226043e-08,7387.0,ASK
524,1712455125.894192,112535.90403875,7337.0,-2.2264458630662802e-08,7387.0,ASK
525,1712455134.4881814,112872.21021495,7343.0,5.500446016607464e-08,7387.0,BID
526,1712455140.6160843,112872.21021495,7343.0,0.0,7387.0,BID
527,1712455170.894742,112872.21021495,7343.0,0.0,7387.0,BID
528,1712455201.343152,112872.21021495,7343.0,0.0,7387.0,BID
529,1712455202.1689508,112885.82491884,7345.0,2.2296529670258484e-09,7387.0,BID
530,1712455202.1737282,112899.43962273,7345.0,2.2296529670282315e-09,7387.0,BID
531,1712455202.178359,113110.43880593,7346.0,3.455491640972372e-08,7387.0,BID
532,1712455202.1812222,113111.80027632,7345.0,2.2296529686797448e-10,7387.0,BID
533,1712455217.518417,113172.29135163,7346.0,9.906503045037977e-09,7387.0,BID
534,1712455221.43827,113330.96273741,7346.0,2.59852971423388e-08,7387.0,BID
535,1712455225.3352838,113467.09124271,7346.0,2.2293494459472213e-08,7387.0,BID
536,1712455230.889264,113467.09124271,7346.0,0.0,7387.0,BID
537,1712455248.8953135,113798.36124271,7346.0,5.4212630916685954e-08,7387.0,BID
538,1712455248.899764,114310.47556157,7346.0,8.380796496968229e-08,7387.0,BID
539,1712455248.9681065,114908.28854257,7346.0,-9.783262745239877e-08,7387.0,ASK
540,1712455248.999938,116397.54253933,7346.0,-2.437177446419791e-07,7387.0,ASK
541,1712455249.0024557,116562.45264281,7346.0,-2.698768549640546e-08,7387.0,ASK
542,1712455249.0048392,116957.22134781,7346.0,-6.460425061618176e-08,7387.0,ASK
543,1712455260.5942135,116957.22134781,7346.0,-0.0,7387.0,ASK
544,1712455265.1584823,116993.93388597,7339.0,5.98293662673096e-09,7387.0,BID
545,1712455273.578493,116995.29646943,7339.0,2.220563027907062e-10,7387.0,BID
546,1712455277.6034184,116996.65905289,7339.0,2.2205630278833472e-10,7387.0,BID
547,1712455281.7981231,116998.02163635,7339.0,2.2205630278833472e-10,7387.0,BID
548,1712455282.444472,117188.60154378,7346.0,3.1058258721119047e-08,7387.0,BID
549,1712455286.798875,117189.96282884,7346.0,2.2184470628060822e-10,7387.0,BID
550,1712455286.8056688,119339.46094934,7346.0,3.502975190161049e-07,7387.0,BID
551,1712455286.810646,119340.8235328,7339.0,2.2205630278833472e-10,7387.0,BID
552,1712455286.813445,119342.18481786,7346.0,2.2184470628060822e-10,7387.0,BID
553,1712455287.438272,119422.97864973,7347.0,1.3166738126422722e-08,7387.0,BID
554,1712455288.0639288,119600.80057941,7347.0,2.8979127824998333e-08,7387.0,BID
555,1712455290.6176982,119600.80057941,7347.0,0.0,7387.0,BID
556,1712455290.711627,119602.16186447,7346.0,2.2114483329991136e-10,7387.0,BID
557,1712455316.5982049,119614.194064,7345.0,1.9546668346475262e-09,7387.0,BID
558,1712455316.6784034,119626.17611946,7356.0,1.9465207803607924e-09,7387.0,BID
559,1712455316.778198,119638.15817492,7356.0,1.9465207803607924e-09,7387.0,BID
560,1712455320.9308636,119638.15817492,7356.0,0.0,7387.0,BID
561,1712455331.7286763,119705.41640927,7336.0,-1.0925814025879085e-08,7387.0,ASK
562,1712455331.731192,119907.51553384,7336.0,-3.2830142973342284e-08,7387.0,ASK
563,1712455339.7687469,120114.3586121,7336.0,-3.3600778067542744e-08,7387.0,ASK
564,1712455339.7742624,120167.30190761,7336.0,-8.600413112978373e-09,7387.0,ASK
565,1712455351.0621805,120167.30190761,7336.0,-0.0,7387.0,ASK
566,1712455363.1960983,120180.93331438,7336.0,-2.212968578804656e-09,7387.0,ASK
567,1712455375.1484866,120208.4663047,7336.0,-4.469798567877277e-09,7387.0,ASK
568,1712455375.158348,120280.93331438,7336.0,-1.1764538915726262e-08,7387.0,ASK
569,1712455380.6016593,120280.93331438,7336.0,-0.0,7387.0,ASK
570,1712455386.938789,120304.51268557,7336.0,-3.82743673063554e-09,7387.0,ASK
571,1712455386.943588,120417.247382,7336.0,-1.8299254651729013e-08,7387.0,ASK
572,1712455391.1190932,121296.78727867,7347.0,1.4276815439435104e-07,7387.0,BID
573,1712455391.124723,121369.62833438,7347.0,1.1823662720958464e-08,7387.0,BID
574,1712455399.3584838,121472.65209131,7341.0,1.6722961279363028e-08,7387.0,BID
575,1712455399.7926464,122153.20197562,7341.0,1.1046781541586285e-07,7387.0,BID
576,1712455399.931274,122836.98943989,7341.0,1.1099334395338912e-07,7387.0,BID
577,1712455403.8783813,122973.21066315,7345.0,2.2111620755127362e-08,7387.0,BID
578,1712455405.058635,122975.21066315,7345.0,3.246428159424743e-10,7387.0,BID
579,1712455410.590556,122975.21066315,7345.0,0.0,7387.0,BID
580,1712455415.9486384,123213.873495,7345.0,3.8616074790633626e-08,7387.0,BID
581,1712455416.7482245,123486.1675726,7345.0,4.405767074890145e-08,7387.0,BID
582,1712455423.2241042,123622.3516926,7343.0,-2.203483517920395e-08,7387.0,ASK
583,1712455423.2285442,123622.35169353,7343.0,-1.504754032000621e-16,7387.0,ASK
584,1712455423.318182,123717.64164724,7346.0,1.5418085634608397e-08,7387.0,BID
585,1712455425.5687706,124048.94164724,7345.0,5.3604934957688506e-08,7387.0,BID
586,1712455425.6884923,124466.19002324,7345.0,-6.751153654295307e-08,7387.0,ASK
587,1712455425.6912398,124537.70311762,7345.0,-1.1570947095874056e-08,7387.0,ASK
588,1712455426.008406,124726.89019454,7338.0,-3.061080879303318e-08,7387.0,ASK
589,1712455426.3313253,124943.17789323,7345.0,3.499573806346254e-08,7387.0,BID
590,1712455426.3444042,124998.49252086,7345.0,8.950006086071352e-09,7387.0,BID
591,1712455426.346925,125325.49252086,7350.0,5.29091872356293e-08,7387.0,BID
592,1712455426.3494835,125695.49583832,7351.0,5.986720122720153e-08,7387.0,BID
593,1712455426.3520584,126375.49583832,7349.0,1.1002522116277653e-07,7387.0,BID
594,1712455426.354597,128075.20588461,7346.0,2.750161378759561e-07,7387.0,BID
595,1712455426.3571482,129870.20588461,7354.0,2.904342235105645e-07,7387.0,BID
596,1712455426.359692,131468.28431641,7350.0,2.5857196013861375e-07,7387.0,BID
597,1712455426.3622916,131763.28431641,7352.0,4.77315297691457e-08,7387.0,BID
598,1712455426.364875,132104.28431641,7354.0,5.517441237721587e-08,7387.0,BID
599,1712455426.3674357,132117.93992204,7357.0,2.209501514050539e-09,7387.0,BID
600,1712455426.370298,133912.93992204,7355.0,2.904342235105645e-07,7387.0,BID
601,1712455426.3728588,133945.52035655,7357.0,5.271572812560234e-09,7387.0,BID
602,1712455426.37544,134242.78873481,7356.0,4.80985574452288e-08,7387.0,BID
603,1712455426.3780262,134249.09429541,7358.0,1.020251028781867e-09,7387.0,BID
604,1712455431.661377,134249.84208602,7354.0,1.2099386360268754e-10,7387.0,BID
605,1712455434.6690712,134599.44443165,7355.0,5.6566287348475417e-08,7387.0,BID
606,1712455434.6744738,134929.69664104,7354.0,5.3435400555341776e-08,7387.0,BID
607,1712455434.7483878,135236.40201153,7355.0,4.962547973525569e-08,7387.0,BID
608,1712455439.530507,135309.10356133,7360.0,1.1763241317090028e-08,7387.0,BID
609,1712455439.5356395,135639.75356133,7367.0,5.349976379039914e-08,7387.0,BID
610,1712455439.5399215,135808.75356133,7363.0,2.7344503494866524e-08,7387.0,BID
611,1712455439.5442083,135915.74678112,7368.0,1.7311695103398948e-08,7387.0,BID
612,1712455440.898137,135915.74678112,7368.0,0.0,7387.0,BID
613,1712455442.238195,136458.63494615,7368.0,8.650872620199713e-08,7387.0,BID
614,1712455443.2600942,137137.24515244,7368.0,1.0813590775289176e-07,7387.0,BID
615,1712455445.1426027,137544.30078337,7370.0,6.486393771939678e-08,7387.0,BID
616,1712455446.5871844,137740.16798538,7370.0,-3.1211257201923814e-08,7387.0,ASK
617,1712455446.5930026,138225.49969345,7370.0,-7.73371581018982e-08,7387.0,ASK
618,1712455446.699532,138262.46703018,7363.0,5.89071086384227e-09,7387.0,BID
619,1712455446.7050557,138371.7943759,7363.0,1.7421211266890323e-08,7387.0,BID
620,1712455446.710384,138677.7943759,7368.0,4.8760816541925264e-08,7387.0,BID
621,1712455446.712855,138780.56509649,7372.0,1.6376419126046157e-08,7387.0,BID
622,1712455446.715373,138816.64730145,7362.0,5.749665936217289e-09,7387.0,BID
623,1712455446.7178905,139012.51450345,7370.0,3.1211257200333086e-08,7387.0,BID
624,1712455449.0962715,139012.51450349,7372.0,-6.376794082209551e-18,7387.0,ASK
625,1712455449.099537,139090.14087349,7372.0,-1.2369690151584353e-08,7387.0,ASK
626,1712455449.2885203,139096.03542349,7364.0,9.392910821799727e-10,7387.0,BID
627,1712455450.3982458,139109.60762761,7364.0,2.162718154136887e-09,7387.0,BID
628,1712455460.1587734,139109.77072922,7364.0,2.5990090467004085e-11,7387.0,BID
629,1712455460.29889,139134.82808457,7364.0,-3.992866363552851e-09,7387.0,ASK
630,1712455460.3044727,139187.18419533,7365.0,8.342897750379693e-09,7387.0,BID
631,1712455460.398655,139187.18419534,7365.0,1.595357937658244e-18,7387.0,BID
632,1712455460.4982276,139243.05549324,7365.0,-8.903039564907645e-09,7387.0,ASK
633,1712455461.42861,139274.61977844,7365.0,-5.029739607563071e-09,7387.0,ASK
634,1712455464.3619,139305.44509224,7364.0,-4.9119851995044715e-09,7387.0,ASK
635,1712455464.4190557,139322.231346,7364.0,-2.674873986983385e-09,7387.0,ASK
636,1712455464.4248116,139346.32914837,7364.0,-3.839962485056157e-09,7387.0,ASK
637,1712455464.9185126,139676.63914837,7370.0,5.2634592522760264e-08,7387.0,BID
638,1712455464.9239335,139732.63914837,7371.0,8.923548125319657e-09,7387.0,BID
639,1712455464.9277153,140702.64719013,7374.0,1.5456988290343357e-07,7387.0,BID
640,1712455465.0381284,140723.83409137,7364.0,-3.376113086455723e-09,7387.0,ASK
641,1712455465.0415246,140744.96306831,7364.0,-3.3668829029086404e-09,7387.0,ASK
642,1712455470.888024,140744.96306831,7364.0,-0.0,7387.0,ASK
643,1712455472.134925,141016.51771868,7365.0,-4.302796308866918e-08,7387.0,ASK
644,1712455473.918337,141110.35202376,7375.0,1.4868090124518456e-08,7387.0,BID
645,1712455474.9248614,141128.08513547,7365.0,-2.809819957291617e-09,7387.0,ASK
646,1712455475.5085456,141364.49083039,7375.0,3.7458594434338135e-08,7387.0,BID
647,1712455475.6102476,141412.83089739,7375.0,-7.659506533017465e-09,7387.0,ASK
648,1712455475.615812,141412.83089818,7375.0,-1.2517498306461288e-16,7387.0,ASK
649,1712455476.029024,141426.38286999,7376.0,2.147316357958567e-09,7387.0,BID
650,1712455477.3487082,141495.37905838,7367.0,-1.0932478759834136e-08,7387.0,ASK
651,1712455477.354496,141766.89684279,7366.0,-4.302212165983124e-08,7387.0,ASK
652,1712455477.428686,142151.89684279,7376.0,6.10034325192598e-08,7387.0,BID
653,1712455477.4339318,142856.29299246,7376.0,1.1161190385251662e-07,7387.0,BID
654,1712455485.1586516,142991.84945172,7377.0,2.1478985233810672e-08,7387.0,BID
655,1712455486.388973,142991.84945257,7377.0,-1.3468392850667123e-16,7387.0,ASK
656,1712455486.3941495,143018.96074357,7377.0,-4.295796911763701e-09,7387.0,ASK
657,1712455487.8083923,143720.66558975,7379.0,-1.1118546553864505e-07,7387.0,ASK
658,1712455487.8486652,143752.04032885,7372.0,4.971342284409211e-09,7387.0,BID
659,1712455487.851586,143901.76334124,7382.0,2.3723682293281216e-08,7387.0,BID
660,1712455487.8594463,143902.63560955,7383.0,1.3821132723959887e-10,7387.0,BID
661,1712455487.8627405,145115.4838498,7385.0,1.921763786498533e-07,7387.0,BID
662,1712455487.8676028,145116.65484571,7383.0,1.8554485708240988e-10,7387.0,BID
663,1712455487.8715887,146316.65484571,7384.0,1.9014056889119937e-07,7387.0,BID
664,1712455487.8746915,146348.17518658,7372.0,4.9944129538868605e-09,7387.0,BID
665,1712455487.877631,147049.88003258,7379.0,1.1118546551012745e-07,7387.0,BID
666,1712455487.8805933,147470.10555192,7385.0,6.658493275825459e-08,7387.0,BID
667,1712455487.8947315,147493.19529189,7371.0,3.658580244541041e-09,7387.0,BID
668,1712455487.9300373,147590.09961558,7375.0,-1.5354536028692833e-08,7387.0,ASK
669,1712455487.9349606,147617.91360549,7373.0,-4.407139887185526e-09,7387.0,ASK
670,1712455487.9398642,147637.91544592,7373.0,-3.16930109852468e-09,7387.0,ASK
671,1712455490.7782593,148179.48056912,7386.0,8.58112505140685e-08,7387.0,BID
672,1712455493.898826,148187.16724661,7387.0,1.2179576923616816e-09,7387.0,BID
673,1712455493.904831,148450.26209001,7386.0,4.168750266367654e-08,7387.0,BID
674,1712455494.9184103,148497.22393571,7376.0,-7.441126714651769e-09,7387.0,ASK
675,1712455495.1984344,148511.9164676,7387.0,2.328038643347717e-09,7387.0,BID
676,1712455495.3014188,148546.49633228,7376.0,-5.479195952026939e-09,7387.0,ASK
677,1712455495.3203664,148580.8035804,7376.0,-5.4359997288603545e-09,7387.0,ASK
678,1712455496.0882857,148599.78734564,7376.0,-3.00798660202579e-09,7387.0,ASK
679,1712455496.1483364,148619.26957632,7376.0,-3.0869686873001874e-09,7387.0,ASK
680,1712455499.218174,148635.71992561,7377.0,-2.606565643718058e-09,7387.0,ASK
681,1712455500.580418,148635.71992561,7377.0,-0.0,7387.0,ASK
682,1712455501.948176,148661.92116328,7377.0,-4.123294889376973e-09,7387.0,ASK
683,1712455502.2686198,149009.17018994,7387.0,5.464666039832359e-08,7387.0,BID
684,1712455502.2756855,150015.71018994,7386.0,1.5839943479866416e-07,7387.0,BID
685,1712455502.3089013,150692.66659394,7387.0,1.0653278734768093e-07,7387.0,BID
686,1712455502.9283051,151743.84175528,7377.0,-1.654236805597901e-07,7387.0,ASK
687,1712455516.249414,151763.57497926,7378.0,-3.105422064883343e-09,7387.0,ASK
688,1712455516.7085774,151795.18449501,7378.0,-4.974396873505895e-09,7387.0,ASK
689,1712455516.770434,151818.55169306,7378.0,-3.6773014127081996e-09,7387.0,ASK
690,1712455517.1603842,151863.79076348,7378.0,-7.1192830740419276e-09,7387.0,ASK
691,1712455517.8784282,151892.80870544,7378.0,-4.566560301113236e-09,7387.0,ASK
692,1712455517.9781897,151941.69642682,7378.0,-7.693472127475216e-09,7387.0,ASK
693,1712455518.2183952,151964.03676511,7378.0,-3.5157042525352874e-09,7387.0,ASK
694,1712455518.2985208,152030.9496956,7378.0,-1.0530103493488172e-08,7387.0,ASK
695,1712455518.398296,152063.97634653,7378.0,-5.197411767644046e-09,7387.0,ASK
696,1712455518.6983562,152114.14701802,7378.0,-7.895370285819464e-09,7387.0,ASK
697,1712455519.653981,152167.19559834,7378.0,-8.348267470303528e-09,7387.0,ASK
698,1712455520.168441,152236.00007574,7381.0,-1.0827776672340408e-08,7387.0,ASK
699,1712455520.2084148,152273.76109796,7381.0,-5.942460882891634e-09,7387.0,ASK
700,1712455520.2284136,152322.14947482,7381.0,-7.614890163778574e-09,7387.0,ASK
701,1712455520.248361,152438.30851687,7381.0,-1.827997556726187e-08,7387.0,ASK
702,1712455522.2390327,152767.80851687,7386.0,5.185349192894411e-08,7387.0,BID
703,1712455522.2783458,152827.18680192,7386.0,-9.344374581473245e-09,7387.0,ASK
704,1712455522.2994084,152844.41469746,7386.0,-2.711157943353946e-09,7387.0,ASK
705,1712455522.798458,153023.05399396,7386.0,2.811250779743745e-08,7387.0,BID
706,1712455522.804298,154767.57669005,7387.0,2.745359439804615e-07,7387.0,BID
707,1712455528.9985328,155094.57669005,7386.0,5.146006634526473e-08,7387.0,BID
708,1712455529.0089996,156865.65679579,7387.0,2.7871528973749264e-07,7387.0,BID
709,1712455530.4285586,157192.62679579,7386.0,5.1455345238260754e-08,7387.0,BID
710,1712455530.433884,157405.99350438,7387.0,3.3577568745905564e-08,7387.0,BID
711,1712455530.5709386,157405.99350438,7387.0,0.0,7387.0,BID
712,1712455535.501767,157658.35121918,7379.0,-3.931289637964799e-08,7387.0,ASK
713,1712455536.6183336,157858.35121918,7387.0,3.115648468349904e-08,7387.0,BID
714,1712455537.738225,157887.66851811,7379.0,-4.567119875369421e-09,7387.0,ASK
715,1712455539.6687503,157919.32935605,7379.0,-4.932202061721557e-09,7387.0,ASK
716,1712455540.0683608,157968.15284199,7379.0,-7.605840959422628e-09,7387.0,ASK
717,1712455540.1783905,157972.68742076,7379.0,-7.06407669966822e-10,7387.0,ASK
718,1712455540.1842594,158017.0872375,7379.0,-6.9167110510519245e-09,7387.0,ASK
719,1712455540.3085575,159370.81676234,7387.0,2.1088726603138777e-07,7387.0,BID
720,1712455540.6584222,159394.22552063,7379.0,-3.6466730956098948e-09,7387.0,ASK
721,1712455542.735133,159396.20381482,7379.0,-3.08183463153968e-10,7387.0,ASK
722,1712455545.258548,160180.8103804,7387.0,1.22227912215331e-07,7387.0,BID
723,1712455546.3192973,160504.35215554,7387.0,5.040212180810437e-08,7387.0,BID
724,1712455546.322489,160554.35215554,7387.0,7.789121170874757e-09,7387.0,BID
725,1712455546.3253431,162727.53949467,7387.0,3.385443902298898e-07,7387.0,BID
726,1712455546.3781936,162877.04143044,7387.0,-2.328977385985848e-08,7387.0,ASK
727,1712455546.398406,163072.20705613,7388.0,-3.0403374137778046e-08,7388.0,ASK
728,1712455546.4020424,163072.90862249,7388.0,-1.0929170775175604e-10,7388.0,ASK
729,1712455546.4056363,163540.7429968,7387.0,-7.28803725880167e-08,7388.0,ASK
730,1712455546.4242518,163648.53626597,7389.0,1.6792296699398778e-08,7389.0,BID
731,1712455546.4278529,163714.70064437,7387.0,-1.0307247211062581e-08,7389.0,ASK
732,1712455546.4383557,163731.80138435,7387.0,-2.6639947163168587e-09,7389.0,ASK
733,1712455546.441404,163748.90930056,7387.0,-2.665112646816042e-09,7389.0,ASK
734,1712455546.4582622,163817.83907605,7387.0,-1.0738047471458874e-08,7389.0,ASK
735,1712455546.498654,163853.46351205,7387.0,-5.549660972958916e-09,7389.0,ASK
736,1712455546.5990477,163901.00424311,7387.0,-7.40601029556595e-09,7389.0,ASK
737,1712455546.6584756,163932.22876478,7387.0,-4.864231655808563e-09,7389.0,ASK
738,1712455546.6832888,163955.50337579,7387.0,-3.62577530723472e-09,7389.0,ASK
739,1712455546.6882248,163986.75089744,7387.0,-4.867814648430296e-09,7389.0,ASK
740,1712455546.7380817,164020.48047544,7387.0,-5.254475401689208e-09,7389.0,ASK
741,1712455546.7585068,164153.68346881,7387.0,-2.0750685113640244e-08,7389.0,ASK
742,1712455546.7980974,164254.23888596,7387.0,-1.56647665713837e-08,7389.0,ASK
743,1712455546.8181736,164267.96861671,7390.0,2.1388507291043206e-09,7390.0,BID
744,1712455547.038391,164296.96861671,7387.0,-4.517690279107359e-09,7390.0,ASK
745,1712455547.2784472,164378.15941508,7390.0,1.2648099329283258e-08,7390.0,BID
746,1712455547.3790748,164666.07460368,7390.0,4.485212581881147e-08,7390.0,BID
747,1712455547.8688831,165040.63337184,7390.0,5.834967261623666e-08,7390.0,BID
748,1712455547.8748038,166695.84456308,7390.0,2.5785281063912614e-07,7390.0,BID
749,1712455548.5483534,166697.22556308,7390.0,-2.1513552673861768e-10,7390.0,ASK
750,1712455549.3088384,166733.36771992,7390.0,-5.630312780072114e-09,7390.0,ASK
751,1712455549.3686633,166770.07404816,7390.0,-5.718200767983744e-09,7390.0,ASK
752,1712455549.375697,166808.34019565,7390.0,-5.961193190844861e-09,7390.0,ASK
753,1712455549.448352,166830.69315642,7390.0,-3.48219839930513e-09,7390.0,ASK
754,1712455549.4683695,166871.71678809,7390.0,-6.390760758942029e-09,7390.0,ASK
755,1712455549.548292,166891.2760178,7390.0,-3.0469842044023076e-09,7390.0,ASK
756,1712455549.7885463,166943.2760178,7390.0,-8.100686017709748e-09,7390.0,ASK
757,1712455550.1690109,167054.16820136,7390.0,-1.727505309303528e-08,7390.0,ASK
758,1712455550.1883328,167072.85512425,7390.0,2.911094134018292e-09,7390.0,BID
759,1712455552.018326,167074.20922039,7395.0,2.1094437823165798e-10,7395.0,BID
760,1712455552.098329,167103.36877172,7395.0,-4.542545571953943e-09,7395.0,ASK
761,1712455552.1017594,167196.68406272,7395.0,-1.4536882173889753e-08,7395.0,ASK
762,1712455554.294484,167215.7097165,7391.0,-2.963862452946319e-09,7395.0,ASK
763,1712455554.352681,167330.96389989,7390.0,-1.795457599749911e-08,7395.0,ASK
764,1712455554.3568285,167408.79401189,7391.0,-1.2124563462214448e-08,7395.0,ASK
765,1712455554.4882658,167647.07618757,7390.0,-3.7120174784625485e-08,7395.0,ASK
766,1712455555.1084366,167684.37039818,7390.0,-5.809782508269667e-09,7395.0,ASK
767,1712455555.1923149,167712.26799967,7390.0,-4.345955967647148e-09,7395.0,ASK
768,1712455555.1977367,167796.1267882,7390.0,-1.3063725302057561e-08,7395.0,ASK
769,1712455555.2015586,167850.51080707,7390.0,-8.472074254753313e-09,7395.0,ASK
770,1712455555.2555273,167871.29130802,7390.0,-3.2372367978206716e-09,7395.0,ASK
771,1712455555.3084276,167902.45914591,7390.0,-4.8554013191849406e-09,7395.0,ASK
772,1712455555.8286593,167925.77140873,7390.0,-3.6316407974485522e-09,7395.0,ASK
773,1712455556.2783785,167945.39883001,7390.0,-3.0576072524330836e-09,7395.0,ASK
774,1712455556.4581802,167969.79168903,7390.0,-3.7999786922182255e-09,7395.0,ASK
775,1712455556.468471,168017.94236885,7390.0,-7.501029591557044e-09,7395.0,ASK
776,1712455557.9886546,168055.0667311,7390.0,-5.7833231191346265e-09,7395.0,ASK
777,1712455559.7384174,168083.93894557,7390.0,-4.497783539566344e-09,7395.0,ASK
778,1712455559.7425282,168302.06931857,7390.0,-3.398087812690101e-08,7395.0,ASK
779,1712455560.2589357,168318.26690698,7390.0,-2.523299576028256e-09,7395.0,ASK
780,1712455560.4401517,168351.38088506,7390.0,-5.158575754298539e-09,7395.0,ASK
781,1712455560.452744,168494.01887537,7390.0,-2.222049180189336e-08,7395.0,ASK
782,1712455560.457434,168497.21293046,7390.0,-4.975776424474686e-10,7395.0,ASK
783,1712455560.679252,168655.65476514,7390.0,-2.4682452977165852e-08,7395.0,ASK
784,1712455560.7229598,168754.48445765,7390.0,-1.539592900481145e-08,7395.0,ASK
785,1712455560.7275496,168765.93488162,7390.0,-1.783774795204938e-09,7395.0,ASK
786,1712455560.8212154,168838.55547665,7390.0,-1.1313012283797164e-08,7395.0,ASK
787,1712455560.8783803,168933.51701192,7390.0,-1.4793338095802893e-08,7395.0,ASK
788,1712455560.8836248,168933.51701192,7390.0,-0.0,7395.0,ASK
789,1712455561.1381288,168968.17584858,7390.0,-5.3291173084321355e-09,7395.0,ASK
790,1712455561.7482436,169026.36823149,7390.0,-8.947618121944777e-09,7395.0,ASK
791,1712455561.890527,169027.40312844,7398.0,1.5912499611037288e-10,7398.0,BID
792,1712455561.896737,169431.88323554,7398.0,6.219256464977021e-08,7398.0,BID
793,1712455563.3283277,169457.93878538,7390.0,-4.006282236048824e-09,7398.0,ASK
794,1712455564.1382513,169477.43318179,7391.0,-2.997444096147274e-09,7398.0,ASK
795,1712455564.2182848,169499.91825771,7391.0,-3.457288784449801e-09,7398.0,ASK
796,1712455564.2380517,169568.43909041,7391.0,-1.0535712987477646e-08,7398.0,ASK
797,1712455564.2985108,169972.34001782,7390.0,-6.210351040536847e-08,7398.0,ASK
798,1712455564.304717,170132.43909041,7391.0,-2.4616715995771737e-08,7398.0,ASK
799,1712455565.326929,170190.33909041,7390.0,-8.902661540120634e-09,7398.0,ASK
800,1712455565.3982334,170218.93599862,7390.0,-4.39703963536e-09,7398.0,ASK
801,1712455565.5063322,170243.28413409,7390.0,-3.743751454617881e-09,7398.0,ASK
802,1712455568.601749,170262.90663853,7390.0,-3.017141892896056e-09,7398.0,ASK
1002,1712455568.601749,170262.90663853,7390.0,-3.0171418928960562e-09,7398.0,ASK
803,1712455568.685472,170319.26748679,7390.0,-8.666002697282155e-09,7398.0,ASK
804,1712455568.6910992,170376.08338507,7390.0,-8.735970854656927e-09,7398.0,ASK
805,1712455569.401354,170416.71961858,7390.0,-6.248197464677173e-09,7398.0,ASK
1005,1712455569.401354,170416.71961858,7390.0,-6.2481974646771735e-09,7398.0,ASK
806,1712455569.4076052,170554.19829233,7390.0,-2.113862005838104e-08,7398.0,ASK
807,1712455569.4781818,170576.78027721,7390.0,-3.472189435072512e-09,7398.0,ASK
808,1712455569.4982476,170857.77027721,7390.0,-4.3204816341233294e-08,7398.0,ASK
809,1712455571.2523048,170895.57711127,7390.0,-5.8131510801304275e-09,7398.0,ASK
810,1712455571.264884,170932.9406135,7390.0,-5.744984703058769e-09,7398.0,ASK
811,1712455574.990974,170955.9718661,7391.0,-3.541268510240365e-09,7398.0,ASK
812,1712455575.9454794,170984.68802036,7391.0,-4.4153748205592694e-09,7398.0,ASK
1012,1712455575.9454794,170984.68802036,7391.0,-4.415374820559269e-09,7398.0,ASK
813,1712455576.6105692,170993.68802036,7391.0,-1.3838334000181947e-09,7398.0,ASK
814,1712455576.728187,171128.87796222,7397.0,2.078670632137741e-08,7398.0,BID
815,1712455577.1931806,171135.94209422,7391.0,-1.0861757559707404e-09,7398.0,ASK
816,1712455577.2282248,171144.90139737,7391.0,-1.377575882208267e-09,7398.0,ASK
817,1712455577.2983494,171250.08935076,7391.0,1.6173622575627562e-08,7398.0,BID
818,1712455578.6228857,171289.08935076,7390.0,-5.9966114000788444e-09,7398.0,ASK
819,1712455581.1198554,171313.00029591,7390.0,-3.676529391616551e-09,7398.0,ASK
820,1712455583.67842,171346.99075379,7391.0,-5.226347877364763e-09,7398.0,ASK
821,1712455584.038274,171372.44201075,7391.0,-3.913366605964432e-09,7398.0,ASK
822,1712455584.19889,171390.86808513,7391.0,-2.833179684251023e-09,7398.0,ASK
823,1712455584.4480262,171448.29998472,7391.0,-8.830686764349723e-09,7398.0,ASK
824,1712455584.452991,171922.89197411,7390.0,-7.297291625544016e-08,7398.0,ASK
825,1712455584.8083632,171993.60211248,7390.0,-1.0872339021811436e-08,7398.0,ASK
826,1712455587.3786862,172164.4296587,7392.0,-2.6266318233600325e-08,7398.0,ASK
827,1712455588.2783377,172203.20227843,7395.0,5.961649576505338e-09,7398.0,BID
828,1712455588.3403864,172690.16256673,7392.0,-7.487465682578172e-08,7398.0,ASK
829,1712455590.858612,172690.16256673,7392.0,-0.0,7398.0,ASK
830,1712455592.898977,172756.24245838,7392.0,-1.0116112654637841e-08,7398.0,ASK
831,1712455592.9982226,172800.61516572,7392.0,-6.792978847788483e-09,7398.0,ASK
832,1712455594.7282724,172817.1000319,7392.0,-2.5236537047712903e-09,7398.0,ASK
833,1712455595.709575,173010.83011838,7398.0,2.9657969020357544e-08,7398.0,BID
834,1712455595.7152276,173227.26749865,7395.0,3.313420871031264e-08,7398.0,BID
835,1712455595.719959,173255.98365291,7397.0,4.396130868991386e-09,7398.0,BID
836,1712455598.218438,173306.98365291,7392.0,-7.807545268371844e-09,7398.0,ASK
837,1712455598.278315,173323.59868025,7392.0,-2.543579962591314e-09,7398.0,ASK
838,1712455598.581761,173337.11584705,7397.0,2.0693312096317704e-09,7398.0,BID
839,1712455599.868526,173598.92868025,7397.0,4.008069700097504e-08,7398.0,BID
840,1712455599.9920182,173626.6722927,7392.0,-4.2472452963038646e-09,7398.0,ASK
841,1712455599.9968498,173742.57001783,7392.0,-1.774268108732846e-08,7398.0,ASK
842,1712455600.0286276,173763.49089532,7392.0,-3.202758785434315e-09,7398.0,ASK
843,1712455600.0494576,173784.36410075,7392.0,-3.1954607115863766e-09,7398.0,ASK
844,1712455600.0566704,173805.34185613,7392.0,-3.2114661717259e-09,7398.0,ASK
845,1712455600.1096623,173834.72872816,7392.0,-4.498810464120475e-09,7398.0,ASK
846,1712455600.117916,173864.07620376,7392.0,-4.4927792992034954e-09,7398.0,ASK
847,1712455602.158539,173883.07417309,7392.0,-2.908382461786174e-09,7398.0,ASK
848,1712455602.6015456,173902.99623429,7392.0,-3.049850875655627e-09,7398.0,ASK
849,1712455602.6715555,174057.75250827,7392.0,-2.3691502248300626e-08,7398.0,ASK
850,1712455603.728768,174167.31199309,7398.0,1.677236543748299e-08,7398.0,BID
851,1712455603.736164,174199.31199309,7398.0,4.898851933096059e-09,7398.0,BID
852,1712455603.742669,174224.83288109,7397.0,3.9069703597851135e-09,7398.0,BID
853,1712455604.7809994,174241.33750144,7393.0,-2.526677853330938e-09,7398.0,ASK
854,1712455604.7908802,174257.79514422,7393.0,-2.519486098344853e-09,7398.0,ASK
855,1712455604.9179957,174289.79514422,7393.0,-4.898851933096059e-09,7398.0,ASK
856,1712455604.9284155,174308.64220625,7393.0,-2.885280195587774e-09,7398.0,ASK
857,1712455604.9560764,174327.39467133,7393.0,-2.870798431484214e-09,7398.0,ASK
858,1712455605.2381668,174370.31276033,7393.0,-6.5702926019532655e-09,7398.0,ASK
1058,1712455605.2381668,174370.31276033,7393.0,-6.570292601953265e-09,7398.0,ASK
859,1712455605.9397936,174387.57002762,7393.0,-2.641899913236424e-09,7398.0,ASK
860,1712455605.9982843,174420.83983397,7393.0,-5.093245473482046e-09,7398.0,ASK
861,1712455606.078258,174454.1132911,7393.0,-5.093804368187333e-09,7398.0,ASK
862,1712455606.304132,175002.5991021,7393.0,-8.396721173416281e-08,7398.0,ASK
863,1712455606.774128,175027.28606297,7393.0,-3.779305186882191e-09,7398.0,ASK
864,1712455606.777816,175052.04299349,7393.0,-3.790016779232292e-09,7398.0,ASK
865,1712455606.784916,175077.02527582,7393.0,-3.8245156901696225e-09,7398.0,ASK
866,1712455606.8782856,175119.41845322,7393.0,-6.48993434550138e-09,7398.0,ASK
867,1712455607.0052085,175161.98555878,7393.0,-6.516560854967551e-09,7398.0,ASK
868,1712455607.0590696,175189.9346574,7393.0,-4.278702993841631e-09,7398.0,ASK
869,1712455607.0658808,175573.41284674,7393.0,-5.8706339660885203e-08,7398.0,ASK
870,1712455607.7281616,175627.41284674,7392.0,-8.2668126370996e-09,7398.0,ASK
871,1712455612.598365,175630.43838932,7392.0,-4.6317765990105567e-10,7398.0,ASK
872,1712455612.6082978,175679.81284674,7392.0,-7.558692380547306e-09,7398.0,ASK
873,1712455613.4086242,176360.36273105,7393.0,-1.0418478488500952e-07,7398.0,ASK
874,1712455613.488343,176379.81284674,7393.0,-2.977601151466773e-09,7398.0,ASK
875,1712455613.6685617,176391.49431849,7392.0,-1.788306264495887e-09,7398.0,ASK
876,1712455613.6756802,176396.33115838,7392.0,-7.40467576411219e-10,7398.0,ASK
877,1712455616.7248998,176448.36621373,7393.0,-7.966000984068553e-09,7398.0,ASK
878,1712455620.052033,176466.96719421,7394.0,-2.8476077869349804e-09,7398.0,ASK
1078,1712455620.052033,176466.96719421,7394.0,-2.84760778693498e-09,7398.0,ASK
879,1712455620.0727737,176485.54323797,7394.0,-2.843790246341751e-09,7398.0,ASK
880,1712455620.562686,176485.54323797,7394.0,-0.0,7398.0,ASK
881,1712455620.7592018,176502.27126795,7394.0,-2.549924854233929e-09,7398.0,ASK
882,1712455620.7781184,176519.02920726,7394.0,-2.554484060786639e-09,7398.0,ASK
883,1712455621.038275,176538.59716402,7394.0,-2.9828269885065913e-09,7398.0,ASK
884,1712455622.6583457,176555.95182271,7394.0,-2.6454445372976327e-09,7398.0,ASK
885,1712455622.6783042,176573.29788319,7394.0,-2.644133875532293e-09,7398.0,ASK
1085,1712455622.6783042,176573.29788319,7394.0,-2.6441338755322933e-09,7398.0,ASK
886,1712455622.6889453,176590.60649051,7394.0,-2.6384247308351834e-09,7398.0,ASK
887,1712455622.7981968,176597.13548611,7394.0,-9.952426061848222e-10,7398.0,ASK
888,1712455622.811392,176627.33961216,7394.0,-4.6041435726362695e-09,7398.0,ASK
889,1712455622.9881291,176660.33961216,7394.0,-5.030330546412567e-09,7398.0,ASK
890,1712455623.4884229,176682.27922641,7394.0,-3.3443488405547327e-09,7398.0,ASK
891,1712455623.9295018,176715.27922641,7394.0,-5.030330546412567e-09,7398.0,ASK
892,1712455624.0915265,176732.2524961,7394.0,-2.5873077877005923e-09,7398.0,ASK
893,1712455624.1100578,176749.68846973,7394.0,-2.6578397199215593e-09,7398.0,ASK
894,1712455624.8480625,176841.44196049,7394.0,-1.3986375373029289e-08,7398.0,ASK
895,1712455624.928222,176864.87093634,7394.0,-3.5713785724101782e-09,7398.0,ASK
896,1712455624.953091,176916.87093634,7394.0,-7.926581467074348e-09,7398.0,ASK
897,1712455625.278363,176934.27569996,7394.0,-2.65308224517466e-09,7398.0,ASK
898,1712455625.6385212,177022.75581992,7394.0,-1.3487401520759321e-08,7398.0,ASK
899,1712455625.646647,177091.45976191,7394.0,-1.0472834486398756e-08,7398.0,ASK
900,1712455625.6784625,177253.7823052,7394.0,-2.474351660251816e-08,7398.0,ASK
901,1712455625.7382283,177298.22731317,7394.0,-6.774941855365434e-09,7398.0,ASK
902,1712455626.158818,177316.24790497,7394.0,-2.746955557451357e-09,7398.0,ASK
903,1712455627.3791418,177320.24790497,7394.0,-6.097370359287961e-10,7398.0,ASK
904,1712455628.2286134,177324.24790497,7394.0,-6.097370359287961e-10,7398.0,ASK
905,1712455628.288374,177342.1777156,7394.0,-2.7331173970770446e-09,7398.0,ASK
906,1712455629.7482667,177376.45529474,7394.0,-5.2250773759104065e-09,7398.0,ASK
907,1712455629.7983727,177392.95505217,7394.0,-2.51512829722691e-09,7398.0,ASK
1108,1712455629.806175,177409.46635557,7394.0,-2.516888298610732e-09,7398.0,ASK
908,1712455629.806175,177409.46635557,7394.0,-2.5168882986107322e-09,7398.0,ASK
909,1712455638.1284964,177471.82684745,7398.0,9.505875369490628e-09,7398.0,BID
910,1712455638.1363206,177544.64786692,7397.0,1.1100418141236698e-08,7398.0,BID
911,1712455638.918523,177623.21745769,7394.0,-1.1976697347563886e-08,7398.0,ASK
912,1712455640.618713,178028.05687374,7398.0,6.171139639236392e-08,7398.0,BID
913,1712455641.1085324,178216.66972337,7398.0,2.87510599678712e-08,7398.0,BID
914,1712455641.1285946,178275.40653986,7398.0,8.953503096628207e-09,7398.0,BID
915,1712455641.2486436,178536.69512168,7398.0,3.9829331350241554e-08,7398.0,BID
916,1712455641.5890083,178689.54954816,7398.0,2.3300251232625642e-08,7398.0,BID
917,1712455642.4711823,178794.70837486,7398.0,1.6029807823452635e-08,7398.0,BID
918,1712455642.5544157,178853.67851739,7398.0,8.98906997863756e-09,7398.0,BID
919,1712455643.5292518,178902.83477743,7398.0,7.493098073530251e-09,7398.0,BID
920,1712455643.6625593,178934.32411076,7400.0,4.800053192004041e-09,7400.0,BID
921,1712455643.6663053,178934.32411077,7398.0,1.5216923444210053e-18,7400.0,BID
922,1712455643.6698165,178937.05211411,7400.0,4.1584116763639196e-10,7400.0,BID
923,1712455643.948892,178970.53520026,7400.0,5.103969425711474e-09,7400.0,BID
924,1712455643.9589927,179064.42391806,7400.0,1.4311857124631864e-08,7400.0,BID
925,1712455643.9643545,179114.18290119,7400.0,7.584973721131395e-09,7400.0,BID
926,1712455646.098183,179162.88160114,7398.0,-7.423350240271441e-09,7400.0,ASK
927,1712455646.1785004,179211.57469876,7398.0,-7.4224962532539825e-09,7400.0,ASK
1127,1712455646.1785004,179211.57469876,7398.0,-7.422496253253982e-09,7400.0,ASK
928,1712455646.388178,179266.13099034,7398.0,-8.316247879813545e-09,7400.0,ASK
929,1712455647.0281758,179329.07435347,7398.0,-9.594724916569825e-09,7400.0,ASK
930,1712455647.2086651,179390.15831914,7398.0,-9.311289042600117e-09,7400.0,ASK
931,1712455647.9127202,180050.87176602,7400.0,1.0071536467472613e-07,7400.0,BID
932,1712455647.9210193,180065.83197316,7401.0,2.280448089608385e-09,7401.0,BID
933,1712455650.5984204,180065.83197316,7401.0,0.0,7401.0,BID
934,1712455653.32887,180119.02408842,7401.0,8.075697685372554e-09,7401.0,BID
935,1712455653.3358853,180580.2935913,7401.0,7.003054942510133e-08,7401.0,BID
936,1712455654.9183233,181928.695131,7404.0,2.047161151588426e-07,7404.0,BID
937,1712455655.0781446,181930.9148771,7404.0,3.3700480521235606e-10,7404.0,BID
938,1712455658.3613014,181933.6153902,7406.0,4.0999549057800786e-10,7406.0,BID
1138,1712455658.3613014,181933.6153902,7406.0,4.099954905780079e-10,7406.0,BID
939,1712455658.367487,181934.31768857,7408.0,1.0662387260690644e-10,7408.0,BID
940,1712455658.370953,181948.17304387,7412.0,2.103538469548544e-09,7412.0,BID
1140,1712455658.370953,181948.17304387,7412.0,2.1035384695485442e-09,7412.0,BID
941,1712455658.383993,182188.17304387,7410.0,3.643711920490223e-08,7412.0,BID
942,1712455658.3876867,182189.779141,7414.0,2.4383980242125924e-10,7414.0,BID
943,1712455658.3912554,182190.45390484,7410.0,1.0244354363589614e-10,7414.0,BID
944,1712455658.394816,182191.12871256,7411.0,1.0245020555886388e-10,7414.0,BID
1145,1712455658.3983936,182218.11940936,7414.0,4.097763486353989e-09,7414.0,BID
945,1712455658.3983936,182218.11940936,7414.0,4.0977634863539894e-09,7414.0,BID
946,1712455658.4019773,182501.11940936,7413.0,4.296543639578055e-08,7414.0,BID
947,1712455658.4055324,183132.77845823,7415.0,9.5899316918881e-08,7415.0,BID
948,1712455658.4091475,183501.77845823,7413.0,5.602207077753718e-08,7415.0,BID
949,1712455658.4127293,183684.46975998,7415.0,2.7736436414850888e-08,7415.0,BID
950,1712455658.6087687,183717.57422341,7404.0,-5.0259636675515134e-09,7415.0,ASK
951,1712455658.6161454,183733.23556129,7404.0,-2.377725146842435e-09,7415.0,ASK
1151,1712455658.6161454,183733.23556129,7404.0,-2.3777251468424352e-09,7415.0,ASK
952,1712455659.1629822,183754.29433686,7404.0,-3.197171315640688e-09,7415.0,ASK
953,1712455659.5295522,183758.13437483,7404.0,-5.82999671932631e-10,7415.0,ASK
954,1712455659.8847582,183788.39389567,7404.0,-4.594040699707637e-09,7415.0,ASK
955,1712455661.5599868,184193.08835135,7413.0,6.144125051323008e-08,7415.0,BID
956,1712455664.6381004,184246.00173008,7413.0,8.033379534664461e-09,7415.0,BID
957,1712455667.8683867,184444.00332578,7413.0,3.00608656053428e-08,7415.0,BID
958,1712455670.059097,184444.69597823,7413.0,-1.0515941620110896e-10,7415.0,ASK
959,1712455670.3983147,184579.7216331,7417.0,2.0499774509242123e-08,7417.0,BID
960,1712455671.788303,184711.70597823,7417.0,2.0038038819508813e-08,7417.0,BID
961,1712455671.7953577,184764.9161107,7426.0,8.078433082159242e-09,7426.0,BID
962,1712455671.7997262,184791.31336842,7425.0,4.007666775942941e-09,7426.0,BID
963,1712455671.8041034,185612.23006675,7418.0,1.246326649764366e-07,7426.0,BID
964,1712455671.8084292,185655.23006675,7419.0,6.528317190878317e-09,7426.0,BID
965,1712455671.8127728,185658.75549075,7423.0,5.35234560564745e-10,7426.0,BID
966,1712455671.8171115,185726.19497287,7420.0,1.0238751871348844e-08,7426.0,BID
967,1712455671.821478,185726.89299064,7425.0,1.0597398621745896e-10,7426.0,BID
968,1712455671.8258166,186074.89299064,7423.0,5.283382284710825e-08,7426.0,BID
969,1712455671.8301747,187274.89299064,7422.0,1.821855960245112e-07,7426.0,BID
970,1712455672.068228,187275.57985932,7425.0,1.0428131654709139e-10,7426.0,BID
1170,1712455672.068228,187275.57985932,7425.0,1.042813165470914e-10,7426.0,BID
971,1712455677.1669908,187949.43430675,7420.0,1.0230547844900176e-07,7426.0,BID
972,1712455678.5990682,188198.82838082,7425.0,3.786334002452087e-08,7426.0,BID
973,1712455679.1892462,188232.54753939,7429.0,5.119287501270115e-09,7429.0,BID
974,1712455679.1935432,188233.89361558,7429.0,2.0436307747111807e-10,7429.0,BID
975,1712455679.1971853,188482.89361558,7426.0,3.780351117508608e-08,7429.0,BID
976,1712455679.2008705,188550.86131411,7430.0,1.0318946389252402e-08,7430.0,BID
977,1712455679.2045484,190345.86131411,7427.0,2.725192873866647e-07,7430.0,BID
978,1712455679.2082295,191295.78037136,7425.0,1.442179746834432e-07,7430.0,BID
979,1712455679.2119207,191297.12626639,7430.0,2.0433557352428606e-10,7430.0,BID
980,1712455679.215625,192565.12626639,7429.0,1.9250944646590015e-07,7430.0,BID
981,1712455679.2193935,193125.88661238,7430.0,8.513538155091799e-08,7430.0,BID
982,1712455679.5584085,193139.58661238,7413.0,-2.0799522212771847e-09,7430.0,ASK
983,1712455679.578141,193140.40216219,7413.0,-1.2381785685355449e-10,7430.0,ASK
984,1712455680.908558,193140.40216219,7413.0,-0.0,7430.0,ASK
985,1712455683.403464,193275.02790219,7428.0,-2.0142416877105257e-08,7430.0,ASK
986,1712455684.1660905,193293.53554009,7423.0,-2.769073417851085e-09,7430.0,ASK
987,1712455684.1721025,193713.44339915,7423.0,-6.282572075117448e-08,7430.0,ASK
988,1712455684.176438,193713.44339959,7428.0,-6.583062363872355e-17,7430.0,ASK
989,1712455689.38846,193767.32270959,7424.0,-8.061307763809979e-09,7430.0,ASK
990,1712455690.3691251,193778.03044353,7427.0,1.6020683773317691e-09,7430.0,BID
991,1712455690.3733804,194036.61044353,7427.0,3.868818961427481e-08,7430.0,BID
992,1712455691.0992577,194223.30768061,7427.0,2.793324351695197e-08,7430.0,BID
993,1712455691.1082966,194345.56791368,7430.0,1.8292316031003216e-08,7430.0,BID
994,1712455691.112911,194480.86760249,7428.0,2.0243251664608922e-08,7430.0,BID
1194,1712455691.112911,194480.86760249,7428.0,2.024325166460892e-08,7430.0,BID
995,1712455693.7888138,194480.86760283,7424.0,-5.08687224069036e-17,7430.0,ASK
996,1712455693.7973392,194530.86760283,7428.0,-7.480893652694858e-09,7430.0,ASK
997,1712455693.8011625,194665.49334327,7428.0,-2.014241694294024e-08,7430.0,ASK
998,1712455694.1733544,194712.18078527,7420.0,6.985275770366426e-09,7430.0,BID
999,1712455694.1811926,194736.46375583,7420.0,3.633166406615658e-09,7430.0,BID
1000,1712455694.288943,194813.74132083,7420.0,-1.1562104910088146e-08,7430.0,ASK
1201,1712455697.2089057,195145.44884496,7420.0,-4.962937423630118e-08,7430.0,ASK
1202,1712455697.2119622,195145.44884583,7420.0,-1.3016766982619151e-16,7430.0,ASK
1203,1712455697.5704048,195162.69112608,7420.0,-2.579753297605378e-09,7430.0,ASK
1204,1712455698.2086165,195213.74112608,7420.0,-7.637992419404064e-09,7430.0,ASK
1205,1712455698.2911365,195234.38832438,7421.0,3.089189894167108e-09,7430.0,BID
1206,1712455698.3020935,195512.74056149,7421.0,4.164646967619184e-08,7430.0,BID
1207,1712455698.3036995,195666.57971849,7428.0,2.301708746274161e-08,7430.0,BID
1208,1712455698.3051496,195733.78605635,7426.0,1.00552693263591e-08,7430.0,BID
1209,1712455698.3064277,195776.58370622,7421.0,6.403293345252755e-09,7430.0,BID
1210,1712455698.3681746,195957.52768729,7428.0,-2.7072453589600012e-08,7430.0,ASK
1211,1712455698.4483254,195994.49868002,7420.0,-5.531521296953564e-09,7430.0,ASK
1212,1712455698.4591126,196029.22793627,7420.0,-5.196117452867768e-09,7430.0,ASK
1213,1712455698.698934,196079.70751833,7420.0,-7.552647700464311e-09,7430.0,ASK
1214,1712455698.9182897,196106.38080483,7420.0,-3.990800393488507e-09,7430.0,ASK
1215,1712455700.1404767,196151.65473014,7421.0,6.773788409683318e-09,7430.0,BID
1216,1712455700.143304,196333.69914783,7421.0,2.723709857611169e-08,7430.0,BID
1217,1712455700.3587923,196357.59994711,7421.0,-3.575986752562227e-09,7430.0,ASK
1218,1712455700.3783298,196417.37735555,7421.0,-8.943768707469168e-09,7430.0,ASK
1219,1712455700.6182685,196509.61135555,7421.0,-1.3799854903252664e-08,7430.0,ASK
1220,1712455700.6820862,196691.36256136,7421.0,-2.7193228838272788e-08,7430.0,ASK
1221,1712455700.6998782,196735.82323287,7421.0,-6.652111105873368e-09,7430.0,ASK
1222,1712455700.7384274,196815.15678762,7421.0,-1.1869717723502498e-08,7430.0,ASK
1223,1712455700.758448,196884.83245418,7420.0,-1.0424725034317109e-08,7430.0,ASK
1224,1712455700.7681277,196895.44051666,7421.0,-1.5871557454795907e-09,7430.0,ASK
1225,1712455702.0319064,196912.84948344,7420.0,-2.6046925816895383e-09,7430.0,ASK
1226,1712455702.68917,196964.04548613,7420.0,-7.659837031340163e-09,7430.0,ASK
1227,1712455702.6924057,197000.70333293,7420.0,-5.484669068950626e-09,7430.0,ASK
1228,1712455702.7888193,197047.98357496,7420.0,-7.073969250004176e-09,7430.0,ASK
1229,1712455702.8529382,197134.98057496,7420.0,-1.3016306102070344e-08,7430.0,ASK
1230,1712455702.8546617,197206.86535735,7420.0,-1.0755248246133984e-08,7430.0,ASK
1231,1712455702.872283,197299.62494991,7420.0,-1.3878492944173829e-08,7430.0,ASK
1232,1712455702.8961332,197399.78012734,7430.0,1.4985004622410463e-08,7430.0,BID
1233,1712455702.897767,198047.78012734,7426.0,9.695238173892536e-08,7430.0,BID
1234,1712455702.899452,198048.78012734,7431.0,1.4961787305389718e-10,7431.0,BID
1235,1712455702.9011185,198171.09501292,7432.0,1.8300493023311892e-08,7432.0,BID
1236,1712455702.9027996,198247.87286057,7420.0,-1.1487338263048445e-08,7432.0,ASK
1237,1712455702.904708,198501.76286057,7420.0,-3.798648178965168e-08,7432.0,ASK
1238,1712455702.9063325,199118.62577336,7420.0,-9.229371697747232e-08,7432.0,ASK
1239,1712455703.608431,199169.11511946,7420.0,-7.554108575366686e-09,7432.0,ASK
1240,1712455703.7805386,199193.2833821,7420.0,-3.616004051602549e-09,7432.0,ASK
1241,1712455703.8003423,199220.40555439,7420.0,-4.057961730630192e-09,7432.0,ASK
1242,1712455703.8590448,199242.29159579,7420.0,-3.2745429638409504e-09,7432.0,ASK
1243,1712455704.9788082,199317.78656259,7420.0,-1.1295396358886897e-08,7432.0,ASK
1244,1712455705.1384468,199381.82077602,7420.0,-9.580662816078196e-09,7432.0,ASK
1245,1712455705.9784603,199385.07722203,7420.0,-4.872225257305383e-10,7432.0,ASK
1246,1712455705.9885595,199436.03081243,7420.0,-7.623567820106443e-09,7432.0,ASK
1247,1712455706.0738828,199454.63380301,7420.0,-2.7833398830205512e-09,7432.0,ASK
1248,1712455706.089336,199542.18351306,7420.0,-1.3099001404169626e-08,7432.0,ASK
1249,1712455706.1286464,199726.75936057,7420.0,-2.761584572156464e-08,7432.0,ASK
1250,1712455706.9705684,199766.74386457,7420.0,-5.982396443593957e-09,7432.0,ASK
1251,1712455707.2719872,199790.71486457,7420.0,-3.586490034977895e-09,7432.0,ASK
1252,1712455707.2917852,199884.28162344,7420.0,-1.3999259450676514e-08,7432.0,ASK
1253,1712455707.2931776,200001.58871599,7420.0,-1.7551237681464352e-08,7432.0,ASK
1254,1712455707.328793,200058.93166946,7420.0,-8.579530732811744e-09,7432.0,ASK
1255,1712455707.331994,200109.15765038,7420.0,-7.514704437294454e-09,7432.0,ASK
1256,1712455707.5110931,200186.81269316,7420.0,-1.1618582332654529e-08,7432.0,ASK
1257,1712455707.7693558,200193.70255894,7420.0,-1.0308470636285303e-09,7432.0,ASK
1258,1712455707.7770486,200201.81269316,7414.0,-1.213421032179927e-09,7432.0,ASK
1259,1712455708.4482317,200455.70269316,7426.0,3.798648178965605e-08,7432.0,BID
1260,1712455708.4622843,200571.70269316,7427.0,1.735567327425207e-08,7432.0,BID
1261,1712455708.4641733,200819.13215816,7432.0,3.7019870284162773e-08,7432.0,BID
1262,1712455708.4660268,201113.63551096,7428.0,4.406296525317836e-08,7432.0,BID
1263,1712455708.5780349,201159.6021679,7432.0,-6.877433442760911e-09,7432.0,ASK
1264,1712455708.5982502,201280.6021679,7432.0,-1.8103762639521563e-08,7432.0,ASK
1265,1712455708.6007452,202575.30701269,7432.0,-1.937109851100539e-07,7432.0,ASK
1266,1712455708.603225,202761.42270709,7432.0,-2.784623433807868e-08,7432.0,ASK
1267,1712455708.6187854,204175.96567792,7432.0,-2.116409106389244e-07,7432.0,ASK
1268,1712455708.6582043,204196.96567792,7426.0,-3.14197533413184e-09,7432.0,ASK
1269,1712455708.6786263,204243.26760214,7426.0,-6.927595420098419e-09,7432.0,ASK
1270,1712455708.7059634,204277.7232035,7426.0,-5.155173790277451e-09,7432.0,ASK
1271,1712455708.8547564,204299.32112485,7426.0,-3.231435054769562e-09,7432.0,ASK
1272,1712455708.856447,204536.74019988,7426.0,-3.5522137028415003e-08,7432.0,ASK
1273,1712455708.8920822,204805.74019988,7426.0,-4.0247207851498346e-08,7432.0,ASK
1274,1712455708.9257245,204890.36126311,7426.0,-1.266082349603288e-08,7432.0,ASK
1275,1712455708.9986165,204960.92751034,7418.0,1.05579718199463e-08,7432.0,BID
1276,1712455709.0391328,204960.92751035,7418.0,1.4979319044662597e-18,7432.0,BID
1277,1712455709.0590482,205072.49712975,7418.0,-1.6692809152059356e-08,7432.0,ASK
1278,1712455709.0619645,205116.6470892,7418.0,-6.605623028325638e-09,7432.0,ASK
1279,1712455709.399981,205177.6470892,7418.0,-9.126690256287728e-09,7432.0,ASK
1280,1712455710.9422483,205177.6470892,7418.0,-0.0,7432.0,ASK
1281,1712455712.1285732,205193.07778811,7419.0,-2.278236849227807e-09,7432.0,ASK
1282,1712455712.1313975,205233.53985443,7419.0,-5.9739465479680835e-09,7432.0,ASK
1283,1712455712.8887105,206066.51723532,7414.0,-1.2298339659047785e-07,7432.0,ASK
1284,1712455712.8913684,206233.10672581,7419.0,-2.4595795572321404e-08,7432.0,ASK
1285,1712455712.8978536,206669.53985433,7414.0,-6.443635777078438e-08,7432.0,ASK
1286,1712455712.9081862,206711.39104489,7414.0,-6.179041213490292e-09,7432.0,ASK
1287,1712455715.7486732,206770.08476666,7414.0,-8.665725417534469e-09,7432.0,ASK
1288,1712455717.528386,206799.73380594,7414.0,-4.377477276035642e-09,7432.0,ASK
1289,1712455718.118068,206825.81213673,7414.0,-3.8502866602921395e-09,7432.0,ASK
1290,1712455718.5604618,206861.25866947,7418.0,-5.233437418267634e-09,7432.0,ASK
1291,1712455718.6811366,206939.0024152,7418.0,-1.1478330784115434e-08,7432.0,ASK
1292,1712455719.4590523,206965.0024152,7418.0,-3.838721656446413e-09,7432.0,ASK
1293,1712455719.59839,207013.88887756,7418.0,-7.217750837246931e-09,7432.0,ASK
1294,1712455719.761219,207055.77706986,7418.0,-6.1845042665903525e-09,7432.0,ASK
1295,1712455720.7885797,207065.43606986,7418.0,-1.426085095371939e-09,7432.0,ASK
1296,1712455721.1709948,207098.24786286,7418.0,-4.844436168305375e-09,7432.0,ASK
1297,1712455721.8513358,207132.06262431,7418.0,-4.9925175802171994e-09,7432.0,ASK
1298,1712455723.878497,207150.37957609,7415.0,-2.7043722876139482e-09,7432.0,ASK
1299,1712455724.278273,207177.11912796,7420.0,-3.947911417194901e-09,7432.0,ASK
1300,1712455724.370381,207211.00482751,7420.0,-5.002991104094615e-09,7432.0,ASK
1301,1712455724.3780503,207285.15046557,7420.0,-1.0947094867382956e-08,7432.0,ASK
1302,1712455724.3982816,207319.27698002,7415.0,-5.038545772236934e-09,7432.0,ASK
1303,1712455724.4002082,207353.39730092,7415.0,-5.0376313370700116e-09,7432.0,ASK
1304,1712455724.418759,207374.52112183,7415.0,-3.118787261311645e-09,7432.0,ASK
1305,1712455724.420691,207438.666336,7415.0,-9.470600876604369e-09,7432.0,ASK
1306,1712455724.808898,207506.78303004,7418.0,-1.0056962637574524e-08,7432.0,ASK
1307,1712455724.8683028,207571.40715236,7418.0,-9.541308379947893e-09,7432.0,ASK
1308,1712455725.7303443,207587.40715236,7418.0,-2.3622902501208703e-09,7432.0,ASK
1309,1712455725.9098015,207684.80896435,7415.0,-1.4380709425502933e-08,7432.0,ASK
1310,1712455725.9133246,207788.19705839,7414.0,-1.5264542908081283e-08,7432.0,ASK
1311,1712455725.9161518,207909.07069336,7418.0,-1.7846163086642307e-08,7432.0,ASK
1312,1712455730.552895,208204.33542051,7418.0,-4.3593811634440643e-08,7432.0,ASK
1313,1712455730.560614,208271.73903334,7418.0,-9.951681088202932e-09,7432.0,ASK
1314,1712455732.618467,208458.7593673,7426.0,2.7612269468001045e-08,7432.0,BID
1315,1712455734.6483653,208481.7593673,7418.0,-3.3957922345487503e-09,7432.0,ASK
1316,1712455735.9399896,208520.74106775,7418.0,-5.7553806816365414e-09,7432.0,ASK
1317,1712455735.941718,208534.09928188,7418.0,-1.9722486873931273e-09,7432.0,ASK
1318,1712455735.945733,208586.25435201,7418.0,-7.700338353906508e-09,7432.0,ASK
1319,1712455735.9509954,208638.54977019,7418.0,-7.721059780788192e-09,7432.0,ASK
1320,1712455736.2085755,208652.54977019,7418.0,-2.067003968855761e-09,7432.0,ASK
1321,1712455736.5582645,208654.1879537,7418.0,-2.418665583472634e-10,7432.0,ASK
1322,1712455736.5612504,208668.55410028,7418.0,-2.1210629998582368e-09,7432.0,ASK
1323,1712455737.0186632,208818.40473871,7418.0,-2.2124418883600413e-08,7432.0,ASK
1324,1712455737.020538,208881.64158485,7418.0,-9.336486567807778e-09,7432.0,ASK
1325,1712455738.72828,208979.22374493,7418.0,-1.4407336583919468e-08,7432.0,ASK
1326,1712455739.1483195,209003.44353017,7418.0,-3.575885158281526e-09,7432.0,ASK
1327,1712455740.608243,209003.44353017,7418.0,-0.0,7432.0,ASK
1328,1712455740.660611,209019.75420027,7418.0,-2.398112033854949e-09,7432.0,ASK
1329,1712455740.679227,209036.15110373,7418.0,-2.4107906826857113e-09,7432.0,ASK
1330,1712455742.8784878,209045.15110373,7419.0,-1.323244733196082e-09,7432.0,ASK
1331,1712455743.7685456,209054.15110373,7419.0,-1.323244733196082e-09,7432.0,ASK
1332,1712455745.0565095,209063.15110373,7419.0,-1.323244733196082e-09,7432.0,ASK
1333,1712455745.515775,209073.52210373,7419.0,-1.5248190142216391e-09,7432.0,ASK
1334,1712455745.7883546,209153.41112713,7419.0,-1.1745858828247498e-08,7432.0,ASK
1335,1712455745.7982702,209153.41327234,7419.0,-3.1540420231506094e-13,7432.0,ASK
1336,1712455745.8282683,209202.62486829,7419.0,-7.235442794780182e-09,7432.0,ASK
1337,1712455745.837947,209288.86188177,7419.0,-1.2679185988216753e-08,7432.0,ASK
1338,1712455745.9096491,209338.00401162,7419.0,-7.225229389119791e-09,7432.0,ASK
1339,1712455745.9781537,209362.26099307,7419.0,-3.566435882992339e-09,7432.0,ASK
1340,1712455746.04822,209395.91559065,7419.0,-4.948140999507087e-09,7432.0,ASK
1341,1712455746.078284,209429.5812121,7419.0,-4.949761808164513e-09,7432.0,ASK
1342,1712455746.0821524,209439.5812121,7419.0,-1.4702719257734252e-09,7432.0,ASK
1343,1712455746.0979874,209472.93369978,7419.0,-4.903722629061903e-09,7432.0,ASK
1344,1712455746.7783852,209494.55765301,7420.0,-3.179309135832077e-09,7432.0,ASK
1345,1712455746.8388128,209516.27079374,7420.0,-3.19242212356709e-09,7432.0,ASK
1346,1712455746.8795462,209537.26826392,7420.0,-3.087199091793229e-09,7432.0,ASK
1347,1712455746.8832436,209558.2715135,7420.0,-3.088048820746056e-09,7432.0,ASK
1348,1712455747.2653186,209559.18302794,7420.0,-1.3401740910667734e-10,7432.0,ASK
1349,1712455747.269049,209562.2715135,7419.0,-4.540913612026927e-10,7432.0,ASK
1350,1712455748.349188,209729.73664602,7418.0,-2.4621928289009733e-08,7432.0,ASK
1351,1712455748.3521776,209731.605875,7419.0,-2.748274892149639e-10,7432.0,ASK
1352,1712455748.3555975,209738.2715135,7418.0,-9.800301153875903e-10,7432.0,ASK
1353,1712455748.5685086,209820.44749166,7418.0,-1.2082103366161464e-08,7432.0,ASK
1354,1712455748.5886784,210038.45829951,7418.0,-3.205351702970688e-08,7432.0,ASK
1355,1712455748.5907888,210302.3934231,7418.0,-3.880564024399103e-08,7432.0,ASK
1356,1712455748.6088228,210385.09872559,7418.0,-1.2159928436365889e-08,7432.0,ASK
1357,1712455748.610933,210466.70961247,7418.0,-1.1999019581712436e-08,7432.0,ASK
1358,1712455748.788034,210531.33799192,7418.0,-9.502129191357454e-09,7432.0,ASK
1359,1712455748.8087726,210564.5840797,7418.0,-4.888078950471746e-09,7432.0,ASK
1360,1712455748.829537,210588.13619797,7427.0,-3.462801828485957e-09,7432.0,ASK
1361,1712455748.8315244,211899.70581738,7427.0,-1.9283639901158626e-07,7432.0,ASK
1362,1712455748.8339603,212068.90413126,7427.0,-2.4876753078598373e-08,7432.0,ASK
1363,1712455748.8370302,212097.8937973,7427.0,-4.2622692116155234e-09,7432.0,ASK
1364,1712455748.8403833,212436.8937973,7427.0,-4.9842218283719126e-08,7432.0,ASK
1365,1712455748.850201,212467.91568369,7427.0,-4.5610608643740315e-09,7432.0,ASK
1366,1712455748.8519847,212490.0154271,7427.0,-3.249263230253929e-09,7432.0,ASK
1367,1712455748.870049,212521.81191266,7418.0,-4.674948005710715e-09,7432.0,ASK
1368,1712455748.8738725,212553.17206314,7427.0,-4.610794883877788e-09,7432.0,ASK
1369,1712455749.008798,212775.37838106,7418.0,-3.267037109672677e-08,7432.0,ASK
1370,1712455749.2683067,212841.85813475,7418.0,-9.774331548271864e-09,7432.0,ASK
1371,1712455749.3087783,212885.39017274,7418.0,-6.400393332843188e-09,7432.0,ASK
1372,1712455749.488677,212906.78254246,7419.0,3.145260062505047e-09,7432.0,BID
1373,1712455749.8684647,212909.68054246,7418.0,-4.2608480409143215e-10,7432.0,ASK
1374,1712455749.9096708,213081.8473469,7418.0,-2.5313201911825463e-08,7432.0,ASK
1375,1712455749.9136264,213253.73492385,7418.0,-2.5272147877878443e-08,7432.0,ASK
1376,1712455749.9909978,213279.07945793,7420.0,3.726335692964638e-09,7432.0,BID
1377,1712455749.9936576,213288.86120575,7423.0,1.438182920474335e-09,7432.0,BID
1378,1712455749.998037,213310.08501209,7420.0,3.120476661977544e-09,7432.0,BID
1379,1712455750.030158,213431.20644084,7418.0,-1.780814363006761e-08,7432.0,ASK
1380,1712455750.088644,213516.37174165,7418.0,-1.252161508309653e-08,7432.0,ASK
1381,1712455750.336103,213571.37174165,7418.0,-8.086495591753841e-09,7432.0,ASK
1382,1712455750.5790515,213574.13392936,7418.0,-4.06116704373345e-10,7432.0,ASK
1383,1712455750.582173,213601.36419134,7418.0,-4.003588972065387e-09,7432.0,ASK
1384,1712455751.2582164,213656.36419134,7418.0,-8.086495591753841e-09,7432.0,ASK
1385,1712455752.5786042,213673.26072912,7423.0,2.4842505140711422e-09,7432.0,BID
1386,1712455752.8882885,213704.26072912,7419.0,-4.557842969897619e-09,7432.0,ASK
1387,1712455753.3490157,213775.93372912,7419.0,-1.0537879973597313e-08,7432.0,ASK
1388,1712455754.3288088,213804.93372912,7419.0,-4.263788584742934e-09,7432.0,ASK
1389,1712455755.3786895,213852.93372912,7419.0,-7.057305243712442e-09,7432.0,ASK
1390,1712455756.5183146,213924.74772912,7419.0,-1.0558610807746916e-08,7432.0,ASK
1391,1712455756.7581158,213979.74772912,7419.0,-8.086495591753841e-09,7432.0,ASK
1392,1712455757.2882934,214076.27886235,7420.0,-1.41927015151191e-08,7432.0,ASK
1393,1712455757.8090756,214146.67546835,7427.0,1.0350215347152542e-08,7432.0,BID
1394,1712455757.8135033,214474.96061077,7423.0,4.826684285486644e-08,7432.0,BID
1395,1712455757.8178144,214480.38653902,7428.0,7.977589977212822e-10,7432.0,BID
1396,1712455758.093121,214534.38653902,7420.0,-7.939468399176497e-09,7432.0,ASK
1397,1712455759.018765,214588.38653902,7420.0,-7.939468399176497e-09,7432.0,ASK
1398,1712455759.0243287,214598.23453902,7420.0,-1.447923792501395e-09,7432.0,ASK
1399,1712455760.101582,214653.23453902,7420.0,-8.086495591753841e-09,7432.0,ASK
1400,1712455761.1783104,214708.23453902,7420.0,-8.086495591753841e-09,7432.0,ASK
1401,1712455762.4462223,214746.23453902,7420.0,-5.587033317939017e-09,7432.0,ASK
1402,1712455763.7315652,214803.23453902,7420.0,-8.380549976908525e-09,7432.0,ASK
1403,1712455764.47834,214826.23453902,7420.0,-3.381625429278878e-09,7432.0,ASK
1404,1712455765.598366,214847.89553902,7421.0,-3.184756018421034e-09,7432.0,ASK
1405,1712455765.9382603,214905.89553902,7421.0,-8.527577169485868e-09,7432.0,ASK
1406,1712455766.3627057,214916.21703732,7421.0,-1.5175409182375754e-09,7432.0,ASK
1407,1712455766.364685,214952.47927557,7420.0,-5.331535086467875e-09,7432.0,ASK
1408,1712455766.5581386,214955.85865057,7420.0,-4.968600189187956e-10,7432.0,ASK
1409,1712455766.7487063,214965.85865057,7420.0,-1.4702719257734252e-09,7432.0,ASK
1410,1712455767.3884568,215017.86827846,7420.0,-7.646829575657091e-09,7432.0,ASK
1411,1712455767.3928812,215199.85865057,7420.0,-2.6757533487441065e-08,7432.0,ASK
1412,1712455767.9683113,215214.54665057,7420.0,-2.1595354045752203e-09,7432.0,ASK
1413,1712455768.1693656,215269.54665057,7420.0,-8.086495591753841e-09,7432.0,ASK
1414,1712455769.112994,215282.61991217,7420.0,-1.9221249508753754e-09,7432.0,ASK
1415,1712455769.118095,215358.04665057,7420.0,-1.108978159221944e-08,7432.0,ASK
1416,1712455769.1981547,215413.04665057,7420.0,-8.086495591753841e-09,7432.0,ASK
1417,1712455770.3496745,215417.04665057,7420.0,-5.8810877030937e-10,7432.0,ASK
1418,1712455770.5881844,215417.04665057,7420.0,-0.0,7432.0,ASK
1419,1712455771.5982394,215471.70249949,7420.0,-7.980048666783254e-09,7432.0,ASK
1420,1712455771.6083052,215472.04665057,7420.0,-5.0247913469928645e-11,7432.0,ASK
1421,1712455772.8284583,215527.04665057,7420.0,-8.030296580253184e-09,7432.0,ASK
1422,1712455773.348381,215621.63965057,7420.0,-1.3811088080287946e-08,7432.0,ASK
1423,1712455773.8776157,215669.63965057,7420.0,-7.008258833675505e-09,7432.0,ASK
1424,1712455775.2385778,215678.63965057,7420.0,-1.314048531314157e-09,7432.0,ASK
1425,1712455777.088406,215921.31993373,7420.0,-3.5432629962812353e-08,7432.0,ASK
1426,1712455778.9883778,215975.31993373,7420.0,-7.884291187884944e-09,7432.0,ASK
1427,1712455780.0907686,216033.82993373,7420.0,-8.542775507467064e-09,7432.0,ASK
1428,1712455780.2384205,216090.82993373,7420.0,-8.322307364989662e-09,7432.0,ASK
1429,1712455780.4790268,216162.65268063,7420.0,-1.0486508342098918e-08,7432.0,ASK
1430,1712455781.3015535,216201.65268063,7420.0,-5.694210302361348e-09,7432.0,ASK
1431,1712455781.549883,216321.97968063,7420.0,-1.7568390847491752e-08,7432.0,ASK
1432,1712455782.396466,216381.97968063,7421.0,-8.760323542094382e-09,7432.0,ASK
1433,1712455783.575606,216419.97968063,7421.0,-5.548204909993108e-09,7432.0,ASK
1434,1712455783.7923336,216432.62268063,7421.0,-1.8459461757132518e-09,7432.0,ASK
1435,1712455784.7382298,216475.62268063,7421.0,-6.278231871834307e-09,7432.0,ASK
1436,1712455785.842093,216501.62268063,7421.0,-3.796140201574232e-09,7432.0,ASK
1437,1712455785.9582765,216507.61568063,7421.0,-8.750103164610588e-10,7432.0,ASK
1438,1712455786.9496913,216563.61568063,7421.0,-8.176301972621422e-09,7432.0,ASK
1439,1712455787.5897498,216590.97768063,7421.0,-3.994999545978857e-09,7432.0,ASK
1440,1712455788.0289698,216590.97968063,7421.0,-2.9201078585829885e-13,7432.0,ASK
1441,1712455788.032441,216617.97768063,7420.0,-3.941853583156614e-09,7432.0,ASK
1442,1712455789.2184937,216631.37668063,7420.0,-1.956326252342757e-09,7432.0,ASK
1443,1712455789.258253,216686.37668063,7420.0,-8.030296580253184e-09,7432.0,ASK
1444,1712455789.7184932,216814.56347593,7421.0,-1.8715963344202143e-08,7432.0,ASK
1445,1712455790.2385032,216869.56347593,7421.0,-8.030296580253184e-09,7432.0,ASK
1446,1712455790.9190133,216916.39747593,7421.0,-6.8380165461745114e-09,7432.0,ASK
1447,1712455791.3883393,216972.39747593,7421.0,-8.176301972621422e-09,7432.0,ASK
1448,1712455792.7485092,217030.39747593,7421.0,-8.468312757357902e-09,7432.0,ASK
1449,1712455793.6186998,217088.39747593,7421.0,-8.468312757357902e-09,7432.0,ASK
1450,1712455793.9386344,217377.49911969,7427.0,4.2210398931484667e-08,7432.0,BID
1451,1712455793.9432306,217492.32907684,7427.0,1.6765792949311136e-08,7432.0,BID
1452,1712455794.5382442,217505.79346353,7427.0,1.9658730616712328e-09,7432.0,BID
1453,1712455794.7183614,217563.79346353,7421.0,-8.468312757357902e-09,7432.0,ASK
1454,1712455795.083054,217629.32146353,7421.0,-9.567441351108968e-09,7432.0,ASK
1455,1712455796.1086109,217640.32146353,7421.0,-1.6060593160506367e-09,7432.0,ASK
1456,1712455796.3618217,217775.00346353,7421.0,-1.966429825493936e-08,7432.0,ASK
1457,1712455797.588816,217781.00346353,7421.0,-8.76032354209438e-10,7432.0,ASK
1458,1712455799.218318,217856.50646353,7421.0,-1.1023845139978761e-08,7432.0,ASK
1459,1712455800.6217527,217856.50646353,7421.0,-0.0,7432.0,ASK
1460,1712455801.7885568,217891.72918953,7421.0,-5.1791976269569515e-09,7432.0,ASK
