,time,acc_trade_volume,trade_price,dev,high,ask_bid
0,1712451675.09251,17831691.70864829,10.51,0.0,10.58,ASK
1,1712451690.425598,17831691.70864829,10.51,-0.0,10.58,ASK
2,1712451692.214426,17941179.61469526,10.51,9.235615591609e-05,10.58,BID
3,1712451692.314804,17947068.55316373,10.52,4.967486720780568e-06,10.58,BID
4,1712451692.3160136,17947952.72646169,10.52,7.458252688496584e-07,10.58,BID
5,1712451720.294726,17947952.72646169,10.52,0.0,10.58,BID
6,1712451750.2953691,17947952.72646169,10.52,0.0,10.58,BID
7,1712451780.4354217,17947952.72646169,10.52,0.0,10.58,BID
8,1712451810.444086,17947952.72646169,10.52,0.0,10.58,BID
9,1712451840.305653,17947952.72646169,10.52,0.0,10.58,BID
10,1712451854.2843516,17952714.63122359,10.5,-4.012665680781264e-06,10.58,ASK
11,1712451854.412167,17960297.73359815,10.5,6.389975476980376e-06,10.58,BID
12,1712451854.5274749,17967907.16982118,10.5,6.412165952279201e-06,10.58,BID
13,1712451870.2994535,17967907.16982118,10.5,0.0,10.58,BID
14,1712451900.4453568,17967907.16982118,10.5,0.0,10.58,BID
15,1712451930.4268494,17967907.16982118,10.5,0.0,10.58,BID
16,1712451934.6444168,18001213.35325313,10.5,2.831624023133726e-05,10.58,BID
17,1712451956.214263,18010903.27573375,10.5,-8.23817515281798e-06,10.58,ASK
18,1712451960.2756453,18010903.27573375,10.5,-0.0,10.58,ASK
19,1712451990.285345,18010903.27573375,10.5,-0.0,10.58,ASK
20,1712452020.4454195,18010903.27573375,10.5,-0.0,10.58,ASK
21,1712452050.44543,18010903.27573375,10.5,-0.0,10.58,ASK
22,1712452080.2765915,18010903.27573375,10.5,-0.0,10.58,ASK
23,1712452110.3044755,18010903.27573375,10.5,-0.0,10.58,ASK
24,1712452132.5476208,18061940.32647789,10.51,-4.337401538031072e-05,10.58,ASK
25,1712452140.4291344,18061940.32647789,10.51,-0.0,10.58,ASK
26,1712452170.455818,18061940.32647789,10.51,-0.0,10.58,ASK
27,1712452173.8842535,18445066.12900906,10.51,-0.0003254524369923,10.58,ASK
28,1712452196.8944309,18462237.56269086,10.51,-1.458655329783118e-05,10.58,ASK
29,1712452200.360579,18462237.56269086,10.51,-0.0,10.58,ASK
30,1712452230.2967002,18462237.56269086,10.51,-0.0,10.58,ASK
31,1712452240.8043869,18839008.3881178,10.51,-0.0003211601677459,10.58,ASK
32,1712452260.4359312,18839008.3881178,10.51,-0.0,10.58,ASK
33,1712452290.4454618,18839008.3881178,10.51,-0.0,10.58,ASK
34,1712452320.2844305,18839008.3881178,10.51,-0.0,10.58,ASK
35,1712452350.305805,18839008.3881178,10.51,-0.0,10.58,ASK
36,1712452364.4043708,18883995.34513018,10.51,-3.821796699474496e-05,10.58,ASK
37,1712452367.1740994,18893685.2676108,10.51,-8.231922364611085e-06,10.58,ASK
38,1712452380.4459443,18893685.2676108,10.51,-0.0,10.58,ASK
39,1712452394.4845867,18962378.06165192,10.51,-5.832841549547452e-05,10.58,ASK
40,1712452394.4861245,18981407.55737028,10.51,-1.6158322694887474e-05,10.58,ASK
41,1712452410.427584,18981407.55737028,10.51,-0.0,10.58,ASK
42,1712452440.350032,18981407.55737028,10.51,-0.0,10.58,ASK
43,1712452470.305897,18981407.55737028,10.51,-0.0,10.58,ASK
44,1712452500.303657,18981407.55737028,10.51,-0.0,10.58,ASK
45,1712452506.5599475,19018037.08952199,10.51,3.172688327689457e-05,10.58,BID
46,1712452506.5607035,19025906.7748851,10.51,6.816373954959834e-06,10.58,BID
47,1712452530.286426,19025906.7748851,10.51,0.0,10.58,BID
48,1712452560.4251604,19025906.7748851,10.51,0.0,10.58,BID
49,1712452590.4517355,19025906.7748851,10.51,0.0,10.58,BID
50,1712452620.2859535,19025906.7748851,10.51,0.0,10.58,BID
51,1712452650.285936,19025906.7748851,10.51,0.0,10.58,BID
52,1712452664.8188107,19063207.66587929,10.51,-3.229530216852429e-05,10.58,ASK
53,1712452664.933914,19103124.86577123,10.51,3.456051579122696e-05,10.58,BID
54,1712452665.0140345,19212434.50775189,10.51,9.46408470041198e-05,10.58,BID
55,1712452680.4393864,19212434.50775189,10.51,0.0,10.58,BID
56,1712452698.3038778,19217729.50775189,10.52,4.576669958082596e-06,10.58,BID
57,1712452710.4454534,19217729.50775189,10.52,0.0,10.58,BID
58,1712452740.2839084,19217729.50775189,10.52,0.0,10.58,BID
59,1712452770.2958095,19217729.50775189,10.52,0.0,10.58,BID
60,1712452800.3180978,19217729.50775189,10.52,0.0,10.58,BID
61,1712452829.4140522,19218727.6066112,10.52,8.646650325201037e-07,10.58,BID
62,1712452830.2776043,19218727.6066112,10.52,0.0,10.58,BID
63,1712452860.4553752,19218727.6066112,10.52,0.0,10.58,BID
64,1712452890.435657,19218727.6066112,10.52,0.0,10.58,BID
65,1712452920.3070292,19218727.6066112,10.52,0.0,10.58,BID
66,1712452950.2875006,19218727.6066112,10.52,0.0,10.58,BID
67,1712452954.7239363,19221221.85397333,10.52,-2.160776799528572e-06,10.58,ASK
68,1712452980.4251294,19221221.85397333,10.52,-0.0,10.58,ASK
69,1712453010.4480991,19221221.85397333,10.52,-0.0,10.58,ASK
70,1712453039.5142748,19223221.85397333,10.52,-1.732568883127378e-06,10.58,ASK
71,1712453040.2686305,19223221.85397333,10.52,-0.0,10.58,ASK
72,1712453064.67393,19224171.52158966,10.53,8.226672862357908e-07,10.58,BID
73,1712453070.2752929,19224171.52158966,10.53,0.0,10.58,BID
74,1712453070.324437,19225121.18920599,10.53,8.226601597887107e-07,10.58,BID
75,1712453072.2238588,19627305.07375636,10.52,-0.0003483962736428,10.58,ASK
76,1712453072.2253034,19717867.86061476,10.52,-7.845102373370645e-05,10.58,ASK
77,1712453094.153838,19792854.48885809,10.53,6.495800268631078e-05,10.58,BID
78,1712453100.4529312,19792854.48885809,10.53,0.0,10.58,BID
79,1712453130.4451675,19792854.48885809,10.53,0.0,10.58,BID
80,1712453134.473884,19793804.15647442,10.53,8.265540621493474e-07,10.58,BID
81,1712453137.5840611,19794753.82409075,10.53,8.265540621493474e-07,10.58,BID
82,1712453139.4358745,19795703.49170708,10.53,8.265540621493474e-07,10.58,BID
83,1712453141.0436444,19889528.00262825,10.53,8.166123525487552e-05,10.58,BID
84,1712453144.9937077,19890477.67024458,10.53,8.265540621493474e-07,10.58,BID
85,1712453160.319725,19890477.67024458,10.53,0.0,10.58,BID
86,1712453160.9447615,19905902.04864896,10.53,1.3412783490698768e-05,10.58,BID
87,1712453160.9462583,19985444.431878,10.53,6.916873643881539e-05,10.58,BID
88,1712453171.4845724,19999287.18377914,10.52,-1.2037427330794414e-05,10.58,ASK
89,1712453171.4866276,20212472.61077071,10.52,-0.0001853825094694,10.58,ASK
90,1712453190.2962303,20212472.61077071,10.52,-0.0,10.58,ASK
91,1712453191.0738957,20212972.61077071,10.51,-4.335143778312981e-07,10.58,ASK
92,1712453220.448406,20212972.61077071,10.51,-0.0,10.58,ASK
93,1712453236.0935495,20213698.75145512,10.52,6.29581985516617e-07,10.58,BID
94,1712453241.4636862,22044305.88449994,10.52,0.0015871817930959,10.58,BID
95,1712453250.450811,22044305.88449994,10.52,0.0,10.58,BID
96,1712453251.9837773,22060192.39921978,10.53,1.3547704514749996e-05,10.58,BID
97,1712453267.9437182,22268804.72488666,10.52,-0.0001779004518052,10.58,ASK
98,1712453272.4038506,23262972.88164655,10.52,0.0008478068766672,10.58,BID
99,1712453280.4455235,23262972.88164655,10.52,0.0,10.58,BID
100,1712453310.4361606,23262972.88164655,10.52,0.0,10.58,BID
101,1712453324.987185,23271994.72400172,10.53,7.610442422752261e-06,10.58,BID
102,1712453340.2769787,23271994.72400172,10.53,0.0,10.58,BID
103,1712453361.1458683,23465440.43391088,10.52,-0.0001631694956522,10.58,ASK
104,1712453362.6738508,23474937.11007422,10.53,8.010350090846556e-06,10.58,BID
105,1712453370.3221903,23474937.11007422,10.53,0.0,10.58,BID
106,1712453400.470642,23474937.11007422,10.53,0.0,10.58,BID
107,1712453430.29605,23474937.11007422,10.53,0.0,10.58,BID
108,1712453445.613848,23475937.11007422,10.53,8.458746909433928e-07,10.58,BID
109,1712453460.4451704,23475937.11007422,10.53,0.0,10.58,BID
110,1712453480.903803,23572659.9650288,10.52,-8.1814686313509e-05,10.58,ASK
111,1712453490.4350717,23572659.9650288,10.52,-0.0,10.58,ASK
112,1712453520.2851992,23572659.9650288,10.52,-0.0,10.58,ASK
113,1712453544.7737164,23628747.59073161,10.53,4.740188213265304e-05,10.58,BID
114,1712453550.2852564,23628747.59073161,10.53,0.0,10.58,BID
115,1712453571.4638295,23629228.45611622,10.52,-4.061957031138602e-07,10.58,ASK
116,1712453576.9961689,23629703.38489114,10.53,4.011809413417001e-07,10.58,BID
117,1712453580.4261785,23629703.38489114,10.53,0.0,10.58,BID
118,1712453586.7039192,23640170.61091725,10.53,8.841780344406269e-06,10.58,BID
119,1712453610.4618328,23640170.61091725,10.53,0.0,10.58,BID
120,1712453627.413582,23645862.69837517,10.52,-4.807720934074699e-06,10.58,ASK
121,1712453640.293602,23645862.69837517,10.52,-0.0,10.58,ASK
122,1712453670.3178227,23645862.69837517,10.52,-0.0,10.58,ASK
123,1712453671.963765,23661042.01066288,10.52,-1.282028906920016e-05,10.58,ASK
124,1712453700.455977,23661042.01066288,10.52,-0.0,10.58,ASK
125,1712453730.4563515,23661042.01066288,10.52,-0.0,10.58,ASK
126,1712453758.173659,23709403.43814017,10.52,-4.095607752890659e-05,10.58,ASK
127,1712453760.2763202,23709403.43814017,10.52,-0.0,10.58,ASK
128,1712453762.754203,23766805.47258961,10.52,-4.859140437623365e-05,10.58,ASK
129,1712453762.75634,23977061.60376831,10.52,-0.0001779839476192,10.58,ASK
130,1712453766.9737992,24013555.10890386,10.52,3.089212224192965e-05,10.58,BID
131,1712453789.073585,24021511.43519949,10.53,6.7351109083230925e-06,10.58,BID
132,1712453789.0747056,24072063.08188792,10.53,4.279248165473118e-05,10.58,BID
133,1712453790.2936256,24072063.08188792,10.53,0.0,10.58,BID
134,1712453820.4334853,24072063.08188792,10.53,0.0,10.58,BID
135,1712453839.8180273,24095743.79562657,10.51,-1.998142270608456e-05,10.58,ASK
136,1712453839.824158,24096243.79562657,10.51,-4.218923239942767e-07,10.58,ASK
137,1712453850.4436195,24096243.79562657,10.51,-0.0,10.58,ASK
138,1712453880.3006327,24096243.79562657,10.51,-0.0,10.58,ASK
139,1712453885.5937998,24096718.62943473,10.53,4.005715795672159e-07,10.58,BID
140,1712453910.2771604,24096718.62943473,10.53,0.0,10.58,BID
141,1712453940.445696,24096718.62943473,10.53,0.0,10.58,BID
142,1712453942.4636536,24098316.02636779,10.53,1.3475643534514948e-06,10.58,BID
143,1712453970.451253,24098316.02636779,10.53,0.0,10.58,BID
144,1712453992.643582,24110406.38323711,10.52,-1.0199282604739528e-05,10.58,ASK
145,1712454000.3348727,24110406.38323711,10.52,-0.0,10.58,ASK
146,1712454030.3037286,24110406.38323711,10.52,-0.0,10.58,ASK
147,1712454031.346248,24110982.75211319,10.52,-4.86374330253302e-07,10.58,ASK
148,1712454060.4501936,24110982.75211319,10.52,-0.0,10.58,ASK
149,1712454062.3034568,24111982.75211319,10.52,-8.438551452709446e-07,10.58,ASK
150,1712454090.4628465,24111982.75211319,10.52,-0.0,10.58,ASK
151,1712454120.313376,24111982.75211319,10.52,-0.0,10.58,ASK
152,1712454150.293077,24111982.75211319,10.52,-0.0,10.58,ASK
153,1712454180.4359944,24111982.75211319,10.52,-0.0,10.58,ASK
154,1712454210.4376972,24111982.75211319,10.52,-0.0,10.58,ASK
155,1712454240.275244,24111982.75211319,10.52,-0.0,10.58,ASK
156,1712454258.8449254,24272953.91175422,10.52,-0.0001358351354464,10.58,ASK
157,1712454258.8513165,24302713.69838211,10.52,-2.511272613349608e-05,10.58,ASK
158,1712454270.2743976,24302713.69838211,10.52,-0.0,10.58,ASK
159,1712454300.3129642,24302713.69838211,10.52,-0.0,10.58,ASK
160,1712454330.2955968,24302713.69838211,10.52,-0.0,10.58,ASK
161,1712454360.4487157,24302713.69838211,10.52,-0.0,10.58,ASK
162,1712454380.624359,24339493.83570858,10.52,-3.105601414887834e-05,10.58,ASK
163,1712454380.6264596,24340599.9366505,10.52,-9.339575379343226e-07,10.58,ASK
164,1712454390.4268196,24340599.9366505,10.52,-0.0,10.58,ASK
165,1712454400.4425387,24341339.33859557,10.51,-6.241181718098297e-07,10.58,ASK
166,1712454400.4439178,24461445.79007265,10.51,-0.0001013800672534,10.58,ASK
167,1712454400.4452112,24511445.79007265,10.51,-4.220425547779855e-05,10.58,ASK
168,1712454420.2997534,24511445.79007265,10.51,-0.0,10.58,ASK
169,1712454450.3038847,24511445.79007265,10.51,-0.0,10.58,ASK
170,1712454465.8737192,24522511.50873039,10.51,-9.326273159486912e-06,10.58,ASK
171,1712454480.457307,24522511.50873039,10.51,-0.0,10.58,ASK
172,1712454510.4555328,24522511.50873039,10.51,-0.0,10.58,ASK
173,1712454540.311263,24522511.50873039,10.51,-0.0,10.58,ASK
174,1712454570.3035283,24522511.50873039,10.51,-0.0,10.58,ASK
175,1712454588.9770846,24527581.26585083,10.52,4.272411683267617e-06,10.58,BID
176,1712454600.3151057,24527581.26585083,10.52,0.0,10.58,BID
177,1712454630.2994506,24527581.26585083,10.52,0.0,10.58,BID
178,1712454660.4236658,24527581.26585083,10.52,0.0,10.58,BID
179,1712454686.453675,24573478.01444622,10.51,-3.8760614111932586e-05,10.58,ASK
180,1712454690.438759,24573478.01444622,10.51,-0.0,10.58,ASK
181,1712454720.2967155,24573478.01444622,10.51,-0.0,10.58,ASK
182,1712454750.2985718,24573478.01444622,10.51,-0.0,10.58,ASK
183,1712454780.4353874,24573478.01444622,10.51,-0.0,10.58,ASK
184,1712454789.574055,24592507.51016459,10.51,-1.606420080209776e-05,10.58,ASK
185,1712454810.4413493,24592507.51016459,10.51,-0.0,10.58,ASK
186,1712454840.2965984,24592507.51016459,10.51,-0.0,10.58,ASK
187,1712454870.2979114,24592507.51016459,10.51,-0.0,10.58,ASK
188,1712454900.3158233,24592507.51016459,10.51,-0.0,10.58,ASK
189,1712454930.31339,24592507.51016459,10.51,-0.0,10.58,ASK
190,1712454948.2039237,24597233.40808519,10.51,-4.0028691029327495e-06,10.58,ASK
191,1712454960.445094,24597233.40808519,10.51,-0.0,10.58,ASK
192,1712454990.4335568,24597233.40808519,10.51,-0.0,10.58,ASK
193,1712455020.3232114,24597233.40808519,10.51,-0.0,10.58,ASK
194,1712455050.3036685,24597233.40808519,10.51,-0.0,10.58,ASK
195,1712455053.1134882,24605030.08009139,10.52,6.6035587498947e-06,10.58,BID
196,1712455080.437554,24605030.08009139,10.52,0.0,10.58,BID
197,1712455104.5640635,24609528.65103824,10.52,3.8098965762024633e-06,10.58,BID
198,1712455104.566632,24613030.08009139,10.52,2.9654045071254985e-06,10.58,BID
199,1712455110.436191,24613030.08009139,10.52,0.0,10.58,BID
200,1712455111.093811,24619034.3544603,10.52,5.08473340922316e-06,10.58,BID
201,1712455140.3059611,24619034.3544603,10.52,0.0,10.58,BID
202,1712455170.483337,24619034.3544603,10.52,0.0,10.58,BID
203,1712455192.4330137,24619534.3544603,10.52,-4.234034890722646e-07,10.58,ASK
204,1712455200.601003,24619534.3544603,10.52,-0.0,10.58,ASK
205,1712455230.4356954,24619534.3544603,10.52,-0.0,10.58,ASK
206,1712455260.3037417,24619534.3544603,10.52,-0.0,10.58,ASK
207,1712455290.295434,24619534.3544603,10.52,-0.0,10.58,ASK
208,1712455320.4351013,24619534.3544603,10.52,-0.0,10.58,ASK
209,1712455350.9751809,24619534.3544603,10.52,-0.0,10.58,ASK
210,1712455380.3092537,24619534.3544603,10.52,-0.0,10.58,ASK
211,1712455410.3037722,24619534.3544603,10.52,-0.0,10.58,ASK
212,1712455440.4451382,24619534.3544603,10.52,-0.0,10.58,ASK
213,1712455470.4236174,24619534.3544603,10.52,-0.0,10.58,ASK
214,1712455500.3058288,24619534.3544603,10.52,-0.0,10.58,ASK
215,1712455530.2756152,24619534.3544603,10.52,-0.0,10.58,ASK
216,1712455560.498505,24619534.3544603,10.52,-0.0,10.58,ASK
217,1712455563.1238475,24633195.73551924,10.53,1.1618076921667649e-05,10.58,BID
218,1712455563.1259582,24634195.73551924,10.53,8.504320955210189e-07,10.58,BID
219,1712455569.714089,24745748.1034196,10.54,9.486771399383197e-05,10.58,BID
220,1712455569.715511,25203455.69756857,10.54,0.0003892492284279,10.58,BID
221,1712455590.425395,25203455.69756857,10.54,0.0,10.58,BID
222,1712455605.193777,25212418.92968134,10.53,-7.582932066525677e-06,10.58,ASK
223,1712455605.514122,25290619.8824641,10.54,6.615833496540638e-05,10.58,BID
224,1712455605.5187528,25300579.02925607,10.54,8.42548007391987e-06,10.58,BID
225,1712455605.5231483,25490152.48897171,10.55,0.0001603799442605,10.58,BID
226,1712455605.5246148,25686352.57897043,10.55,0.0001659861013514,10.58,BID
227,1712455620.3096175,25686352.57897043,10.55,0.0,10.58,BID
228,1712455645.1137311,25715067.70008285,10.55,2.4188880364164323e-05,10.58,BID
229,1712455650.3114262,25715067.70008285,10.55,0.0,10.58,BID
230,1712455667.6540716,25744093.37312057,10.55,2.444424333612714e-05,10.58,BID
231,1712455667.656927,25857247.79486957,10.55,9.529405971730288e-05,10.58,BID
232,1712455680.4517925,25857247.79486957,10.55,0.0,10.58,BID
233,1712455686.9266431,25859457.02418662,10.55,1.8581759115450448e-06,10.58,BID
234,1712455686.9336145,25871520.08446324,10.55,1.0146202502625814e-05,10.58,BID
235,1712455710.4957469,25871520.08446324,10.55,0.0,10.58,BID
236,1712455740.335148,25871520.08446324,10.55,0.0,10.58,BID
237,1712455744.113808,25879520.08446324,10.55,-6.72792306747706e-06,10.58,ASK
238,1712455770.3102825,25879520.08446324,10.55,-0.0,10.58,ASK
239,1712455800.3437126,25879520.08446324,10.55,-0.0,10.58,ASK
240,1712455805.6190813,25888283.15264505,10.56,7.411404457767706e-06,10.58,BID
241,1712455810.0739524,25901425.57688747,10.56,1.111526460769631e-05,10.58,BID
242,1712455811.904157,25903321.31148462,10.56,1.6033260899674157e-06,10.58,BID
243,1712455830.3324907,25903321.31148462,10.56,0.0,10.58,BID
244,1712455846.5239356,25903794.7963331,10.56,4.00366840104487e-07,10.58,BID
245,1712455852.829707,25912655.13888909,10.56,7.492082086190074e-06,10.58,BID
246,1712455860.4438818,25912655.13888909,10.56,0.0,10.58,BID
247,1712455872.5437076,25922655.13888909,10.56,8.455042983775012e-06,10.58,BID
248,1712455890.4447787,25922655.13888909,10.56,0.0,10.58,BID
249,1712455891.0542636,26042562.94408214,10.55,-0.0001013735135398,10.58,ASK
250,1712455891.057153,26093662.35640409,10.55,-4.320091555805619e-05,10.58,ASK
251,1712455891.154973,26093662.3564044,10.55,-2.6455529175810093e-16,10.58,ASK
252,1712455892.773698,26098383.79172073,10.54,-3.99163746010249e-06,10.58,ASK
253,1712455909.3240268,26111984.79689043,10.56,1.14986816705241e-05,10.58,BID
254,1712455909.3271005,26217303.59318363,10.56,8.903954504745678e-05,10.58,BID
255,1712455909.588459,26241353.26792422,10.54,-2.0332287994253683e-05,10.58,ASK
256,1712455909.5908318,26383668.25843655,10.54,-0.0001203171936505,10.58,ASK
257,1712455920.3362193,26383668.25843655,10.54,-0.0,10.58,ASK
258,1712455950.3982494,26383668.25843655,10.54,-0.0,10.58,ASK
259,1712455980.4571943,26383668.25843655,10.54,-0.0,10.58,ASK
260,1712456010.4378183,26383668.25843655,10.54,-0.0,10.58,ASK
261,1712456027.0438652,26384963.39395435,10.54,1.0904614946205292e-06,10.58,BID
262,1712456040.332378,26384963.39395435,10.54,0.0,10.58,BID
263,1712456049.5352323,26480292.27860639,10.53,-8.026286195457832e-05,10.58,ASK
264,1712456050.2139242,26485036.11162346,10.54,3.994105416993476e-06,10.58,BID
265,1712456065.0739148,26627351.10213579,10.54,0.00011982316251,10.58,BID
266,1712456069.3510194,26769666.09264812,10.54,0.00011982316251,10.58,BID
267,1712456070.308288,26769666.09264812,10.54,0.0,10.58,BID
268,1712456086.8939464,26849956.74881676,10.53,-6.737136609603409e-05,10.58,ASK
269,1712456086.8965197,26907582.3898424,10.53,-4.835329966543996e-05,10.58,ASK
270,1712456086.899217,27069666.09264812,10.53,-0.0001360033782385,10.58,ASK
271,1712456100.357509,27069666.09264812,10.53,-0.0,10.58,ASK
272,1712456110.9637582,27071556.45181636,10.54,1.588346962027564e-06,10.58,BID
273,1712456130.4507234,27071556.45181636,10.54,0.0,10.58,BID
274,1712456160.3198397,27071556.45181636,10.54,0.0,10.58,BID
275,1712456187.324028,27096260.68311729,10.54,2.075702570232446e-05,10.58,BID
276,1712456187.3268368,27118105.93990583,10.54,1.8354853915919576e-05,10.58,BID
277,1712456190.3574326,27118105.93990583,10.54,0.0,10.58,BID
278,1712456220.4166448,27118105.93990583,10.54,0.0,10.58,BID
279,1712456233.8140223,27123100.94490083,10.54,-4.195181054473383e-06,10.58,ASK
280,1712456250.4301243,27123100.94490083,10.54,-0.0,10.58,ASK
281,1712456280.3463063,27123100.94490083,10.54,-0.0,10.58,ASK
282,1712456306.0838876,27213871.44232869,10.54,-7.623252316784619e-05,10.58,ASK
283,1712456310.3268635,27213871.44232869,10.54,-0.0,10.58,ASK
284,1712456311.7080762,27220253.54859054,10.54,5.355632870612099e-06,10.58,BID
285,1712456340.4197514,27220253.54859054,10.54,0.0,10.58,BID
286,1712456370.445602,27220253.54859054,10.54,0.0,10.58,BID
287,1712456396.9537632,27220876.61907083,10.54,5.228287110934543e-07,10.58,BID
288,1712456400.3742416,27220876.61907083,10.54,0.0,10.58,BID
289,1712456430.3944645,27220876.61907083,10.54,0.0,10.58,BID
290,1712456460.4336128,27220876.61907083,10.54,0.0,10.58,BID
291,1712456461.2337923,27318145.13758934,10.54,8.169792234199878e-05,10.58,BID
292,1712456469.8838444,27319093.90419275,10.54,7.968894917562012e-07,10.58,BID
293,1712456482.5137973,27339902.96265568,10.53,-1.7477976103758702e-05,10.58,ASK
294,1712456484.524608,27344491.69025575,10.54,3.854171080521837e-06,10.58,BID
295,1712456490.4395535,27344491.69025575,10.54,0.0,10.58,BID
296,1712456520.3433514,27344491.69025575,10.54,0.0,10.58,BID
297,1712456550.3586469,27344491.69025575,10.54,0.0,10.58,BID
298,1712456580.4356256,27344491.69025575,10.54,0.0,10.58,BID
299,1712456585.0241244,27383878.19025575,10.55,-3.304541210413843e-05,10.58,ASK
300,1712456585.1238875,27405722.48409461,10.55,-1.832743940256115e-05,10.58,ASK
301,1712456585.125837,27437850.66541803,10.55,-2.6955657191903472e-05,10.58,ASK
302,1712456589.2337444,27487850.66541803,10.56,4.1950175953865454e-05,10.58,BID
303,1712456608.003913,27492581.0343868,10.55,3.968796211332055e-06,10.58,BID
304,1712456610.427957,27492581.0343868,10.55,0.0,10.58,BID
305,1712456640.336012,27492581.0343868,10.55,0.0,10.58,BID
306,1712456670.3093626,27492581.0343868,10.55,0.0,10.58,BID
307,1712456700.3501296,27492581.0343868,10.55,0.0,10.58,BID
308,1712456730.3239715,27492581.0343868,10.55,0.0,10.58,BID
309,1712456760.441184,27492581.0343868,10.55,0.0,10.58,BID
310,1712456790.4358857,27492581.0343868,10.55,0.0,10.58,BID
311,1712456820.3449838,27492581.0343868,10.55,0.0,10.58,BID
312,1712456850.3158114,27492581.0343868,10.55,0.0,10.58,BID
313,1712456880.469387,27492581.0343868,10.55,0.0,10.58,BID
314,1712456889.9941676,27502581.0343868,10.55,8.382648341095793e-06,10.58,BID
315,1712456910.4940057,27502581.0343868,10.55,0.0,10.58,BID
316,1712456940.3206644,27502581.0343868,10.55,0.0,10.58,BID
317,1712456970.341965,27502581.0343868,10.55,0.0,10.58,BID
318,1712456976.3145158,27632413.26670987,10.56,0.0001088241706137,10.58,BID
319,1712456976.3189657,27689209.95063081,10.56,4.7606452655962665e-05,10.58,BID
320,1712456976.323847,27713866.08166204,10.55,2.066653990312876e-05,10.58,BID
321,1712456976.3260777,27725447.36233624,10.56,9.707321837296294e-06,10.58,BID
322,1712456976.3281243,27746890.46917747,10.55,1.7973412885419816e-05,10.58,BID
323,1712456976.3299696,27758261.23342643,10.56,9.530868925970016e-06,10.58,BID
324,1712456979.1841362,27759259.33228574,10.56,-8.365971886292097e-07,10.58,ASK
325,1712456987.4142292,27815193.00899395,10.57,4.688308803010365e-05,10.58,BID
326,1712456987.4178488,28058242.75544514,10.57,0.0002037220388355,10.58,BID
327,1712457000.389685,28058242.75544514,10.57,0.0,10.58,BID
328,1712457009.464217,28349504.89136747,10.54,-0.0002556106200148,10.58,ASK
329,1712457030.346487,28349504.89136747,10.54,-0.0,10.58,ASK
330,1712457060.4546564,28349504.89136747,10.54,-0.0,10.58,ASK
331,1712457090.435321,28349504.89136747,10.54,-0.0,10.58,ASK
332,1712457120.3548777,28349504.89136747,10.54,-0.0,10.58,ASK
333,1712457148.2139533,28371625.05172247,10.57,-1.9360414878113337e-05,10.58,ASK
334,1712457148.2497633,28371625.05172248,10.57,-9.781551927582465e-18,10.58,ASK
335,1712457150.3640745,28371625.05172248,10.57,-0.0,10.58,ASK
336,1712457152.4742262,28382065.95334616,10.56,-9.136408889982144e-06,10.58,ASK
337,1712457152.5555067,28497480.02196463,10.56,-0.0001009941632017,10.58,ASK
338,1712457171.6241844,28780042.80339485,10.59,0.0002472592120188,10.59,BID
339,1712457171.626964,28781947.56529961,10.59,1.6667797693347087e-06,10.59,BID
340,1712457171.639783,28782437.94991499,10.6,4.291156569573295e-07,10.6,BID
341,1712457171.6424625,28818137.94991499,10.59,3.1239619826767417e-05,10.6,BID
342,1712457171.6451857,29007173.86673919,10.58,0.0001654176519661,10.6,BID
343,1712457171.6479328,29360124.15350057,10.6,0.0003088524587163,10.6,BID
344,1712457171.6506224,29549160.07032477,10.58,0.0001654176519661,10.6,BID
345,1712457171.65312,29558770.64724777,10.6,8.409825473119228e-06,10.6,BID
346,1712457171.654735,29568770.64724777,10.59,8.75059378901048e-06,10.6,BID
347,1712457171.6563916,29611637.63127879,10.6,3.75111564215469e-05,10.6,BID
348,1712457171.6580122,29615116.77252173,10.63,3.044455175156078e-06,10.63,BID
349,1712457171.6596882,29652916.77252173,10.6,3.3077244522459615e-05,10.63,BID
350,1712457171.6613278,29654116.77252173,10.65,1.0500712546812576e-06,10.65,BID
351,1712457171.6629813,29661902.88884444,10.66,6.813314113402896e-06,10.66,BID
352,1712457171.6646383,29762845.39591325,10.61,8.833068754034676e-05,10.66,BID
353,1712457171.6662858,30024662.20523709,10.67,0.0002291052545527,10.67,BID
354,1712457171.667955,30025162.20523709,10.66,4.37529689450524e-07,10.67,BID
355,1712457171.6696186,30213486.12237457,10.62,0.0001647946099625,10.67,BID
356,1712457171.6712947,30213974.6318828,10.65,4.274748268588183e-07,10.67,BID
357,1712457171.672987,30402121.38635129,10.63,0.0001646395821074,10.67,BID
358,1712457171.674659,30403059.47265523,10.66,8.208812184797238e-07,10.67,BID
359,1712457171.676361,30783851.81736577,10.64,0.0003332159126526,10.67,BID
360,1712457171.6780446,30857853.43290384,10.65,6.475580773041929e-05,10.67,BID
361,1712457171.6797605,30859053.43290384,10.62,1.0500712546812576e-06,10.67,BID
362,1712457171.6814492,30909053.43290384,10.64,4.3752968945052405e-05,10.67,BID
363,1712457171.683151,30947484.6911162,10.65,3.3629632941691584e-05,10.67,BID
364,1712457171.6848536,31135808.60825368,10.62,0.0001647946099625,10.67,BID
365,1712457171.6865523,31136293.96947041,10.68,4.247198848556092e-07,10.68,BID
366,1712457171.688325,31419158.02517126,10.61,0.000247522844895,10.68,BID
367,1712457171.6901002,31419645.70425435,10.63,4.267481555520091e-07,10.68,BID
368,1712457171.691848,31420584.67139051,10.65,8.216519989762622e-07,10.68,BID
369,1712457171.693625,32420584.67139051,10.66,0.000875059378901,10.68,BID
370,1712457171.695359,32728042.22592258,10.69,0.0002690436167072,10.69,BID
371,1712457171.6970882,32729930.80004911,10.68,1.652614502170315e-06,10.69,BID
372,1712457180.4137754,32729930.80004911,10.68,0.0,10.69,BID
373,1712457187.6741424,32730405.18335081,10.62,-3.989402595552646e-07,10.69,ASK
374,1712457194.19952,32730873.78691219,10.67,3.940796940734088e-07,10.69,BID
375,1712457195.9541426,32738788.36075968,10.61,-6.655888041772316e-06,10.69,ASK
376,1712457210.4411037,32738788.36075968,10.61,-0.0,10.69,ASK
377,1712457240.3195934,32738788.36075968,10.61,-0.0,10.69,ASK
378,1712457270.3531778,32738788.36075968,10.61,-0.0,10.69,ASK
379,1712457300.4364383,32738788.36075968,10.61,-0.0,10.69,ASK
380,1712457330.4526663,32738788.36075968,10.61,-0.0,10.69,ASK
381,1712457332.2601054,32759418.29698387,10.6,-1.737861031226739e-05,10.69,ASK
382,1712457360.3488169,32759418.29698387,10.6,-0.0,10.69,ASK
383,1712457387.8783262,32761306.8711104,10.59,-1.5906374368760628e-06,10.69,ASK
384,1712457390.3383768,32761306.8711104,10.59,-0.0,10.69,ASK
385,1712457397.2138188,32766032.76903101,10.58,-3.980285139982398e-06,10.69,ASK
386,1712457420.426594,32766032.76903101,10.58,-0.0,10.69,ASK
387,1712457450.4420853,32766032.76903101,10.58,-0.0,10.69,ASK
388,1712457480.344734,32766032.76903101,10.58,-0.0,10.69,ASK
389,1712457510.3620734,32766032.76903101,10.58,-0.0,10.69,ASK
390,1712457540.4413123,32766032.76903101,10.58,-0.0,10.69,ASK
391,1712457570.4352036,32766032.76903101,10.58,-0.0,10.69,ASK
392,1712457595.6242175,32768946.80319505,10.55,-2.454178794971212e-06,10.69,ASK
393,1712457595.6282349,32769893.77289201,10.56,-7.975311265845468e-07,10.69,ASK
394,1712457600.4005778,32769893.77289201,10.56,-0.0,10.69,ASK
395,1712457620.6045632,32797138.18116333,10.56,2.294842800106688e-05,10.69,BID
396,1712457620.7117426,32961202.44866233,10.56,0.0001381941201568,10.69,BID
397,1712457620.7141812,32961202.44866268,10.56,2.949602796478452e-16,10.69,BID
398,1712457630.361956,32961202.44866268,10.56,0.0,10.69,BID
399,1712457638.2440467,33003543.37583601,10.58,3.560389646415552e-05,10.69,BID
400,1712457638.2474065,33005129.48079878,10.58,1.3337335917223711e-06,10.69,BID
401,1712457646.3339229,33026535.2227203,10.56,-1.7999790509835354e-05,10.69,ASK
402,1712457660.4505467,33026535.2227203,10.56,-0.0,10.69,ASK
403,1712457690.4469798,33026535.2227203,10.56,-0.0,10.69,ASK
404,1712457711.5339246,33045746.63752502,10.56,-1.6145232963274948e-05,10.69,ASK
405,1712457720.4448242,33045746.63752502,10.56,-0.0,10.69,ASK
406,1712457735.9848702,33057958.82407901,10.56,-1.0261346633947454e-05,10.69,ASK
407,1712457750.324165,33057958.82407901,10.56,-0.0,10.69,ASK
408,1712457780.426551,33057958.82407901,10.56,-0.0,10.69,ASK
409,1712457809.913916,33071178.84296475,10.59,1.110697889474304e-05,10.69,BID
410,1712457810.4487894,33071178.84296475,10.59,0.0,10.69,BID
411,1712457836.2741723,33071857.42547761,10.59,5.700532876713197e-07,10.69,BID
412,1712457840.3497207,33071857.42547761,10.59,0.0,10.69,BID
413,1712457870.3448842,33071857.42547761,10.59,0.0,10.69,BID
414,1712457894.364032,33090857.42547761,10.59,-1.5961134977027587e-05,10.69,ASK
415,1712457900.3730974,33090857.42547761,10.59,-0.0,10.69,ASK
416,1712457903.2839236,33091857.42547761,10.59,-8.406848871922255e-07,10.69,ASK
417,1712457907.5437195,33092713.35047761,10.6,7.19563212070632e-07,10.69,BID
418,1712457930.346811,33092713.35047761,10.6,0.0,10.69,BID
419,1712457934.6272762,33115697.95804151,10.6,-1.932249281190111e-05,10.69,ASK
420,1712457934.629215,33120386.41697574,10.6,-3.941451417156696e-06,10.69,ASK
421,1712457960.456033,33120386.41697574,10.6,-0.0,10.69,ASK
422,1712457990.4401095,33120386.41697574,10.6,-0.0,10.69,ASK
423,1712458020.352558,33120386.41697574,10.6,-0.0,10.69,ASK
424,1712458050.3427176,33120386.41697574,10.6,-0.0,10.69,ASK
425,1712458080.374038,33120386.41697574,10.6,-0.0,10.69,ASK
426,1712458099.293833,33120907.55097574,10.62,4.379942276572275e-07,10.69,BID
427,1712458099.2987492,33121386.41697574,10.62,4.024695065407967e-07,10.69,BID
428,1712458102.5939963,33170865.28297574,10.62,4.158519248224398e-05,10.69,BID
429,1712458102.7641346,33185416.54880248,10.62,-1.222981121404947e-05,10.69,ASK
430,1712458110.3509405,33185416.54880248,10.62,-0.0,10.69,ASK
431,1712458116.723586,33207006.08990778,10.6,-1.813470021229376e-05,10.69,ASK
432,1712458139.4444027,33248549.3636613,10.63,3.4895360289635187e-05,10.69,BID
433,1712458139.4464405,33298549.3636613,10.63,4.199880887658545e-05,10.69,BID
434,1712458140.467599,33298549.3636613,10.63,0.0,10.69,BID
435,1712458169.6360302,33429085.58191153,10.63,0.0001095367239522,10.69,BID
436,1712458169.643623,33449085.58191153,10.62,1.678257964273038e-05,10.69,BID
437,1712458170.441212,33449085.58191153,10.62,0.0,10.69,BID
438,1712458200.3973818,33449085.58191153,10.62,0.0,10.69,BID
439,1712458205.6339154,33451910.44066859,10.62,-2.370841007955272e-06,10.69,ASK
440,1712458230.329891,33451910.44066859,10.62,-0.0,10.69,ASK
441,1712458260.4609103,33451910.44066859,10.62,-0.0,10.69,ASK
442,1712458290.4393551,33451910.44066859,10.62,-0.0,10.69,ASK
443,1712458320.3823943,33451910.44066859,10.62,-0.0,10.69,ASK
444,1712458350.365433,33451910.44066859,10.62,-0.0,10.69,ASK
445,1712458380.475668,33451910.44066859,10.62,-0.0,10.69,ASK
446,1712458410.445469,33451910.44066859,10.62,-0.0,10.69,ASK
447,1712458415.3338716,33506056.19797861,10.6,-4.544218341211006e-05,10.69,ASK
448,1712458415.338272,33532447.99511596,10.6,-2.2149489556936355e-05,10.69,ASK
449,1712458440.325737,33532447.99511596,10.6,-0.0,10.69,ASK
450,1712458470.3554888,33532447.99511596,10.6,-0.0,10.69,ASK
451,1712458500.4364362,33532447.99511596,10.6,-0.0,10.69,ASK
452,1712458515.5744622,33546466.74045996,10.6,-1.1788436340645844e-05,10.69,ASK
453,1712458530.4686897,33546466.74045996,10.6,-0.0,10.69,ASK
454,1712458560.3494503,33546466.74045996,10.6,-0.0,10.69,ASK
455,1712458590.3450985,33546466.74045996,10.6,-0.0,10.69,ASK
456,1712458591.8818429,33548730.89140335,10.6,-1.9036984986928343e-06,10.69,ASK
457,1712458591.88394,33553730.89140365,10.6,-4.204000851540245e-06,10.69,ASK
458,1712458620.4490995,33553730.89140365,10.6,-0.0,10.69,ASK
459,1712458633.6638603,33554675.17846691,10.59,-7.939053248496727e-07,10.69,ASK
460,1712458650.4360492,33554675.17846691,10.59,-0.0,10.69,ASK
461,1712458661.2937708,33556276.22969943,10.57,-1.3460656847116827e-06,10.69,ASK
462,1712458667.313765,33560731.14700861,10.57,-3.745421255921285e-06,10.69,ASK
463,1712458667.323791,33561968.31715735,10.57,-1.0401367860914574e-06,10.69,ASK
464,1712458677.317423,33563078.40041359,10.57,-9.33289921046491e-07,10.69,ASK
465,1712458680.402169,33563078.40041359,10.57,-0.0,10.69,ASK
466,1712458710.3575313,33563078.40041359,10.57,-0.0,10.69,ASK
467,1712458740.469456,33563078.40041359,10.57,-0.0,10.69,ASK
468,1712458751.664075,33576983.29951439,10.57,-1.1689513456402038e-05,10.69,ASK
469,1712458751.6684997,33586444.03745194,10.57,-7.953414305758373e-06,10.69,ASK
470,1712458751.6719265,33609251.79468925,10.57,-1.9173931662729804e-05,10.69,ASK
471,1712458770.4542625,33609251.79468925,10.57,-0.0,10.69,ASK
472,1712458800.3976383,33609251.79468925,10.57,-0.0,10.69,ASK
473,1712458821.843987,33623823.7167805,10.57,-1.2261838653586091e-05,10.69,ASK
474,1712458821.943989,33638374.98260725,10.57,1.2244457021925348e-05,10.69,BID
475,1712458830.3719957,33638374.98260725,10.57,0.0,10.69,BID
476,1712458833.2939308,33654885.52679288,10.55,-1.388953360852194e-05,10.69,ASK
477,1712458835.0939348,33777134.14587583,10.57,0.0001028419344788,10.69,BID
478,1712458835.103953,33928362.87933519,10.58,0.0001272215229457,10.69,BID
479,1712458835.253839,33935328.68629155,10.59,5.860001266049335e-06,10.69,BID
480,1712458849.843998,33939585.10388067,10.59,-3.5807211737740406e-06,10.69,ASK
481,1712458860.436047,33939585.10388067,10.59,-0.0,10.69,ASK
482,1712458867.590948,33940323.69128656,10.59,6.196779081678848e-07,10.69,BID
483,1712458867.596707,34007627.19744837,10.61,5.646792184449751e-05,10.69,BID
484,1712458867.6014302,34009152.03985982,10.6,1.279349130898948e-06,10.69,BID
485,1712458867.6056578,34044852.03985982,10.62,2.9952448613921585e-05,10.69,BID
486,1712458867.6098926,34045352.03985982,10.59,4.195020814274732e-07,10.69,BID
487,1712458867.6128669,34045834.09552283,10.62,4.0444670799484244e-07,10.69,BID
488,1712458867.615535,34164319.20146482,10.63,9.940949712163772e-05,10.69,BID
489,1712458867.617946,34214319.20146482,10.64,4.195020814274732e-05,10.69,BID
490,1712458867.6203983,34252119.20146482,10.6,3.1714357355916975e-05,10.69,BID
491,1712458867.622843,34279934.64402603,10.62,2.3337272100513423e-05,10.69,BID
492,1712458867.6253402,34290014.06539363,10.63,8.456676486579716e-06,10.69,BID
493,1712458867.6278098,34935875.25896738,10.64,0.0005418802300348,10.69,BID
494,1712458867.7040951,34973675.25896738,10.64,-3.1714357355916975e-05,10.69,ASK
495,1712458867.7097082,35073675.25896738,10.65,8.390041628549463e-05,10.69,BID
496,1712458867.7239218,35097668.20972134,10.64,-2.0130185561749924e-05,10.69,ASK
497,1712458883.3518326,35125837.22380584,10.65,-2.363392008041143e-05,10.69,ASK
498,1712458890.3174968,35595320.79188096,10.65,0.000393898668007,10.69,BID
499,1712458890.319938,35631720.79188096,10.65,3.053975152792005e-05,10.69,BID
500,1712458890.3228,37631720.79188096,10.68,0.0016780083257098,10.69,BID
501,1712458890.3253725,37681720.79188096,10.66,4.195020814274732e-05,10.69,BID
502,1712458890.327679,37731720.79188096,10.67,4.195020814274732e-05,10.69,BID
503,1712458890.3300264,37818073.49251731,10.67,7.24502753076643e-05,10.69,BID
504,1712458890.332383,37827938.10593113,10.68,8.276451719154447e-06,10.69,BID
505,1712458890.336019,37835716.92505016,10.67,6.526461622960765e-06,10.69,BID
506,1712458890.3716002,37872816.92505016,10.68,-3.112705444191851e-05,10.69,ASK
507,1712458890.373943,37891078.43060358,10.68,-1.5321479179315508e-05,10.69,ASK
508,1712458890.4623024,37891078.43060358,10.68,-0.0,10.69,ASK
509,1712458895.3841553,37898197.51522124,10.68,-5.769013490456398e-06,10.69,ASK
510,1712458896.2338684,38366362.30922874,10.68,-0.0003793815016169,10.69,ASK
511,1712458898.3542418,38834527.10323624,10.68,-0.0003793815016169,10.69,ASK
512,1712458898.7538886,38850545.04362598,10.68,-1.2980280353529914e-05,10.69,ASK
513,1712458914.393855,39139374.58999893,10.67,-0.0002340555898625,10.69,ASK
514,1712458916.2640383,39607978.151386,10.67,-0.0003797370606625,10.69,ASK
515,1712458916.343842,39616115.25477508,10.67,-6.593974049469378e-06,10.69,ASK
516,1712458920.3687634,39616115.25477508,10.67,-0.0,10.69,ASK
517,1712458950.3807,39616115.25477508,10.67,-0.0,10.69,ASK
518,1712458950.577698,39616584.04577789,10.67,3.743030968877867e-07,10.69,BID
519,1712458980.477018,39616584.04577789,10.67,0.0,10.69,BID
520,1712458983.2339342,39635345.77185668,10.66,1.498011712132531e-05,10.69,BID
521,1712458989.6740494,39644717.84308442,10.66,7.483038824428297e-06,10.69,BID
522,1712459010.446972,39644717.84308442,10.66,0.0,10.69,BID
523,1712459016.6240916,39656326.05133957,10.66,9.26624174631264e-06,10.69,BID
524,1712459040.3898647,39656326.05133957,10.66,0.0,10.69,BID
525,1712459070.387389,39656326.05133957,10.66,0.0,10.69,BID
526,1712459078.9139402,39656800.98011449,10.61,-3.790740210399666e-07,10.69,ASK
527,1712459088.413935,39657270.11707509,10.66,3.744511671316621e-07,10.69,BID
528,1712459094.3741105,39659216.29683244,10.61,-1.5533827917763493e-06,10.69,ASK
529,1712459100.4265697,39659216.29683244,10.61,-0.0,10.69,ASK
530,1712459103.2040346,39676731.91464865,10.61,-1.401813388769878e-05,10.69,ASK
531,1712459130.4477725,39676731.91464865,10.61,-0.0,10.69,ASK
532,1712459150.6638932,39678473.72087971,10.61,-1.39379850425526e-06,10.69,ASK
533,1712459155.564175,39686883.89995606,10.61,-6.729850202688394e-06,10.69,ASK
534,1712459160.35734,39686883.89995606,10.61,-0.0,10.69,ASK
535,1712459160.8640704,39692312.27708054,10.62,-4.343429082072622e-06,10.69,ASK
536,1712459185.9740894,39697197.81649257,10.62,-3.90908617386238e-06,10.69,ASK
537,1712459190.318256,39697197.81649257,10.62,-0.0,10.69,ASK
538,1712459220.3663447,39697197.81649257,10.62,-0.0,10.69,ASK
539,1712459233.824035,39699038.18364868,10.64,1.4724112826454735e-06,10.69,BID
540,1712459250.3538752,39699038.18364868,10.64,0.0,10.69,BID
541,1712459280.436478,39699038.18364868,10.64,0.0,10.69,BID
542,1712459310.462577,39699038.18364868,10.64,0.0,10.69,BID
543,1712459340.3251696,39699038.18364868,10.64,0.0,10.69,BID
544,1712459365.6040492,39699818.28233289,10.64,6.241190002605853e-07,10.69,BID
545,1712459370.347828,39699818.28233289,10.64,0.0,10.69,BID
546,1712459384.1445937,39700402.96278401,10.64,4.677712740644787e-07,10.69,BID
547,1712459390.535413,39709801.45902461,10.64,7.519229610556859e-06,10.69,BID
548,1712459400.2971284,39710973.58708487,10.62,-9.377564019220104e-07,10.69,ASK
549,1712459400.2994602,39734801.45902461,10.62,-1.9063394362160427e-05,10.69,ASK
550,1712459400.3671763,39734801.45902461,10.62,-0.0,10.69,ASK
551,1712459430.3470657,39734801.45902461,10.62,-0.0,10.69,ASK
552,1712459430.7140036,39735047.74894324,10.62,-1.970957199667387e-07,10.69,ASK
553,1712459460.4232483,39735047.74894324,10.62,-0.0,10.69,ASK
554,1712459490.4480383,39735047.74894324,10.62,-0.0,10.69,ASK
555,1712459490.4795165,40172907.53302113,10.62,0.0003504004923435,10.69,BID
556,1712459520.3341403,40172907.53302113,10.62,0.0,10.69,BID
557,1712459527.1340847,40176287.61711649,10.62,-2.694908563747472e-06,10.69,ASK
558,1712459527.1383617,40270449.57568522,10.62,-7.507442459036313e-05,10.69,ASK
559,1712459550.376524,40270449.57568522,10.62,-0.0,10.69,ASK
560,1712459580.4536655,40270449.57568522,10.62,-0.0,10.69,ASK
561,1712459610.4487565,40270449.57568522,10.62,-0.0,10.69,ASK
562,1712459631.6340027,40273263.83459703,10.6,-2.24192994988768e-06,10.69,ASK
563,1712459637.4145672,40275152.40872356,10.59,-1.5044994186890704e-06,10.69,ASK
564,1712459640.3636332,40275152.40872356,10.59,-0.0,10.69,ASK
565,1712459670.333463,40275152.40872356,10.59,-0.0,10.69,ASK
566,1712459673.9343653,40279926.38118584,10.59,3.8029503754724927e-06,10.69,BID
567,1712459674.6739926,40426238.33884631,10.59,-0.0001165522253674,10.69,ASK
568,1712459680.0340245,40480874.03754531,10.59,4.352284235476669e-05,10.69,BID
569,1712459680.723968,40524742.28840382,10.58,-3.494548458166304e-05,10.69,ASK
570,1712459693.4538596,40637231.55244982,10.59,8.96090399182151e-05,10.69,BID
571,1712459693.493836,40653907.58625782,10.59,1.32841421966052e-05,10.69,BID
572,1712459698.4138956,40664358.66337677,10.59,8.32533659707428e-06,10.69,BID
573,1712459698.5338657,40671761.49291989,10.61,5.897100080288414e-06,10.69,BID
574,1712459700.3429966,40671761.49291989,10.61,0.0,10.69,BID
575,1712459726.8656874,40687369.84459439,10.64,1.2479700046027769e-05,10.69,BID
576,1712459726.8711638,40718753.97412289,10.64,2.5093266149385583e-05,10.69,BID
577,1712459730.3454983,40718753.97412289,10.64,0.0,10.69,BID
578,1712459747.413919,40728152.47036349,10.64,7.511590282860371e-06,10.69,BID
579,1712459748.8142078,40730463.4797974,10.64,1.847035479183096e-06,10.69,BID
580,1712459748.8182423,40793100.98503513,10.64,5.0061974133029125e-05,10.69,BID
581,1712459760.4495454,40793100.98503513,10.64,0.0,10.69,BID
582,1712459765.5662546,40799882.355121,10.64,-5.41647167150039e-06,10.69,ASK
583,1712459771.304089,40800821.32225715,10.65,7.499795511872765e-07,10.69,BID
584,1712459771.444162,40832309.42795715,10.64,-2.515043868030934e-05,10.69,ASK
585,1712459771.4499078,40853767.98885715,10.64,-1.7139558194614117e-05,10.69,ASK
586,1712459790.427825,40853767.98885715,10.64,-0.0,10.69,ASK
587,1712459790.4337006,40854800.85270691,10.65,8.245523801963831e-07,10.69,BID
588,1712459820.3429189,40854800.85270691,10.65,0.0,10.69,BID
589,1712459820.693981,40858606.37200691,10.65,3.037982637009937e-06,10.69,BID
590,1712459820.6997335,40860165.26174021,10.65,1.2444766586201968e-06,10.69,BID
591,1712459820.7049294,40860355.85270691,10.65,1.5215060073674825e-07,10.69,BID
592,1712459826.2541444,40861872.29687361,10.65,1.2105919548019508e-06,10.69,BID
593,1712459826.3140287,40861872.29687403,10.65,-3.3902859614427663e-16,10.69,ASK
594,1712459826.3240445,40895623.75866003,10.65,-2.694411637318681e-05,10.69,ASK
595,1712459826.4263868,40897822.49286003,10.64,-1.7552706467633956e-06,10.69,ASK
596,1712459837.4839473,41018411.39753042,10.64,-9.626728173598128e-05,10.69,ASK
597,1712459837.6239717,41025601.95153042,10.64,-5.74028837601263e-06,10.69,ASK
598,1712459850.3374474,41025601.95153042,10.64,-0.0,10.69,ASK
599,1712459880.4460137,41025601.95153042,10.64,-0.0,10.69,ASK
600,1712459910.4466584,41025601.95153042,10.64,-0.0,10.69,ASK
601,1712459927.3239431,41033004.78107354,10.64,-5.901186694615909e-06,10.69,ASK
602,1712459927.92412,41062804.09840584,10.64,-2.3754610845172817e-05,10.69,ASK
603,1712459927.9295974,41072202.59464644,10.64,-7.492038097239246e-06,10.69,ASK
604,1712459940.3460772,41072202.59464644,10.64,-0.0,10.69,ASK
605,1712459960.669385,41081592.26600794,10.65,7.482046018761155e-06,10.69,BID
606,1712459965.974342,41090555.57870794,10.62,-7.142307277862879e-06,10.69,ASK
607,1712459965.980584,41112963.86040794,10.62,-1.785576815480869e-05,10.69,ASK
608,1712459965.9845665,41131592.26600794,10.62,-1.484381961724776e-05,10.69,ASK
609,1712459970.3346107,41131592.26600794,10.62,-0.0,10.69,ASK
610,1712459974.4038887,41136309.01542431,10.62,-3.7565958703606025e-06,10.69,ASK
611,1712459985.1040075,41138997.97152431,10.62,-2.141585335396999e-06,10.69,ASK
612,1712459985.1100457,41183814.53492431,10.62,-3.569358940455058e-05,10.69,ASK
613,1712459985.1161487,41263493.83030794,10.62,-6.345957471310668e-05,10.69,ASK
614,1712460000.3774986,41263493.83030794,10.62,-0.0,10.69,ASK
615,1712460014.0340254,41299454.95769194,10.61,2.8623013816004195e-05,10.69,BID
616,1712460022.814089,41321301.67584229,10.6,-1.7388746152885816e-05,10.69,ASK
617,1712460022.9537425,41354841.20440129,10.6,2.669555876475791e-05,10.69,BID
618,1712460030.338168,41354841.20440129,10.6,0.0,10.69,BID
619,1712460038.7439303,41357200.17065126,10.59,-1.8761565944153068e-06,10.69,ASK
620,1712460046.635201,41466486.0001616,10.59,-8.691829724779379e-05,10.69,ASK
621,1712460060.4481966,41466486.0001616,10.59,-0.0,10.69,ASK
622,1712460090.4397452,41466486.0001616,10.59,-0.0,10.69,ASK
623,1712460120.415813,41466486.0001616,10.59,-0.0,10.69,ASK
624,1712460150.3831222,41466486.0001616,10.59,-0.0,10.69,ASK
625,1712460152.20408,41471882.66289853,10.59,-4.288095459870432e-06,10.69,ASK
626,1712460159.6340854,41475928.87079427,10.59,-3.215047252935561e-06,10.69,ASK
627,1712460159.640183,41484025.15405664,10.59,-6.43316753178327e-06,10.69,ASK
628,1712460180.4541836,41484025.15405664,10.59,-0.0,10.69,ASK
629,1712460210.4477627,41484025.15405664,10.59,-0.0,10.69,ASK
630,1712460240.3123102,41484025.15405664,10.59,-0.0,10.69,ASK
631,1712460270.3583198,41484025.15405664,10.59,-0.0,10.69,ASK
632,1712460290.8130002,41550870.72380665,10.59,-5.31065031165606e-05,10.69,ASK
633,1712460295.7510085,41556867.01573658,10.6,4.76384743604652e-06,10.69,BID
634,1712460300.4456043,41556867.01573658,10.6,0.0,10.69,BID
635,1712460327.9950063,41589329.56105939,10.6,2.581280968973076e-05,10.69,BID
636,1712460330.4560008,41589329.56105939,10.6,0.0,10.69,BID
637,1712460360.42898,41589329.56105939,10.6,0.0,10.69,BID
638,1712460390.4537473,41589329.56105939,10.6,0.0,10.69,BID
639,1712460420.3328483,41589329.56105939,10.6,0.0,10.69,BID
640,1712460450.332108,41589329.56105939,10.6,0.0,10.69,BID
641,1712460480.4214342,41589329.56105939,10.6,0.0,10.69,BID
642,1712460510.438391,41589329.56105939,10.6,0.0,10.69,BID
643,1712460513.3337753,41591025.69412493,10.6,-1.3483226110430992e-06,10.69,ASK
644,1712460540.3113675,41591025.69412493,10.6,-0.0,10.69,ASK
645,1712460544.3951044,41598436.42942797,10.6,5.890999574184351e-06,10.69,BID
646,1712460544.4035866,41599828.51102633,10.61,1.1066043743095915e-06,10.69,BID
647,1712460547.2338345,41608654.6363573,10.61,7.0161324673319655e-06,10.69,BID
648,1712460570.3494468,41608654.6363573,10.61,0.0,10.69,BID
649,1712460588.669269,41708654.6363573,10.65,7.948096785039602e-05,10.69,BID
650,1712460588.675461,41743720.5497283,10.62,2.787072733284962e-05,10.69,BID
651,1712460588.681537,41790619.7830372,10.65,3.727596454833211e-05,10.69,BID
652,1712460588.6842258,41815554.4882984,10.61,1.981834507224591e-05,10.69,BID
653,1712460588.686811,41884625.78285751,10.66,5.489853342237556e-05,10.69,BID
654,1712460588.689427,41935363.37684248,10.64,4.0326730763257645e-05,10.69,BID
655,1712460588.6920612,42035038.29586345,10.65,7.922259034196795e-05,10.69,BID
656,1712460588.694702,42225385.39294275,10.66,0.0001512897150337,10.69,BID
657,1712460600.4019382,42225385.39294275,10.66,0.0,10.69,BID
658,1712460630.3215885,42225385.39294275,10.66,0.0,10.69,BID
659,1712460660.4167085,42225385.39294275,10.66,0.0,10.69,BID
660,1712460663.0719583,42234419.83798438,10.6,-7.24023751806013e-06,10.69,ASK
661,1712460690.4487112,42234419.83798438,10.6,-0.0,10.69,ASK
662,1712460720.3723967,42234419.83798438,10.6,-0.0,10.69,ASK
663,1712460750.3621137,42234419.83798438,10.6,-0.0,10.69,ASK
664,1712460763.2141013,42234968.83798438,10.59,-4.39936857605844e-07,10.69,ASK
665,1712460780.444039,42234968.83798438,10.59,-0.0,10.69,ASK
666,1712460810.4520488,42234968.83798438,10.59,-0.0,10.69,ASK
667,1712460840.3388596,42234968.83798438,10.59,-0.0,10.69,ASK
668,1712460843.7336931,42334869.06063918,10.59,-8.0053889382106e-05,10.69,ASK
669,1712460870.3865008,42334869.06063918,10.59,-0.0,10.69,ASK
670,1712460896.663823,42485954.99076194,10.59,-0.0001209684112935,10.69,ASK
671,1712460900.442222,42485954.99076194,10.59,-0.0,10.69,ASK
672,1712460900.966775,42637040.9208847,10.59,-0.0001209150653022,10.69,ASK
673,1712460905.2474706,42663666.57598978,10.59,-2.130868720290078e-05,10.69,ASK
674,1712460905.3238225,42788126.85100746,10.59,9.960637809930564e-05,10.69,BID
675,1712460918.5142577,42939212.78113022,10.59,0.0001209150653022,10.69,BID
676,1712460920.4037151,42939612.29835274,10.6,3.1973626539252373e-07,10.69,BID
677,1712460930.444518,42939612.29835274,10.6,0.0,10.69,BID
678,1712460960.3750725,42939612.29835274,10.6,0.0,10.69,BID
679,1712460990.3532624,42939612.29835274,10.6,0.0,10.69,BID
680,1712461020.582843,42939612.29835274,10.6,0.0,10.69,BID
681,1712461050.4289515,42939612.29835274,10.6,0.0,10.69,BID
682,1712461080.3481486,42939612.29835274,10.6,0.0,10.69,BID
683,1712461110.3673213,42939612.29835274,10.6,0.0,10.69,BID
684,1712461140.4490905,42939612.29835274,10.6,0.0,10.69,BID
685,1712461170.4573226,42939612.29835274,10.6,0.0,10.69,BID
686,1712461200.3728025,42939612.29835274,10.6,0.0,10.69,BID
687,1712461230.4112968,42939612.29835274,10.6,0.0,10.69,BID
688,1712461260.406536,42939612.29835274,10.6,0.0,10.69,BID
689,1712461290.43665,42939612.29835274,10.6,0.0,10.69,BID
690,1712461320.3877294,42939612.29835274,10.6,0.0,10.69,BID
691,1712461350.3338306,42939612.29835274,10.6,0.0,10.69,BID
692,1712461380.4525402,42939612.29835274,10.6,0.0,10.69,BID
693,1712461410.4538696,42939612.29835274,10.6,0.0,10.69,BID
694,1712461414.7141988,42942445.15954254,10.59,-2.27538842943341e-06,10.69,ASK
695,1712461440.342289,42942445.15954254,10.59,-0.0,10.69,ASK
696,1712461470.348215,42942445.15954254,10.59,-0.0,10.69,ASK
697,1712461488.2740445,43007587.7534958,10.59,-5.232205993292099e-05,10.69,ASK
698,1712461488.28413,43009287.7534958,10.59,-1.365427694662984e-06,10.69,ASK
699,1712461488.4138982,43031995.18330679,10.59,1.8238443257968355e-05,10.69,BID
700,1712461500.3492804,43031995.18330679,10.59,0.0,10.69,BID
701,1712461530.3540406,43031995.18330679,10.59,0.0,10.69,BID
702,1712461560.4416244,43031995.18330679,10.59,0.0,10.69,BID
703,1712461576.2161283,43038264.32122035,10.6,5.035957943520207e-06,10.69,BID
704,1712461576.2220123,43039216.70217273,10.6,7.650414600044328e-07,10.69,BID
705,1712461590.4270012,43039216.70217273,10.6,0.0,10.69,BID
706,1712461611.4242404,43040248.35480519,10.61,-8.286689326245068e-07,10.69,ASK
707,1712461620.344977,43040248.35480519,10.61,-0.0,10.69,ASK
708,1712461650.3643637,43040248.35480519,10.61,-0.0,10.69,ASK
709,1712461680.446968,43040248.35480519,10.61,-0.0,10.69,ASK
710,1712461706.864084,43040798.35480519,10.61,-4.417803933670961e-07,10.69,ASK
711,1712461710.4429338,43040798.35480519,10.61,-0.0,10.69,ASK
712,1712461740.365286,43040798.35480519,10.61,-0.0,10.69,ASK
713,1712461770.4223073,43040798.35480519,10.61,-0.0,10.69,ASK
714,1712461800.3893127,43040798.35480519,10.61,-0.0,10.69,ASK
715,1712461830.3594267,43040798.35480519,10.61,-0.0,10.69,ASK
716,1712461860.4513454,43040798.35480519,10.61,-0.0,10.69,ASK
717,1712461890.426874,43040798.35480519,10.61,-0.0,10.69,ASK
718,1712461906.607164,43042676.28907749,10.65,1.508929300950581e-06,10.69,BID
719,1712461920.350459,43042676.28907749,10.65,0.0,10.69,BID
720,1712461950.3633962,43042676.28907749,10.65,0.0,10.69,BID
721,1712461980.360674,43042676.28907749,10.65,0.0,10.69,BID
722,1712461989.0276144,43047406.65804626,10.64,3.800813342287085e-06,10.69,BID
723,1712461992.9841115,43075617.77865729,10.64,-2.2667408045158085e-05,10.69,ASK
724,1712461993.067107,43105946.24455674,10.64,-2.436867791979321e-05,10.69,ASK
725,1712461993.144174,43114003.29675674,10.64,-6.473776507377918e-06,10.69,ASK
726,1712461993.1503024,43119494.02865674,10.64,-4.41175882943715e-06,10.69,ASK
727,1712462000.0116782,43121274.01675674,10.64,-1.4302060926444986e-06,10.69,ASK
728,1712462000.0238054,43123885.95585674,10.64,-2.098672016084308e-06,10.69,ASK
729,1712462003.6457927,43418428.26271473,10.64,-0.0002366623697146,10.69,ASK
730,1712462010.3370955,43418428.26271473,10.64,-0.0,10.69,ASK
731,1712462040.4502656,43418428.26271473,10.64,-0.0,10.69,ASK
732,1712462070.448388,43418428.26271473,10.64,-0.0,10.69,ASK
733,1712462091.024172,43419483.61392356,10.62,-8.452509391115676e-07,10.69,ASK
734,1712462100.336603,43419483.61392356,10.62,-0.0,10.69,ASK
735,1712462101.6243632,43454751.51987668,10.63,2.8246485896766507e-05,10.69,BID
736,1712462101.6318913,43464581.25438995,10.63,7.872751437724197e-06,10.69,BID
737,1712462101.7842305,43473041.89238075,10.63,-6.776225727790352e-06,10.69,ASK
738,1712462130.3409765,43473041.89238075,10.63,-0.0,10.69,ASK
739,1712462160.437507,43473041.89238075,10.63,-0.0,10.69,ASK
740,1712462164.2865322,43506460.23974829,10.61,-2.6752953619527085e-05,10.69,ASK
741,1712462164.2933743,43525706.84481302,10.61,-1.5407809577386337e-05,10.69,ASK
742,1712462190.4368775,43525706.84481302,10.61,-0.0,10.69,ASK
743,1712462220.3525908,43525706.84481302,10.61,-0.0,10.69,ASK
744,1712462250.3813255,43525706.84481302,10.61,-0.0,10.69,ASK
745,1712462280.4465113,43525706.84481302,10.61,-0.0,10.69,ASK
746,1712462310.4290788,43525706.84481302,10.61,-0.0,10.69,ASK
747,1712462340.3498557,43525706.84481302,10.61,-0.0,10.69,ASK
748,1712462370.348395,43525706.84481302,10.61,-0.0,10.69,ASK
749,1712462400.4207273,43525706.84481302,10.61,-0.0,10.69,ASK
750,1712462430.34207,43525706.84481302,10.61,-0.0,10.69,ASK
751,1712462432.6842988,43526276.10477506,10.61,-4.5551931911098187e-07,10.69,ASK
752,1712462438.0040934,43573289.27504786,10.63,3.761973217823695e-05,10.69,BID
753,1712462460.4429977,43573289.27504786,10.63,0.0,10.69,BID
754,1712462490.4476752,43573289.27504786,10.63,0.0,10.69,BID
755,1712462520.3616369,43573289.27504786,10.63,0.0,10.69,BID
756,1712462550.362717,43573289.27504786,10.63,0.0,10.69,BID
757,1712462550.7946951,43574961.59649852,10.63,1.3376428878500646e-06,10.69,BID
758,1712462550.8003602,43585590.79887007,10.63,8.501999989434346e-06,10.69,BID
759,1712462556.044201,43588267.63463395,10.63,-2.1411256311317624e-06,10.69,ASK
760,1712462559.9242296,43610040.43513395,10.63,-1.7415450675430163e-05,10.69,ASK
761,1712462559.944051,43616421.53523395,10.63,-5.104062476786023e-06,10.69,ASK
762,1712462580.4475286,43616421.53523395,10.63,-0.0,10.69,ASK
763,1712462592.3145092,43644617.02395575,10.64,2.254451039249376e-05,10.69,BID
764,1712462601.60453,43645144.69956017,10.64,4.219181396432874e-07,10.69,BID
765,1712462601.6116476,43703308.54041015,10.64,4.650656448796063e-05,10.69,BID
766,1712462601.616836,43742828.87589144,10.64,3.159961590890842e-05,10.69,BID
767,1712462610.447165,43742828.87589144,10.64,0.0,10.69,BID
768,1712462639.5542696,43897893.50389107,10.65,0.0001238531703772,10.69,BID
769,1712462639.5641549,43898747.63012934,10.65,6.822074374797967e-07,10.69,BID
770,1712462639.964407,44035498.18420868,10.64,-0.000109225359078,10.69,ASK
771,1712462640.263205,44044534.44190868,10.63,-7.217436877305101e-06,10.69,ASK
772,1712462640.266369,44057794.16520868,10.63,-1.0590801978604452e-05,10.69,ASK
773,1712462640.3790274,44057794.16520868,10.63,-0.0,10.69,ASK
774,1712462640.593569,44227549.36710819,10.63,-0.0001352247213834,10.69,ASK
775,1712462670.3401704,44227549.36710819,10.63,-0.0,10.69,ASK
776,1712462700.482603,44227549.36710819,10.63,-0.0,10.69,ASK
777,1712462730.4504175,44227549.36710819,10.63,-0.0,10.69,ASK
778,1712462745.2442243,44248115.27403365,10.61,-1.6367879337912595e-05,10.69,ASK
779,1712462760.34556,44248115.27403365,10.61,-0.0,10.69,ASK
780,1712462790.353521,44248115.27403365,10.61,-0.0,10.69,ASK
781,1712462795.30426,44251131.0391028,10.61,-2.3997535398539646e-06,10.69,ASK
782,1712462820.4242086,44251131.0391028,10.61,-0.0,10.69,ASK
783,1712462846.4743,44256978.65376609,10.61,-4.653040399328063e-06,10.69,ASK
784,1712462850.43728,44256978.65376609,10.61,-0.0,10.69,ASK
785,1712462853.4447577,44301937.10715918,10.61,-3.57723935075753e-05,10.69,ASK
786,1712462853.4521835,44313588.3974424,10.61,-9.270660118977415e-06,10.69,ASK
787,1712462880.14753,44314588.3974424,10.6,-7.956766927634138e-07,10.69,ASK
788,1712462880.4386835,44314588.3974424,10.6,-0.0,10.69,ASK
789,1712462910.4613872,44314588.3974424,10.6,-0.0,10.69,ASK
790,1712462918.3342335,44336300.22788848,10.59,-1.726719969649368e-05,10.69,ASK
791,1712462918.341036,44337847.89598077,10.59,-1.2308448189017302e-06,10.69,ASK
792,1712462940.3634446,44337847.89598077,10.59,-0.0,10.69,ASK
793,1712462970.367592,44337847.89598077,10.59,-0.0,10.69,ASK
794,1712463000.3740923,44337847.89598077,10.59,-0.0,10.69,ASK
795,1712463030.3452091,44337847.89598077,10.59,-0.0,10.69,ASK
796,1712463060.5029502,44337847.89598077,10.59,-0.0,10.69,ASK
797,1712463068.6942236,44479814.42645267,10.59,-0.0001131116496304,10.69,ASK
798,1712463090.472419,44479814.42645267,10.59,-0.0,10.69,ASK
799,1712463120.3154092,44479814.42645267,10.59,-0.0,10.69,ASK
800,1712463150.3836863,44479814.42645267,10.59,-0.0,10.69,ASK
801,1712463180.379191,44479814.42645267,10.59,-0.0,10.69,ASK
802,1712463210.3530078,44479814.42645267,10.59,-0.0,10.69,ASK
803,1712463237.0248528,44481528.61501491,10.6,1.364143478503465e-06,10.69,BID
804,1712463237.031376,44490900.68624266,10.67,7.458251750711584e-06,10.69,BID
805,1712463237.036526,44699325.25302903,10.63,0.0001658633243762,10.69,BID
806,1712463237.0416746,44701610.35379852,10.62,1.8184728221159424e-06,10.69,BID
807,1712463237.045334,44714856.66747777,10.67,1.054135631152553e-05,10.69,BID
808,1712463237.0483134,44749575.68080989,10.6,2.762923324787731e-05,10.69,BID
809,1712463237.0513487,44822133.30216605,10.68,5.774102579423793e-05,10.69,BID
810,1712463237.0544314,44831522.97352756,10.65,7.47225785728034e-06,10.69,BID
811,1712463237.0574656,44840903.83656696,10.66,7.465248234525629e-06,10.69,BID
812,1712463237.0605106,44979416.98492309,10.61,0.0001102281348614,10.69,BID
813,1712463237.0635548,45213330.78306117,10.68,0.0001861475390106,10.69,BID
814,1712463237.0665815,45221116.89938388,10.66,6.1961560346607785e-06,10.69,BID
815,1712463237.0696957,45230480.19526403,10.68,7.45126836891153e-06,10.69,BID
816,1712463237.072768,45232414.09531968,10.67,1.5389888878645894e-06,10.69,BID
817,1712463240.4470732,45232414.09531968,10.67,0.0,10.69,BID
818,1712463270.4706984,45232414.09531968,10.67,0.0,10.69,BID
819,1712463300.3852324,45232414.09531968,10.67,0.0,10.69,BID
820,1712463310.1643922,45438348.55224851,10.68,0.0001636676835177,10.69,BID
821,1712463318.8142157,45440547.04498392,10.67,1.7472657009529289e-06,10.69,BID
822,1712463322.554778,45483463.39895513,10.66,3.410803779147537e-05,10.69,BID
823,1712463322.6584277,45487994.38528387,10.66,3.601029412636669e-06,10.69,BID
824,1712463330.3589256,45487994.38528387,10.66,0.0,10.69,BID
825,1712463360.4693403,45487994.38528387,10.66,0.0,10.69,BID
826,1712463390.4386053,45487994.38528387,10.66,0.0,10.69,BID
827,1712463420.3372693,45487994.38528387,10.66,0.0,10.69,BID
828,1712463450.355193,45487994.38528387,10.66,0.0,10.69,BID
829,1712463477.2712204,45490100.76427073,10.65,1.6704352355935348e-06,10.69,BID
830,1712463480.4357088,45490100.76427073,10.65,0.0,10.69,BID
831,1712463486.0441377,45490627.80652425,10.65,4.179562625889957e-07,10.69,BID
832,1712463494.854281,45521427.80652423,10.64,-2.4425086986557955e-05,10.69,ASK
833,1712463494.8616138,45521954.79866725,10.64,-4.179165238475048e-07,10.69,ASK
834,1712463494.8759663,45521954.79866727,10.64,-1.1816953193526846e-17,10.69,ASK
835,1712463498.6584728,45522680.93935168,10.61,-5.758457591306579e-07,10.69,ASK
836,1712463503.4942594,45550862.33737447,10.64,2.234847721135941e-05,10.69,BID
837,1712463510.4581444,45550862.33737447,10.64,0.0,10.69,BID
838,1712463518.240687,45558672.53372005,10.64,6.1904861785783565e-06,10.69,BID
839,1712463518.2440486,45579043.73539726,10.64,1.61465393242323e-05,10.69,BID
840,1712463527.2841263,45579892.23336008,10.64,6.725330169702982e-07,10.69,BID
841,1712463540.3490603,45579892.23336008,10.64,0.0,10.69,BID
842,1712463570.3488965,45579892.23336008,10.64,0.0,10.69,BID
843,1712463582.87723,45580530.49101028,10.65,5.05769369002527e-07,10.69,BID
844,1712463600.3579807,45580530.49101028,10.65,0.0,10.69,BID
845,1712463630.3402507,45580530.49101028,10.65,0.0,10.69,BID
846,1712463646.8254242,45582214.45902229,10.65,1.334406020808851e-06,10.69,BID
847,1712463646.8346148,45590007.88625234,10.65,6.175649504226124e-06,10.69,BID
848,1712463646.8383777,45753686.24717032,10.66,0.0001297016265909,10.69,BID
849,1712463646.8421347,45759804.32976611,10.66,4.848076800383114e-06,10.69,BID
850,1712463646.8459184,45764264.41197844,10.65,3.5342479874788943e-06,10.69,BID
851,1712463646.9256186,45768323.91824032,10.66,-3.216824523226427e-06,10.69,ASK
852,1712463646.944111,45798423.91824032,10.65,2.38517720882024e-05,10.69,BID
853,1712463660.4551904,45798423.91824032,10.65,0.0,10.69,BID
854,1712463690.4572515,45798423.91824032,10.65,0.0,10.69,BID
855,1712463699.7343104,45986217.34547036,10.65,-0.0001485374876336,10.69,ASK
856,1712463699.814069,46017017.34547036,10.64,-2.436163334679912e-05,10.69,ASK
857,1712463717.0641143,46020630.01206235,10.63,-2.857482432409674e-06,10.69,ASK
858,1712463720.367963,46020630.01206235,10.63,-0.0,10.69,ASK
859,1712463720.7640972,46023881.41199514,10.63,-2.566930161253172e-06,10.69,ASK
860,1712463750.3323667,46023881.41199514,10.63,-0.0,10.69,ASK
861,1712463780.3807282,46023881.41199514,10.63,-0.0,10.69,ASK
862,1712463810.3407657,46023881.41199514,10.63,-0.0,10.69,ASK
863,1712463840.437857,46023881.41199514,10.63,-0.0,10.69,ASK
864,1712463870.439659,46023881.41199514,10.63,-0.0,10.69,ASK
865,1712463882.8941283,46047817.34547036,10.63,-1.889653514160202e-05,10.69,ASK
866,1712463883.0543404,46083292.52466354,10.62,2.8006343306916297e-05,10.69,BID
867,1712463900.358499,46083292.52466354,10.62,0.0,10.69,BID
868,1712463908.796612,46091184.91815696,10.62,6.241364372360464e-06,10.69,BID
869,1712463908.804203,46211803.07676565,10.67,9.53857506506116e-05,10.69,BID
870,1712463908.8075104,46248203.07676565,10.65,2.8785394867005707e-05,10.69,BID
871,1712463908.8127716,46252217.15075675,10.66,3.1743600236021807e-06,10.69,BID
872,1712463930.3371704,46252217.15075675,10.66,0.0,10.69,BID
873,1712463960.4376493,46252217.15075675,10.66,0.0,10.69,BID
874,1712463990.4493408,46252217.15075675,10.66,0.0,10.69,BID
875,1712464009.6848712,46289317.15075675,10.61,-2.929722764719396e-05,10.69,ASK
876,1712464009.6930876,46290722.45093985,10.61,-1.1097412230996482e-06,10.69,ASK
877,1712464009.697676,46356836.1453916,10.59,-5.2208839809970994e-05,10.69,ASK
878,1712464009.7028282,46357168.58152151,10.61,-2.625190559624127e-07,10.69,ASK
879,1712464009.7065723,46394568.58152151,10.6,-2.953413245296641e-05,10.69,ASK
880,1712464013.6143212,46465744.29690389,10.59,-5.620623009459671e-05,10.69,ASK
881,1712464018.1842544,46501332.15459508,10.59,-2.810311504729247e-05,10.69,ASK
882,1712464020.3654418,46501332.15459508,10.59,-0.0,10.69,ASK
883,1712464046.984288,46503210.08886738,10.65,1.4798878088189274e-06,10.69,BID
884,1712464050.340859,46503210.08886738,10.65,0.0,10.69,BID
885,1712464057.4042027,46503759.08886738,10.64,-4.32627283194474e-07,10.69,ASK
886,1712464057.4442332,46504796.69601023,10.64,-8.176633137244142e-07,10.69,ASK
887,1712464064.1141982,46505590.34605726,10.63,6.254183308784582e-07,10.69,BID
888,1712464080.4330437,46505590.34605726,10.63,0.0,10.69,BID
889,1712464110.4290104,46505590.34605726,10.63,0.0,10.69,BID
890,1712464140.3350344,46505590.34605726,10.63,0.0,10.69,BID
891,1712464163.348033,46506292.99614881,10.63,5.536967857206947e-07,10.69,BID
892,1712464163.3557427,46506515.75353226,10.63,1.7553551717327492e-07,10.69,BID
893,1712464170.3388112,46506515.75353226,10.63,0.0,10.69,BID
894,1712464192.314188,46506995.64624036,10.63,3.781583371625459e-07,10.69,BID
895,1712464192.413968,46512425.49856566,10.63,-4.278756254707122e-06,10.69,ASK
896,1712464192.533858,46531046.90656566,10.62,-1.4673781380800497e-05,10.69,ASK
897,1712464192.6442454,46531974.1193713,10.62,-7.306492615109511e-07,10.69,ASK
898,1712464192.6525278,46560433.69065566,10.62,-2.2426313156235425e-05,10.69,ASK
899,1712464193.064083,46560433.69065604,10.62,-2.994262159340509e-16,10.69,ASK
900,1712464200.4159193,46560433.69065604,10.62,-0.0,10.69,ASK
901,1712464230.3365157,46560433.69065604,10.62,-0.0,10.69,ASK
902,1712464241.7443051,46560933.69065604,10.62,3.9551647155971693e-07,10.69,BID
903,1712464260.4274347,46560933.69065604,10.62,0.0,10.69,BID
904,1712464290.4369695,46560933.69065604,10.62,0.0,10.69,BID
905,1712464292.0243623,46561897.08179284,10.59,-7.620709253231206e-07,10.69,ASK
906,1712464320.351015,46561897.08179284,10.59,-0.0,10.69,ASK
907,1712464345.7862337,46563018.81979284,10.59,-8.87320823455423e-07,10.69,ASK
908,1712464345.7947552,46604158.86536854,10.59,-3.25427320080878e-05,10.69,ASK
909,1712464345.9445894,46605555.648929,10.59,1.1048882529258845e-06,10.69,BID
910,1712464350.3402078,46605555.648929,10.59,0.0,10.69,BID
911,1712464380.424368,46605555.648929,10.59,0.0,10.69,BID
912,1712464410.4310346,46605555.648929,10.59,0.0,10.69,BID
913,1712464429.924101,46606168.62457439,10.59,4.847007118389591e-07,10.69,BID
914,1712464440.4122753,46606168.62457439,10.59,0.0,10.69,BID
915,1712464470.336059,46606168.62457439,10.59,0.0,10.69,BID
916,1712464500.4439833,46606168.62457439,10.59,0.0,10.69,BID
917,1712464530.4694045,46606168.62457439,10.59,0.0,10.69,BID
918,1712464531.6844702,46625100.10953679,10.64,1.4993427332846487e-05,10.69,BID
919,1712464560.3664973,46625100.10953679,10.64,0.0,10.69,BID
920,1712464561.3849206,46828749.36901541,10.63,0.0001612611661459,10.69,BID
921,1712464561.5684934,46907320.24123951,10.63,-6.221692390340321e-05,10.69,ASK
922,1712464588.8445284,46912806.9786261,10.64,4.34471341346301e-06,10.69,BID
923,1712464588.8522444,47189540.37294223,10.64,0.0002191333766359,10.69,BID
924,1712464590.3368022,47189540.37294223,10.64,0.0,10.69,BID
925,1712464593.3343306,47191428.94706876,10.59,-1.488406373277852e-06,10.69,ASK
926,1712464593.343006,47199413.38561696,10.59,-6.292625243173315e-06,10.69,ASK
927,1712464620.4225976,47199413.38561696,10.59,-0.0,10.69,ASK
928,1712464650.4474876,47199413.38561696,10.59,-0.0,10.69,ASK
929,1712464664.304227,48191428.94706876,10.59,-0.0007817541319908,10.69,ASK
930,1712464664.3115313,48228773.23413202,10.59,-2.9429024959280413e-05,10.69,ASK
931,1712464664.4742029,48311758.54883579,10.59,6.539626512440307e-05,10.69,BID
932,1712464673.8343575,48316573.16089253,10.64,3.794136922389577e-06,10.69,BID
933,1712464673.8447323,48348506.65973804,10.64,2.51650736555673e-05,10.69,BID
934,1712464680.3411136,48348506.65973804,10.64,0.0,10.69,BID
935,1712464710.345703,48348506.65973804,10.64,0.0,10.69,BID
936,1712464740.437504,48348506.65973804,10.64,0.0,10.69,BID
937,1712464770.4413867,48348506.65973804,10.64,0.0,10.69,BID
938,1712464800.3485382,48348506.65973804,10.64,0.0,10.69,BID
939,1712464830.3380544,48348506.65973804,10.64,0.0,10.69,BID
940,1712464860.4270694,48348506.65973804,10.64,0.0,10.69,BID
941,1712464890.448652,48348506.65973804,10.64,0.0,10.69,BID
942,1712464920.3426268,48348506.65973804,10.64,0.0,10.69,BID
943,1712464950.330503,48348506.65973804,10.64,0.0,10.69,BID
944,1712464980.4542887,48348506.65973804,10.64,0.0,10.69,BID
945,1712465010.4441967,48348506.65973804,10.64,0.0,10.69,BID
946,1712465040.3459756,48348506.65973804,10.64,0.0,10.69,BID
947,1712465070.342134,48348506.65973804,10.64,0.0,10.69,BID
948,1712465100.361346,48348506.65973804,10.64,0.0,10.69,BID
949,1712465130.3596995,48348506.65973804,10.64,0.0,10.69,BID
950,1712465160.442515,48348506.65973804,10.64,0.0,10.69,BID
951,1712465190.4503734,48348506.65973804,10.64,0.0,10.69,BID
952,1712465219.784053,48350763.3042647,10.62,-1.7663132659168338e-06,10.69,ASK
953,1712465220.3148532,48350763.3042647,10.62,-0.0,10.69,ASK
954,1712465248.1340835,48442668.61830678,10.62,-7.193447104619363e-05,10.69,ASK
955,1712465248.214114,48447739.29421447,10.62,3.968828060362616e-06,10.69,BID
956,1712465250.3566792,48447739.29421447,10.62,0.0,10.69,BID
957,1712465261.2040217,48494820.27349883,10.62,3.682069468430546e-05,10.69,BID
958,1712465280.4298255,48494820.27349883,10.62,0.0,10.69,BID
959,1712465281.8142283,48629556.7794081,10.62,0.0001053323999675,10.69,BID
960,1712465281.8219976,48666415.0149081,10.62,2.8814510051192538e-05,10.69,BID
961,1712465287.0746758,48667366.48969401,10.62,-7.43830501111006e-07,10.69,ASK
962,1712465310.4339318,48667366.48969401,10.62,-0.0,10.69,ASK
963,1712465314.2541528,48671104.75597753,10.63,2.918268408369407e-06,10.69,BID
964,1712465340.353657,48671104.75597753,10.63,0.0,10.69,BID
965,1712465370.3449385,48671104.75597753,10.63,0.0,10.69,BID
966,1712465400.3646393,48671104.75597753,10.63,0.0,10.69,BID
967,1712465430.3487074,48671104.75597753,10.63,0.0,10.69,BID
968,1712465460.442078,48671104.75597753,10.63,0.0,10.69,BID
969,1712465490.4502203,48671104.75597753,10.63,0.0,10.69,BID
970,1712465520.3791718,48671104.75597753,10.63,0.0,10.69,BID
971,1712465550.339796,48671104.75597753,10.63,0.0,10.69,BID
972,1712465552.4341888,48711104.75597753,10.62,-3.124467247200245e-05,10.69,ASK
973,1712465580.4496665,48711104.75597753,10.62,-0.0,10.69,ASK
974,1712465608.8042705,48831226.37467527,10.62,-9.379789195697788e-05,10.69,ASK
975,1712465610.4378276,48831226.37467527,10.62,-0.0,10.69,ASK
976,1712465640.3254597,48831226.37467527,10.62,-0.0,10.69,ASK
977,1712465641.9847426,48872904.83368495,10.62,-3.251255915675951e-05,10.69,ASK
978,1712465670.327077,48872904.83368495,10.62,-0.0,10.69,ASK
979,1712465692.995344,48967164.79311592,10.62,-7.350498983125596e-05,10.69,ASK
980,1712465693.1147044,49026114.79311592,10.62,-4.596988134421836e-05,10.69,ASK
981,1712465700.4486983,49026114.79311592,10.62,-0.0,10.69,ASK
982,1712465703.314656,49029027.58021505,10.62,-2.272350976037887e-06,10.69,ASK
983,1712465715.0545542,49049027.58021505,10.61,-1.5602588851868007e-05,10.69,ASK
984,1712465730.4398482,49049027.58021505,10.61,-0.0,10.69,ASK
985,1712465760.3127844,49049027.58021505,10.61,-0.0,10.69,ASK
986,1712465790.3193643,49049027.58021505,10.61,-0.0,10.69,ASK
987,1712465800.559027,49058452.65090309,10.61,-7.351380762978074e-06,10.69,ASK
988,1712465820.4399524,49058452.65090309,10.61,-0.0,10.69,ASK
989,1712465850.4476938,49058452.65090309,10.61,-0.0,10.69,ASK
990,1712465877.0146017,49058927.72145813,10.63,3.705173439593875e-07,10.69,BID
991,1712465877.024153,49087579.76112429,10.63,2.2346317875371257e-05,10.69,BID
992,1712465877.0299633,49105506.20353,10.62,1.3981202910506918e-05,10.69,BID
993,1712465880.3518517,49105506.20353,10.62,0.0,10.69,BID
994,1712465910.3351104,49105506.20353,10.62,0.0,10.69,BID
995,1712465940.4386196,49105506.20353,10.62,0.0,10.69,BID
996,1712465970.4512746,49105506.20353,10.62,0.0,10.69,BID
997,1712466000.4116943,49105506.20353,10.62,0.0,10.69,BID
998,1712466030.3116872,49105506.20353,10.62,0.0,10.69,BID
999,1712466060.414291,49105506.20353,10.62,0.0,10.69,BID
1000,1712466090.4342055,49105506.20353,10.62,0.0,10.69,BID
1201,1712466120.3294027,49105506.20353,10.62,0.0,10.69,BID
1202,1712466126.6054976,49107103.60046306,10.61,-1.2621114840305672e-06,10.69,ASK
1203,1712466150.3328369,49107103.60046306,10.61,-0.0,10.69,ASK
1204,1712466153.6046054,49311707.90004271,10.61,-0.0001616567384587,10.69,ASK
1205,1712466153.6158884,49535801.33846846,10.61,-0.0001770550005075,10.69,ASK
1206,1712466180.440066,49535801.33846846,10.61,-0.0,10.69,ASK
1207,1712466182.9243064,49565859.07817654,10.61,-2.366341584367977e-05,10.69,ASK
1208,1712466210.4503355,49565859.07817654,10.61,-0.0,10.69,ASK
1209,1712466240.3316524,49565859.07817654,10.61,-0.0,10.69,ASK
1210,1712466242.7344444,49567187.61257804,10.61,-1.0456465214729473e-06,10.69,ASK
1211,1712466270.3256428,49567187.61257804,10.61,-0.0,10.69,ASK
1212,1712466300.4345014,49567187.61257804,10.61,-0.0,10.69,ASK
1213,1712466330.456581,49567187.61257804,10.61,-0.0,10.69,ASK
1214,1712466360.3248038,49567187.61257804,10.61,-0.0,10.69,ASK
1215,1712466364.5548682,49568096.70348713,10.6,-7.155372397684701e-07,10.69,ASK
1216,1712466390.339228,49568096.70348713,10.6,-0.0,10.69,ASK
1217,1712466420.41994,49568096.70348713,10.6,-0.0,10.69,ASK
1218,1712466450.4343717,49568096.70348713,10.6,-0.0,10.69,ASK
1219,1712466462.404536,49569077.83556261,10.6,-7.722343336942129e-07,10.69,ASK
1220,1712466480.3541365,49569077.83556261,10.6,-0.0,10.69,ASK
1221,1712466480.597638,49572002.71238708,10.6,-2.302107813364257e-06,10.69,ASK
1222,1712466510.3256104,49572002.71238708,10.6,-0.0,10.69,ASK
1223,1712466540.458583,49572002.71238708,10.6,-0.0,10.69,ASK
1224,1712466562.704393,49609444.972679,10.6,-2.9469280863739914e-05,10.69,ASK
1225,1712466570.437999,49609444.972679,10.6,-0.0,10.69,ASK
1226,1712466572.7246969,49631944.972679,10.6,-1.770330520540323e-05,10.69,ASK
1227,1712466598.4951909,49671429.36672514,10.6,-3.106685682885646e-05,10.69,ASK
1228,1712466600.36612,49671429.36672514,10.6,-0.0,10.69,ASK
1229,1712466630.4145646,49671429.36672514,10.6,-0.0,10.69,ASK
1230,1712466660.4362311,49671429.36672514,10.6,-0.0,10.69,ASK
1231,1712466690.4287884,49671429.36672514,10.6,-0.0,10.69,ASK
1232,1712466720.3366134,49671429.36672514,10.6,-0.0,10.69,ASK
1233,1712466750.3279996,49671429.36672514,10.6,-0.0,10.69,ASK
1234,1712466780.4387505,49671429.36672514,10.6,-0.0,10.69,ASK
1235,1712466810.4551268,49671429.36672514,10.6,-0.0,10.69,ASK
1236,1712466840.3520532,49671429.36672514,10.6,-0.0,10.69,ASK
1237,1712466853.8447945,49673623.02434349,10.6,-1.7357369885375596e-06,10.69,ASK
1238,1712466857.948044,49680203.99719856,10.6,-5.207210965624469e-06,10.69,ASK
1239,1712466870.345198,49680203.99719856,10.6,-0.0,10.69,ASK
1240,1712466880.764729,49686473.13511212,10.6,-4.960105760598272e-06,10.69,ASK
1241,1712466883.6944275,49692115.35923432,10.6,-4.464095184530781e-06,10.69,ASK
1242,1712466886.98457,49697193.3609443,10.6,-4.017685666082419e-06,10.69,ASK
1243,1712466890.0747027,49701763.56248328,10.6,-3.61591709947064e-06,10.69,ASK
1244,1712466900.3488984,49701763.56248328,10.6,-0.0,10.69,ASK
1245,1712466925.1345966,49702822.43276287,10.6,-8.377001565935346e-07,10.69,ASK
1246,1712466925.1376133,49703803.4992157,10.6,-7.761475007922039e-07,10.69,ASK
1247,1712466930.3190992,49703803.4992157,10.6,-0.0,10.69,ASK
1248,1712466960.3635786,49703803.4992157,10.6,-0.0,10.69,ASK
1249,1712466974.9045243,49705876.74386837,10.6,1.640170372002954e-06,10.69,BID
1250,1712466990.319965,49705876.74386837,10.6,0.0,10.69,BID
1251,1712467002.4945493,49715876.74386837,10.6,-7.910990411574573e-06,10.69,ASK
1252,1712467020.430675,49715876.74386837,10.6,-0.0,10.69,ASK
1253,1712467050.448871,49715876.74386837,10.6,-0.0,10.69,ASK
1254,1712467074.3047595,49750973.31053645,10.6,-2.776253217030204e-05,10.69,ASK
1255,1712467074.3084688,49765938.71507635,10.6,-1.1838124478380858e-05,10.69,ASK
1256,1712467080.3582149,49765938.71507635,10.6,-0.0,10.69,ASK
1257,1712467110.3261442,49765938.71507635,10.6,-0.0,10.69,ASK
1258,1712467140.450585,49765938.71507635,10.6,-0.0,10.69,ASK
1259,1712467170.4447334,49765938.71507635,10.6,-0.0,10.69,ASK
1260,1712467200.3699958,49765938.71507635,10.6,-0.0,10.69,ASK
1261,1712467223.917943,49787790.62149308,10.6,-1.7319431782541512e-05,10.69,ASK
1262,1712467230.3336468,49787790.62149308,10.6,-0.0,10.69,ASK
1263,1712467260.453629,49787790.62149308,10.6,-0.0,10.69,ASK
1264,1712467290.4363456,49787790.62149308,10.6,-0.0,10.69,ASK
1265,1712467298.5447943,49788733.12856188,10.61,7.468771978714502e-07,10.69,BID
1266,1712467320.3593166,49788733.12856188,10.61,0.0,10.69,BID
1267,1712467331.2245257,50263934.54764498,10.61,0.0003765640636423,10.69,BID
1268,1712467350.328676,50263934.54764498,10.61,0.0,10.69,BID
1269,1712467380.4609828,50263934.54764498,10.61,0.0,10.69,BID
1270,1712467387.7443848,50273359.5241294,10.61,7.43891710597773e-06,10.69,BID
1271,1712467410.4406855,50273359.5241294,10.61,0.0,10.69,BID
1272,1712467427.1942644,50282811.31997061,10.6,-7.45949625228808e-06,10.69,ASK
1273,1712467440.318637,50282811.31997061,10.6,-0.0,10.69,ASK
1274,1712467470.3345206,50282811.31997061,10.6,-0.0,10.69,ASK
1275,1712467500.3453257,50282811.31997061,10.6,-0.0,10.69,ASK
1276,1712467530.3527658,50282811.31997061,10.6,-0.0,10.69,ASK
1277,1712467560.429297,50282811.31997061,10.6,-0.0,10.69,ASK
1278,1712467590.4527204,50282811.31997061,10.6,-0.0,10.69,ASK
1279,1712467620.3359723,50282811.31997061,10.6,-0.0,10.69,ASK
1280,1712467650.3453257,50282811.31997061,10.6,-0.0,10.69,ASK
1281,1712467680.4307194,50282811.31997061,10.6,-0.0,10.69,ASK
1282,1712467709.3839695,50301661.46134667,10.61,1.488127059760268e-05,10.69,BID
1283,1712467710.4639225,50301661.46134667,10.61,0.0,10.69,BID
1284,1712467740.4848015,50301661.46134667,10.61,0.0,10.69,BID
1285,1712467770.3490157,50301661.46134667,10.61,0.0,10.69,BID
1286,1712467800.4061909,50301661.46134667,10.61,0.0,10.69,BID
1287,1712467809.3441644,50302562.16586958,10.6,-7.113647139628732e-07,10.69,ASK
1288,1712467809.354394,50311086.53203471,10.6,-6.7324334946129925e-06,10.69,ASK
1289,1712467830.3925405,50311086.53203471,10.6,-0.0,10.69,ASK
1290,1712467860.4279833,50311086.53203471,10.6,-0.0,10.69,ASK
1291,1712467890.4454095,50311086.53203471,10.6,-0.0,10.69,ASK
1292,1712467920.3459604,50311086.53203471,10.6,-0.0,10.69,ASK
1293,1712467938.8042395,50312076.16445695,10.61,7.815371452852102e-07,10.69,BID
1294,1712467947.9041352,50316788.69980096,10.61,3.721605453753946e-06,10.69,BID
1295,1712467950.3316543,50316788.69980096,10.61,0.0,10.69,BID
1296,1712467980.3545494,50316788.69980096,10.61,0.0,10.69,BID
1297,1712468010.3554678,50316788.69980096,10.61,0.0,10.69,BID
1298,1712468040.4395766,50316788.69980096,10.61,0.0,10.69,BID
1299,1712468052.5442183,50616788.69980096,10.61,0.0002369060842059,10.69,BID
1300,1712468070.4571831,50616788.69980096,10.61,0.0,10.69,BID
1301,1712468076.2341506,50619616.22100736,10.61,2.227258212719544e-06,10.69,BID
1302,1712468090.7741852,50620166.22100736,10.6,-4.332388433453521e-07,10.69,ASK
1303,1712468100.313253,50620166.22100736,10.6,-0.0,10.69,ASK
1304,1712468130.3513172,50620166.22100736,10.6,-0.0,10.69,ASK
1305,1712468160.4454224,50620166.22100736,10.6,-0.0,10.69,ASK
1306,1712468190.426391,50620166.22100736,10.6,-0.0,10.69,ASK
1307,1712468220.343062,50620166.22100736,10.6,-0.0,10.69,ASK
1308,1712468250.330269,50620166.22100736,10.6,-0.0,10.69,ASK
1309,1712468269.2342143,50669208.2094471,10.6,-3.884237674586571e-05,10.69,ASK
1310,1712468269.2376,50717719.1953197,10.6,-3.8421810565289554e-05,10.69,ASK
1311,1712468280.4252048,50717719.1953197,10.6,-0.0,10.69,ASK
1312,1712468310.520695,50717719.1953197,10.6,-0.0,10.69,ASK
1313,1712468340.3354905,50717719.1953197,10.6,-0.0,10.69,ASK
1314,1712468370.336987,50717719.1953197,10.6,-0.0,10.69,ASK
1315,1712468400.3686936,50717719.1953197,10.6,-0.0,10.69,ASK
1316,1712468430.337788,50717719.1953197,10.6,-0.0,10.69,ASK
1317,1712468460.4440312,50717719.1953197,10.6,-0.0,10.69,ASK
1318,1712468478.083963,50718700.54958859,10.59,-7.771167182882917e-07,10.69,ASK
1319,1712468490.4553423,50718700.54958859,10.59,-0.0,10.69,ASK
1320,1712468497.5341184,50719679.13663813,10.61,7.749190299417352e-07,10.69,BID
1321,1712468498.3839486,50847997.93038662,10.59,-0.0001016124985733,10.69,ASK
1322,1712468520.3459957,50847997.93038662,10.59,-0.0,10.69,ASK
1323,1712468550.320836,50847997.93038662,10.59,-0.0,10.69,ASK
1324,1712468580.453752,50847997.93038662,10.59,-0.0,10.69,ASK
1325,1712468602.8138254,50848542.05438662,10.59,-4.304117258453338e-07,10.69,ASK
1326,1712468602.8240628,50967589.40400851,10.59,-9.416856306201784e-05,10.69,ASK
1327,1712468602.8271115,51051852.18291178,10.59,-6.665335124332167e-05,10.69,ASK
1328,1712468602.830101,51052796.46997504,10.59,-7.469477997392966e-07,10.69,ASK
1329,1712468602.833105,51229741.1946852,10.58,-0.0001399664126944,10.69,ASK
1330,1712468602.8361137,51230213.43264553,10.59,-3.7354859464714105e-07,10.69,ASK
1331,1712468602.837787,51323199.34946972,10.58,-7.355350791218932e-05,10.69,ASK
1332,1712468610.4557168,51323199.34946972,10.58,-0.0,10.69,ASK
1333,1712468640.322009,51323199.34946972,10.58,-0.0,10.69,ASK
1334,1712468670.3517728,51323199.34946972,10.58,-0.0,10.69,ASK
1335,1712468689.4192555,51323764.853711,10.61,4.455512193036433e-07,10.69,BID
1336,1712468700.3712034,51323764.853711,10.61,0.0,10.69,BID
1337,1712468722.6040945,51439825.80007832,10.58,-9.14721113687718e-05,10.69,ASK
1338,1712468722.6081672,51448282.6526303,10.58,-6.665171900424953e-06,10.69,ASK
1339,1712468730.3878202,51448282.6526303,10.58,-0.0,10.69,ASK
1340,1712468760.445645,51448282.6526303,10.58,-0.0,10.69,ASK
1341,1712468781.1642213,51495586.34231809,10.57,-3.724319426819885e-05,10.69,ASK
1342,1712468781.1679406,51505047.08025564,10.57,-7.448638853637422e-06,10.69,ASK
1343,1712468781.171281,51715582.17959338,10.57,-0.0001657587316478,10.69,ASK
1344,1712468790.4440036,51715582.17959338,10.57,-0.0,10.69,ASK
1345,1712468820.3262053,51715582.17959338,10.57,-0.0,10.69,ASK
1346,1712468833.611969,51752802.38848372,10.57,2.9239215267382288e-05,10.69,BID
1347,1712468850.3336782,51752802.38848372,10.57,0.0,10.69,BID
1348,1712468880.4478068,51752802.38848372,10.57,0.0,10.69,BID
1349,1712468910.4483812,51752802.38848372,10.57,0.0,10.69,BID
1350,1712468940.3463497,51752802.38848372,10.57,0.0,10.69,BID
1351,1712468970.337732,51752802.38848372,10.57,0.0,10.69,BID
1352,1712469000.414337,51752802.38848372,10.57,0.0,10.69,BID
1353,1712469018.9541862,51786530.76463494,10.61,2.6508027413239343e-05,10.69,BID
1354,1712469030.323593,51786530.76463494,10.61,0.0,10.69,BID
1355,1712469060.442761,51786530.76463494,10.61,0.0,10.69,BID
1356,1712469090.4440396,51786530.76463494,10.61,0.0,10.69,BID
1357,1712469120.3212216,51786530.76463494,10.61,0.0,10.69,BID
1358,1712469150.327634,51786530.76463494,10.61,0.0,10.69,BID
1359,1712469180.4746995,51786530.76463494,10.61,0.0,10.69,BID
1360,1712469210.4496474,51786530.76463494,10.61,0.0,10.69,BID
1361,1712469240.3273978,51786530.76463494,10.61,0.0,10.69,BID
1362,1712469270.3330116,51786530.76463494,10.61,0.0,10.69,BID
1363,1712469300.377808,51786530.76463494,10.61,0.0,10.69,BID
1364,1712469322.633927,51787004.34418039,10.56,-3.73603494566826e-07,10.69,ASK
1365,1712469322.6438768,51825943.06535319,10.56,-3.071847685102364e-05,10.69,ASK
1366,1712469330.3271842,51825943.06535319,10.56,-0.0,10.69,ASK
1367,1712469331.0340834,52170518.83281673,10.56,-0.0002717441202936,10.69,ASK
1368,1712469331.037162,52204730.94414106,10.56,-2.69808296841468e-05,10.69,ASK
1369,1712469352.114144,52393410.18942408,10.6,0.0001487988430077,10.69,BID
1370,1712469352.1182663,52731116.40997073,10.61,0.0002663265629375,10.69,BID
1371,1712469360.435304,52731116.40997073,10.61,0.0,10.69,BID
1372,1712469390.4567072,52731116.40997073,10.61,0.0,10.69,BID
1373,1712469420.3381906,52731116.40997073,10.61,0.0,10.69,BID
1374,1712469447.7039292,52751782.00291678,10.58,-1.6175340905886352e-05,10.69,ASK
1375,1712469450.3218367,52751782.00291678,10.58,-0.0,10.69,ASK
1376,1712469480.4441714,52751782.00291678,10.58,-0.0,10.69,ASK
1377,1712469494.523884,52755181.43634454,10.59,-2.660343989612595e-06,10.69,ASK
1378,1712469510.4353807,52755181.43634454,10.59,-0.0,10.69,ASK
1379,1712469540.3708827,52755181.43634454,10.59,-0.0,10.69,ASK
1380,1712469570.3308291,52755181.43634454,10.59,-0.0,10.69,ASK
1381,1712469600.4661517,52755181.43634454,10.59,-0.0,10.69,ASK
1382,1712469630.3106322,52755181.43634454,10.59,-0.0,10.69,ASK
1383,1712469660.511206,52755181.43634454,10.59,-0.0,10.69,ASK
1384,1712469668.5336752,52782515.84339849,10.58,-2.1426839329535613e-05,10.69,ASK
1385,1712469668.5436673,52784406.20256673,10.58,-1.4818108947097476e-06,10.69,ASK
1386,1712469690.4405973,52784406.20256673,10.58,-0.0,10.69,ASK
1387,1712469716.4837086,52838723.98218212,10.57,-4.256819305327757e-05,10.69,ASK
1388,1712469716.4868844,52866814.42443394,10.56,-2.201414301530769e-05,10.69,ASK
1389,1712469716.4906645,52867393.75443394,10.57,-4.540139795126997e-07,10.69,ASK
1390,1712469720.333522,52867393.75443394,10.57,-0.0,10.69,ASK
1391,1712469739.0096123,52947136.65540324,10.56,-6.245063905818117e-05,10.69,ASK
1392,1712469739.0135105,52952539.8799175,10.56,-4.231534340847639e-06,10.69,ASK
1393,1712469750.358961,52952539.8799175,10.56,-0.0,10.69,ASK
1394,1712469754.1836874,53052774.45961081,10.56,-7.844345665675414e-05,10.69,ASK
1395,1712469754.1867728,53189282.30415993,10.56,-0.0001068308683486,10.69,ASK
1396,1712469759.9442427,53373719.59946662,10.56,-0.0001443403965432,10.69,ASK
1397,1712469759.9479592,53426024.72840236,10.56,-4.093392846211994e-05,10.69,ASK
1398,1712469767.573714,53655325.35456008,10.56,-0.0001794503831352,10.69,ASK
1399,1712469767.6536095,53662767.15264479,10.56,5.823941870088006e-06,10.69,BID
1400,1712469780.5298069,53662767.15264479,10.56,0.0,10.69,BID
1401,1712469809.1640348,53723885.8480917,10.55,-4.7552306768074086e-05,10.69,ASK
1402,1712469810.4354298,53723885.8480917,10.55,-0.0,10.69,ASK
1403,1712469832.9247696,53923885.8480917,10.55,-0.0001555283943535,10.69,ASK
1404,1712469832.9337962,55178722.37254764,10.55,-0.0009758135491239,10.69,ASK
1405,1712469832.935788,55643688.32131733,10.55,-0.000361577037206,10.69,ASK
1406,1712469840.3260536,55643688.32131733,10.55,-0.0,10.69,ASK
1407,1712469853.1139383,55648688.32131733,10.54,-3.827919004341084e-06,10.69,ASK
1408,1712469853.1182003,55655262.30263669,10.54,-5.0329336053126165e-06,10.69,ASK
1409,1712469853.1235397,55658078.92462829,10.54,-2.1563601699359266e-06,10.69,ASK
1410,1712469859.7942169,55659026.79192686,10.55,7.256718491604018e-07,10.69,BID
1411,1712469865.7900665,55777495.91011436,10.55,9.06980377874938e-05,10.69,BID
1412,1712469870.3101656,55777495.91011436,10.55,0.0,10.69,BID
1413,1712469872.0037837,55778272.91011436,10.58,5.942164782529457e-07,10.69,BID
1414,1712469887.6036432,55782529.38301212,10.58,3.2551690284252204e-06,10.69,BID
1415,1712469900.4624076,55782529.38301212,10.58,0.0,10.69,BID
1416,1712469930.4361634,55782529.38301212,10.58,0.0,10.69,BID
1417,1712469960.3757324,55782529.38301212,10.58,0.0,10.69,BID
1418,1712469990.3603735,55782529.38301212,10.58,0.0,10.69,BID
1419,1712469993.85384,55783474.56259624,10.57,7.262806725919456e-07,10.69,BID
1420,1712470020.4036896,55902905.49920929,10.57,9.177132306847657e-05,10.69,BID
1421,1712470020.4351535,55902905.49920929,10.57,0.0,10.69,BID
1422,1712470044.705659,55925388.31937407,10.57,1.7259036186683355e-05,10.69,BID
1423,1712470044.7097185,56022125.6152964,10.58,7.426081241983508e-05,10.69,BID
1424,1712470050.4762514,56022125.6152964,10.58,0.0,10.69,BID
1425,1712470080.3287268,56022125.6152964,10.58,0.0,10.69,BID
1426,1712470110.3566904,56022125.6152964,10.58,0.0,10.69,BID
1427,1712470140.4475298,56022125.6152964,10.58,0.0,10.69,BID
1428,1712470170.4711804,56022125.6152964,10.58,0.0,10.69,BID
1429,1712470200.3811812,56022125.6152964,10.58,0.0,10.69,BID
1430,1712470230.3183594,56022125.6152964,10.58,0.0,10.69,BID
1431,1712470260.4485936,56022125.6152964,10.58,0.0,10.69,BID
1432,1712470290.5113418,56022125.6152964,10.58,0.0,10.69,BID
1433,1712470320.3609316,56022125.6152964,10.58,0.0,10.69,BID
1434,1712470336.883686,56059583.9917255,10.58,2.9387133505732225e-05,10.69,BID
1435,1712470336.8936458,56109583.9917255,10.58,3.922638446618006e-05,10.69,BID
1436,1712470350.3335862,56109583.9917255,10.58,0.0,10.69,BID
1437,1712470380.4610484,56109583.9917255,10.58,0.0,10.69,BID
1438,1712470410.443781,56109583.9917255,10.58,0.0,10.69,BID
1439,1712470440.3264115,56109583.9917255,10.58,0.0,10.69,BID
1440,1712470470.3500693,56109583.9917255,10.58,0.0,10.69,BID
1441,1712470500.5016894,56109583.9917255,10.58,0.0,10.69,BID
1442,1712470530.3318243,56109583.9917255,10.58,0.0,10.69,BID
1443,1712470560.440884,56109583.9917255,10.58,0.0,10.69,BID
1444,1712470590.4535654,56109583.9917255,10.58,0.0,10.69,BID
1445,1712470620.5131333,56109583.9917255,10.58,0.0,10.69,BID
1446,1712470634.7086358,56114307.52787802,10.58,3.710634075167055e-06,10.69,BID
1447,1712470650.3615544,56114307.52787802,10.58,0.0,10.69,BID
1448,1712470679.11658,56115269.80632612,10.57,7.55900433616992e-07,10.69,BID
1449,1712470679.119722,56126254.86233933,10.58,8.62911210379e-06,10.69,BID
1450,1712470680.4505968,56126254.86233933,10.58,0.0,10.69,BID
1451,1712470710.4537578,56126254.86233933,10.58,0.0,10.69,BID
1452,1712470740.3390107,56126254.86233933,10.58,0.0,10.69,BID
1453,1712470770.4011722,56126254.86233933,10.58,0.0,10.69,BID
1454,1712470800.413675,56126254.86233933,10.58,0.0,10.69,BID
1455,1712470830.321574,56126254.86233933,10.58,0.0,10.69,BID
1456,1712470860.4369063,56126254.86233933,10.58,0.0,10.69,BID
1457,1712470890.5114706,56126254.86233933,10.58,0.0,10.69,BID
1458,1712470920.3448565,56126254.86233933,10.58,0.0,10.69,BID
1459,1712470950.364585,56126254.86233933,10.58,0.0,10.69,BID
1460,1712470980.4510102,56126254.86233933,10.58,0.0,10.69,BID
1461,1712471010.4456906,56126254.86233933,10.58,0.0,10.69,BID
1462,1712471040.3327982,56126254.86233933,10.58,0.0,10.69,BID
1463,1712471070.3425162,56126254.86233933,10.58,0.0,10.69,BID
1464,1712471100.4493742,56126254.86233933,10.58,0.0,10.69,BID
1465,1712471130.4557445,56126254.86233933,10.58,0.0,10.69,BID
1466,1712471156.5836258,56131244.4653639,10.58,3.929827621246797e-06,10.69,BID
1467,1712471160.359703,56131244.4653639,10.58,0.0,10.69,BID
1468,1712471190.3535676,56131244.4653639,10.58,0.0,10.69,BID
1469,1712471220.3856614,56131244.4653639,10.58,0.0,10.69,BID
1470,1712471250.3641877,56131244.4653639,10.58,0.0,10.69,BID
1471,1712471280.433742,56131244.4653639,10.58,0.0,10.69,BID
1472,1712471310.4784737,56131244.4653639,10.58,0.0,10.69,BID
1473,1712471340.3499184,56131244.4653639,10.58,0.0,10.69,BID
1474,1712471370.3836153,56131244.4653639,10.58,0.0,10.69,BID
1475,1712471400.4730213,56131244.4653639,10.58,0.0,10.69,BID
1476,1712471430.354114,56131244.4653639,10.58,0.0,10.69,BID
1477,1712471460.4455943,56131244.4653639,10.58,0.0,10.69,BID
1478,1712471490.4468422,56131244.4653639,10.58,0.0,10.69,BID
1479,1712471520.363249,56131244.4653639,10.58,0.0,10.69,BID
1480,1712471550.38391,56131244.4653639,10.58,0.0,10.69,BID
1481,1712471556.9939532,56140290.20732987,10.58,7.124238199929233e-06,10.69,BID
1482,1712471580.4464192,56140290.20732987,10.58,0.0,10.69,BID
1483,1712471610.4474552,56140290.20732987,10.58,0.0,10.69,BID
1484,1712471640.352763,56140290.20732987,10.58,0.0,10.69,BID
1485,1712471670.3463876,56140290.20732987,10.58,0.0,10.69,BID
1486,1712471700.4257672,56140290.20732987,10.58,0.0,10.69,BID
1487,1712471730.4457552,56140290.20732987,10.58,0.0,10.69,BID
1488,1712471756.9836771,56149651.45496692,10.58,7.390953975041354e-06,10.69,BID
1489,1712471760.3148742,56149651.45496692,10.58,0.0,10.69,BID
1490,1712471790.350047,56149651.45496692,10.58,0.0,10.69,BID
1491,1712471820.4538293,56149651.45496692,10.58,0.0,10.69,BID
1492,1712471850.448533,56149651.45496692,10.58,0.0,10.69,BID
1493,1712471861.5742433,56150163.60496692,10.55,-4.043244291380649e-07,10.69,ASK
1494,1712471861.5770135,56150710.26096692,10.55,-4.315657036622369e-07,10.69,ASK
1495,1712471861.582247,56196094.24009136,10.54,-3.582905682181042e-05,10.69,ASK
1496,1712471861.5875378,56243629.63298532,10.54,-3.7527522396722365e-05,10.69,ASK
1497,1712471880.3488193,56243629.63298532,10.54,-0.0,10.69,ASK
1498,1712471910.3430717,56243629.63298532,10.54,-0.0,10.69,ASK
1499,1712471940.435304,56243629.63298532,10.54,-0.0,10.69,ASK
1500,1712471970.4639215,56243629.63298532,10.54,-0.0,10.69,ASK
1501,1712472000.3779902,56243629.63298532,10.54,-0.0,10.69,ASK
1502,1712472028.7242243,56277452.2952271,10.54,-2.6717707522349805e-05,10.69,ASK
1503,1712472028.728825,56327736.92520811,10.54,-3.972159338310454e-05,10.69,ASK
1504,1712472028.7324212,56328682.10479223,10.54,-7.466305137123727e-07,10.69,ASK
1505,1712472028.8643649,56335674.25777729,10.54,5.523346952137989e-06,10.69,BID
1506,1712472030.3770187,56335674.25777729,10.54,0.0,10.69,BID
1507,1712472060.445931,56335674.25777729,10.54,0.0,10.69,BID
1508,1712472090.443812,56335674.25777729,10.54,0.0,10.69,BID
1509,1712472120.367367,56335674.25777729,10.54,0.0,10.69,BID
1510,1712472138.954111,56337674.25777729,10.53,-1.578660351504498e-06,10.69,ASK
1511,1712472138.9564052,56384716.24621703,10.53,-3.7131661002874256e-05,10.69,ASK
1512,1712472139.0338526,56419218.44055703,10.54,2.7233623122234805e-05,10.69,BID
1513,1712472139.0537615,56425610.45201889,10.54,5.045407530595593e-06,10.69,BID
1514,1712472150.362754,56425610.45201889,10.54,0.0,10.69,BID
1515,1712472180.4354289,56425610.45201889,10.54,0.0,10.69,BID
1516,1712472210.4436734,56425610.45201889,10.54,0.0,10.69,BID
1517,1712472215.6938815,56426086.73773317,10.54,-3.756657484398873e-07,10.69,ASK
1518,1712472217.783763,56434633.84124695,10.54,-6.741445191834049e-06,10.69,ASK
1519,1712472240.350375,56434633.84124695,10.54,-0.0,10.69,ASK
1520,1712472270.3437424,56434633.84124695,10.54,-0.0,10.69,ASK
1521,1712472300.3860242,56434633.84124695,10.54,-0.0,10.69,ASK
1522,1712472330.3399944,56434633.84124695,10.54,-0.0,10.69,ASK
1523,1712472360.4392414,56434633.84124695,10.54,-0.0,10.69,ASK
1524,1712472390.445598,56434633.84124695,10.54,-0.0,10.69,ASK
1525,1712472420.3739145,56434633.84124695,10.54,-0.0,10.69,ASK
1526,1712472450.339115,56434633.84124695,10.54,-0.0,10.69,ASK
1527,1712472480.4204016,56434633.84124695,10.54,-0.0,10.69,ASK
1528,1712472510.5237072,56434633.84124695,10.54,-0.0,10.69,ASK
1529,1712472540.3119683,56434633.84124695,10.54,-0.0,10.69,ASK
1530,1712472570.357836,56434633.84124695,10.54,-0.0,10.69,ASK
1531,1712472600.3865197,56434633.84124695,10.54,-0.0,10.69,ASK
1532,1712472608.2926338,56503387.45201889,10.54,-5.434711543781273e-05,10.69,ASK
1533,1712472608.2949748,56511785.42413827,10.53,-6.638277685947286e-06,10.69,ASK
1534,1712472630.3429797,56511785.42413827,10.53,-0.0,10.69,ASK
1535,1712472638.3366284,56514201.24838185,10.53,-1.9083906594564384e-06,10.69,ASK
1536,1712472643.0439353,56634649.06610023,10.57,-9.51482670547137e-05,10.69,ASK
1537,1712472660.370829,56634649.06610023,10.57,-0.0,10.69,ASK
1538,1712472669.434059,56635149.06610023,10.58,3.945723741250633e-07,10.69,BID
1539,1712472690.3242738,56635149.06610023,10.58,0.0,10.69,BID
1540,1712472720.4526558,56635149.06610023,10.58,0.0,10.69,BID
1541,1712472750.5804856,56635149.06610023,10.58,0.0,10.69,BID
1542,1712472780.403213,56635149.06610023,10.58,0.0,10.69,BID
1543,1712472810.323575,56635149.06610023,10.58,0.0,10.69,BID
1544,1712472840.4440186,56635149.06610023,10.58,0.0,10.69,BID
1545,1712472870.4821117,56635149.06610023,10.58,0.0,10.69,BID
1546,1712472874.8252983,56702417.50051008,10.53,-5.3084310133068615e-05,10.69,ASK
1547,1712472900.3552554,56702417.50051008,10.53,-0.0,10.69,ASK
1548,1712472918.600686,56820505.76812155,10.53,-9.317349519229736e-05,10.69,ASK
1549,1712472918.6031091,56830002.44428489,10.53,-7.493026434764685e-06,10.69,ASK
1550,1712472918.605314,56992833.76382082,10.53,-0.0001284764648919,10.69,ASK
1551,1712472930.3380954,56992833.76382082,10.53,-0.0,10.69,ASK
1552,1712472938.234001,57050860.84312449,10.53,-4.567406979221352e-05,10.69,ASK
1553,1712472960.4804332,57050860.84312449,10.53,-0.0,10.69,ASK
1554,1712472963.360543,57072703.19830017,10.53,-1.7184212777691564e-05,10.69,ASK
1555,1712472990.4527576,57072703.19830017,10.53,-0.0,10.69,ASK
1556,1712473020.342819,57072703.19830017,10.53,-0.0,10.69,ASK
1557,1712473029.254284,57073182.04730017,10.54,-3.7666059070023203e-07,10.69,ASK
1558,1712473029.2585711,57080800.17366273,10.53,-5.992385858078216e-06,10.69,ASK
1559,1712473029.2644644,57081748.94026614,10.54,-7.462957827573111e-07,10.69,ASK
1560,1712473050.3526435,57081748.94026614,10.54,-0.0,10.69,ASK
1561,1712473080.4440763,57081748.94026614,10.54,-0.0,10.69,ASK
1562,1712473100.8440914,57211052.50040659,10.57,0.000101702010397,10.69,BID
1563,1712473110.4407854,57211052.50040659,10.57,0.0,10.69,BID
1564,1712473140.3267028,57211052.50040659,10.57,0.0,10.69,BID
1565,1712473170.3678803,57211052.50040659,10.57,0.0,10.69,BID
1566,1712473200.4488115,57211052.50040659,10.57,0.0,10.69,BID
1567,1712473230.3395193,57211052.50040659,10.57,0.0,10.69,BID
1568,1712473233.0840154,57267508.47298794,10.57,4.441248406213138e-05,10.69,BID
1569,1712473260.4237251,57267508.47298794,10.57,0.0,10.69,BID
1570,1712473286.004088,57315015.59549506,10.53,-3.735511432660126e-05,10.69,ASK
1571,1712473286.0091448,57356953.91127058,10.53,-3.297633065915496e-05,10.69,ASK
1572,1712473290.4485545,57356953.91127058,10.53,-0.0,10.69,ASK
1573,1712473320.380765,57356953.91127058,10.53,-0.0,10.69,ASK
1574,1712473350.335539,57356953.91127058,10.53,-0.0,10.69,ASK
1575,1712473380.4439113,57356953.91127058,10.53,-0.0,10.69,ASK
1576,1712473410.4397137,57356953.91127058,10.53,-0.0,10.69,ASK
1577,1712473440.3494618,57356953.91127058,10.53,-0.0,10.69,ASK
1578,1712473463.893916,57357914.52606404,10.53,-7.547777672996381e-07,10.69,ASK
1579,1712473470.390833,57357914.52606404,10.53,-0.0,10.69,ASK
1580,1712473500.4602015,57357914.52606404,10.53,-0.0,10.69,ASK
1581,1712473530.464134,57357914.52606404,10.53,-0.0,10.69,ASK
1582,1712473555.6640325,57362475.15156697,10.53,-3.58691367658244e-06,10.69,ASK
1583,1712473555.6740344,57453062.00465586,10.53,-7.124619683296246e-05,10.69,ASK
1584,1712473560.338621,57453062.00465586,10.53,-0.0,10.69,ASK
1585,1712473590.3458526,57453062.00465586,10.53,-0.0,10.69,ASK
1586,1712473620.4621334,57453062.00465586,10.53,-0.0,10.69,ASK
1587,1712473621.7243023,57455900.22603712,10.57,2.2304921278144035e-06,10.69,BID
1588,1712473650.4303362,57455900.22603712,10.57,0.0,10.69,BID
1589,1712473680.3591044,57455900.22603712,10.57,0.0,10.69,BID
1590,1712473710.363977,57455900.22603712,10.57,0.0,10.69,BID
1591,1712473740.4378707,57455900.22603712,10.57,0.0,10.69,BID
1592,1712473770.4469223,57455900.22603712,10.57,0.0,10.69,BID
1593,1712473800.3689983,57455900.22603712,10.57,0.0,10.69,BID
1594,1712473811.7755947,57506387.74497651,10.56,3.999408447989257e-05,10.69,BID
1595,1712473830.3687437,57506387.74497651,10.56,0.0,10.69,BID
1596,1712473841.3041787,57547278.09535529,10.56,3.2377937643789616e-05,10.69,BID
1597,1712473860.454054,57547278.09535529,10.56,0.0,10.69,BID
1598,1712473878.3642795,57603149.3074765,10.56,4.422501400936713e-05,10.69,BID
1599,1712473890.427732,57603149.3074765,10.56,0.0,10.69,BID
1600,1712473891.9941351,57604617.20164687,10.56,1.161373350450742e-06,10.69,BID
1601,1712473891.9967017,57639948.57830983,10.56,2.7953595101918825e-05,10.69,BID
1602,1712473893.8584986,57673066.07830983,10.56,2.6202012862930936e-05,10.69,BID
1603,1712473908.9941678,57702870.16921892,10.56,2.358049893162328e-05,10.69,BID
1604,1712473920.3479764,57702870.16921892,10.56,0.0,10.69,BID
1605,1712473936.6187744,57729692.36618861,10.56,2.1203608308144552e-05,10.69,BID
1606,1712473947.3145294,57753831.00255224,10.56,1.908218745562225e-05,10.69,BID
1607,1712473950.344229,57753831.00255224,10.56,0.0,10.69,BID
1608,1712473980.4475784,57753831.00255224,10.56,0.0,10.69,BID
1609,1712474010.4408662,57753831.00255224,10.56,0.0,10.69,BID
1610,1712474032.664463,57833988.93494967,10.56,6.333987683360476e-05,10.69,BID
1611,1712474040.339085,57833988.93494967,10.56,0.0,10.69,BID
1612,1712474070.4564075,57833988.93494967,10.56,0.0,10.69,BID
1613,1712474100.3318644,57833988.93494967,10.56,0.0,10.69,BID
1614,1712474130.373394,57833988.93494967,10.56,0.0,10.69,BID
1615,1712474146.5444002,57838728.27144257,10.55,-3.749782765938737e-06,10.69,ASK
1616,1712474160.4352367,57838728.27144257,10.55,-0.0,10.69,ASK
1617,1712474190.4412794,57838728.27144257,10.55,-0.0,10.69,ASK
