,time,acc_trade_volume,trade_price,dev,high,ask_bid
0,1712451675.1146076,299213.82037495,1551.0,0.0,1563.0,ASK
1,1712451690.1622722,299278.2949075,1551.0,-1.6351361464660697e-08,1563.0,ASK
2,1712451690.1645772,300362.61453989,1551.0,-2.749938859765567e-07,1563.0,ASK
3,1712451690.166612,300369.05783885,1552.0,-1.634082577302705e-09,1563.0,ASK
4,1712451690.1676376,301658.54849004,1551.0,-3.270272293415595e-07,1563.0,ASK
5,1712451690.1686475,303338.05154652,1551.0,-4.259381258208134e-07,1563.0,ASK
6,1712451690.279672,305894.85352652,1551.0,6.484295692433321e-07,1563.0,BID
7,1712451690.8301227,305894.85352652,1551.0,0.0,1563.0,BID
8,1712451697.1899078,306186.09674067,1551.0,7.366641143967454e-08,1563.0,BID
9,1712451697.1912396,308201.57561845,1551.0,5.097907489170514e-07,1563.0,BID
10,1712451720.5422208,308201.57561845,1551.0,0.0,1563.0,BID
11,1712451724.8820198,309923.81656899,1551.0,4.352259449193665e-07,1563.0,BID
12,1712451750.9396236,309923.81656899,1551.0,0.0,1563.0,BID
13,1712451780.841261,309923.81656899,1551.0,0.0,1563.0,BID
14,1712451793.5198493,310246.18923179,1553.0,8.141154686735731e-08,1563.0,BID
15,1712451810.8376737,310246.18923179,1553.0,0.0,1563.0,BID
16,1712451817.5871627,310334.00509787,1553.0,2.217409397380083e-08,1563.0,BID
17,1712451817.5877829,313738.42213584,1553.0,8.596380892854497e-07,1563.0,BID
18,1712451822.8222313,313938.42213584,1550.0,-5.05013386842902e-08,1563.0,ASK
19,1712451822.8238735,314395.19632938,1550.0,-1.1533854125103093e-07,1563.0,ASK
20,1712451822.8255038,314705.53178829,1550.0,-7.836178058080139e-08,1563.0,ASK
21,1712451822.9593685,314738.42213584,1550.0,8.305032905328487e-09,1563.0,BID
22,1712451840.5346246,314738.42213584,1550.0,0.0,1563.0,BID
23,1712451870.5589554,314738.42213584,1550.0,0.0,1563.0,BID
24,1712451876.489548,316195.05603226,1554.0,3.671632930095945e-07,1563.0,BID
25,1712451876.490874,316299.51802384,1554.0,2.633098743418445e-08,1563.0,BID
26,1712451876.509749,316299.51802385,1554.0,2.52358210257692e-18,1563.0,BID
27,1712451886.5494149,316644.10665583,1557.0,8.685799304986685e-08,1563.0,BID
28,1712451900.8394675,316644.10665583,1557.0,0.0,1563.0,BID
29,1712451908.8094304,316744.10665583,1557.0,2.5258343606137072e-08,1563.0,BID
30,1712451909.079568,317968.48665583,1557.0,3.092581074448223e-07,1563.0,BID
31,1712451909.0892415,319434.04601097,1557.0,3.701760176731538e-07,1563.0,BID
32,1712451909.1396933,319787.14270397,1557.0,-8.918637597984681e-08,1563.0,ASK
33,1712451909.140526,319878.86760637,1557.0,-2.31681910205834e-08,1563.0,ASK
34,1712451913.8497863,321344.42696151,1557.0,3.701760176731391e-07,1563.0,BID
35,1712451913.851404,322663.90696151,1557.0,3.332787922142674e-07,1563.0,BID
36,1712451913.9094086,322862.60696151,1557.0,-5.0188328745397296e-08,1563.0,ASK
37,1712451913.9296925,325342.74294776,1557.0,-6.264412693064693e-07,1563.0,ASK
38,1712451913.9311464,326931.68793392,1557.0,-4.013411843167874e-07,1563.0,ASK
39,1712451914.0494025,327065.96793392,1555.0,3.391690379431321e-08,1563.0,BID
40,1712451926.459276,327088.63325952,1555.0,-5.724885819501184e-09,1563.0,ASK
41,1712451930.821804,327088.63325952,1555.0,-0.0,1563.0,ASK
42,1712451934.679385,327199.47491409,1556.0,2.7882240646221213e-08,1563.0,BID
43,1712451957.179728,328824.27419609,1558.0,4.087185883165806e-07,1563.0,BID
44,1712451960.5600567,328824.27419609,1558.0,0.0,1563.0,BID
45,1712451963.5897057,329378.44719609,1557.0,-1.3930757773643606e-07,1563.0,ASK
46,1712451964.0808606,329456.33470121,1557.0,-1.9579300460692706e-08,1563.0,ASK
47,1712451964.679826,329538.2599476,1557.0,-2.059430472081829e-08,1563.0,ASK
48,1712451964.7422557,329613.6599476,1557.0,-1.895399335825136e-08,1563.0,ASK
49,1712451967.2097757,330213.2069476,1557.0,-1.5071365856717748e-07,1563.0,ASK
50,1712451967.7961366,330365.2069476,1557.0,-3.820964178322998e-08,1563.0,ASK
51,1712451969.5795162,330424.4919476,1557.0,-1.4903017191564544e-08,1563.0,ASK
52,1712451970.2194936,330495.35041845,1557.0,-1.7812347292681262e-08,1563.0,ASK
53,1712451970.2205448,330608.4919476,1557.0,-2.8441429602807684e-08,1563.0,ASK
54,1712451971.5994642,330841.8949476,1557.0,-5.8672664612717857e-08,1563.0,ASK
55,1712451972.7299302,330945.6133372,1557.0,-2.607264811150764e-08,1563.0,ASK
56,1712451973.1571767,331320.5383372,1557.0,-9.424835490511221e-08,1563.0,ASK
57,1712451973.2353094,331431.38000175,1557.0,-2.7863291428374105e-08,1563.0,ASK
58,1712451973.2526815,331568.14792761,1557.0,-3.4380614832541965e-08,1563.0,ASK
59,1712451990.5518615,331568.14792761,1557.0,-0.0,1563.0,ASK
60,1712452006.2794187,331819.78592761,1557.0,-6.318870352705285e-08,1563.0,ASK
61,1712452009.6593,332461.77692761,1557.0,-1.6121006750188209e-07,1563.0,ASK
62,1712452016.249374,332636.87792761,1557.0,-4.396953232935015e-08,1563.0,ASK
63,1712452018.581046,332812.10892761,1557.0,-4.4002176570105255e-08,1563.0,ASK
64,1712452019.539852,333016.83747293,1558.0,5.1409291735565923e-08,1563.0,BID
65,1712452019.5415237,335266.24310161,1558.0,5.648472225290092e-07,1563.0,BID
66,1712452019.5594532,335266.24310195,1558.0,8.537497189161415e-17,1563.0,BID
67,1712452019.8395889,335445.58260533,1558.0,-4.503386098192248e-08,1563.0,ASK
68,1712452019.841395,335742.54736995,1558.0,-7.457068673871232e-08,1563.0,ASK
69,1712452020.8505518,335742.54736995,1558.0,-0.0,1563.0,ASK
70,1712452040.179737,335812.7074661,1560.0,1.758914964449472e-08,1563.0,BID
71,1712452046.9009,336004.1276691,1560.0,4.79890818328996e-08,1563.0,BID
72,1712452046.989468,336193.4917751,1560.0,4.7473617918202746e-08,1563.0,BID
73,1712452047.01451,336381.44161868,1560.0,4.711906205658704e-08,1563.0,BID
74,1712452047.0160651,336384.91197868,1560.0,8.700199217139501e-10,1563.0,BID
75,1712452050.8315768,336384.91197868,1560.0,0.0,1563.0,BID
76,1712452053.5011003,337421.14399817,1559.0,-2.59718319824048e-07,1563.0,ASK
77,1712452080.5246878,337421.14399817,1559.0,-0.0,1563.0,ASK
78,1712452083.383501,337432.46399817,1559.0,-2.836065083689065e-09,1563.0,ASK
79,1712452089.0598552,337478.52699817,1559.0,-1.1540429854236409e-08,1563.0,ASK
80,1712452089.0618372,338121.20052002,1559.0,-1.610127151527428e-07,1563.0,ASK
81,1712452093.1394992,338165.08662092,1559.0,-1.0995038729831926e-08,1563.0,ASK
82,1712452110.5758684,338165.08662092,1559.0,-0.0,1563.0,ASK
83,1712452112.6196623,338171.5009891,1562.0,1.6065619422463147e-09,1563.0,BID
84,1712452140.8193126,338171.5009891,1562.0,0.0,1563.0,BID
85,1712452170.8493896,338171.5009891,1562.0,0.0,1563.0,BID
86,1712452186.7293062,338239.7009891,1559.0,-1.7081534210752475e-08,1563.0,ASK
87,1712452191.088512,338870.21801305,1559.0,-1.579207934761162e-07,1563.0,ASK
88,1712452198.789877,339061.63821663,1559.0,-4.794355947336009e-08,1563.0,ASK
89,1712452198.8096414,339994.65695518,1559.0,-2.336860924021426e-07,1563.0,ASK
90,1712452198.8750544,340127.21743018,1558.0,-3.320141185788477e-08,1563.0,ASK
91,1712452199.4310267,340357.21743018,1558.0,-5.7606347045099e-08,1563.0,ASK
92,1712452200.6188812,340357.21743018,1558.0,-0.0,1563.0,ASK
93,1712452224.2394724,340395.08445648,1558.0,-9.520115231207723e-09,1563.0,ASK
94,1712452228.9395545,340414.01796963,1558.0,-4.760057615611179e-09,1563.0,ASK
95,1712452230.5774546,340414.01796963,1558.0,-0.0,1563.0,ASK
96,1712452257.859907,341130.61997363,1560.0,1.801562610177294e-07,1563.0,BID
97,1712452257.884154,341130.61997385,1560.0,5.531504738776376e-17,1563.0,BID
98,1712452260.8323414,341130.61997385,1560.0,0.0,1563.0,BID
99,1712452264.6697285,341140.31617867,1562.0,2.436975055001549e-09,1563.0,BID
100,1712452264.671662,341162.63021712,1562.0,5.608251484864523e-09,1563.0,BID
101,1712452268.8695376,341165.86325169,1562.0,8.1256788046026e-10,1563.0,BID
102,1712452288.969544,341193.33577916,1558.0,-6.9047493721015595e-09,1563.0,ASK
103,1712452290.841656,341193.33577916,1558.0,-0.0,1563.0,ASK
104,1712452292.4701293,342006.2583438,1558.0,-2.043091424135324e-07,1563.0,ASK
105,1712452292.472072,342559.42480188,1558.0,-1.3902549834168374e-07,1563.0,ASK
106,1712452320.5358727,342559.42480188,1558.0,-0.0,1563.0,ASK
107,1712452328.429531,342725.7961465,1561.0,4.179120562257185e-08,1563.0,BID
108,1712452332.3994274,342805.4551465,1561.0,-2.00097297782552e-08,1563.0,ASK
109,1712452339.229488,343082.64431561,1561.0,-6.962779310996422e-08,1563.0,ASK
110,1712452341.1395218,343126.66513717,1561.0,-1.1057692715599038e-08,1563.0,ASK
111,1712452347.9095333,343199.79313717,1561.0,-1.836919267407289e-08,1563.0,ASK
112,1712452350.6267817,343199.79313717,1561.0,-0.0,1563.0,ASK
113,1712452352.4496803,343199.79391905,1561.0,-1.9635295353046653e-13,1563.0,ASK
114,1712452361.239296,344148.66860405,1561.0,2.382902089335864e-07,1563.0,BID
115,1712452361.262855,344284.48042396,1561.0,3.410632347306025e-08,1563.0,BID
116,1712452380.8017366,344290.88657386,1563.0,1.6087717611831743e-09,1563.0,BID
117,1712452380.83922,344290.88657386,1563.0,0.0,1563.0,BID
118,1712452391.8934278,344297.60442414,1563.0,1.686327564904485e-09,1563.0,BID
119,1712452398.8193843,344617.50205689,1563.0,8.030131270720237e-08,1563.0,BID
120,1712452410.8293676,344617.50205689,1563.0,0.0,1563.0,BID
121,1712452422.8497314,344866.26129193,1561.0,-6.243601573182666e-08,1563.0,ASK
122,1712452422.8520532,344879.07359173,1561.0,-3.215755795938115e-09,1563.0,ASK
123,1712452440.648191,344879.07359173,1561.0,-0.0,1563.0,ASK
124,1712452470.6198757,344879.07359173,1561.0,-0.0,1563.0,ASK
125,1712452500.5764463,344879.07359173,1561.0,-0.0,1563.0,ASK
126,1712452520.2708864,344943.47438102,1563.0,1.6197001428639418e-08,1563.0,BID
127,1712452530.536944,344943.47438102,1563.0,0.0,1563.0,BID
128,1712452530.8485858,344975.44369049,1564.0,8.040178520203511e-09,1564.0,BID
129,1712452531.3893013,345247.40969049,1564.0,6.839857437269287e-08,1564.0,BID
130,1712452555.899814,345259.78269049,1564.0,-3.1117697091355086e-09,1564.0,ASK
131,1712452560.8187983,345259.78269049,1564.0,-0.0,1564.0,ASK
132,1712452590.821839,345259.78269049,1564.0,-0.0,1564.0,ASK
133,1712452603.7485914,345291.73157228,1565.0,8.034041452904885e-09,1565.0,BID
134,1712452603.7508132,345341.54000138,1565.0,1.2525101401800692e-08,1565.0,BID
135,1712452604.0691197,345341.60824178,1564.0,-1.7160106132567046e-11,1565.0,ASK
136,1712452604.0710008,345348.00210367,1564.0,-1.6078356609074343e-09,1565.0,ASK
137,1712452604.0730984,345430.9014952,1564.0,-2.0846336730996423e-08,1565.0,ASK
138,1712452609.2687483,345447.5043049,1566.0,4.1750338006002306e-09,1566.0,BID
139,1712452620.5940402,345447.5043049,1566.0,0.0,1566.0,BID
140,1712452622.139037,345462.82997541,1566.0,3.853592738941843e-09,1566.0,BID
141,1712452622.141719,345782.09997541,1566.0,8.02794600705062e-08,1566.0,BID
142,1712452622.2585688,345942.7999754,1566.0,-4.040752100895527e-08,1566.0,ASK
143,1712452637.8073554,346120.92738505,1568.0,4.478958959646281e-08,1568.0,BID
144,1712452637.8092911,349010.92738505,1568.0,7.266816161988025e-07,1568.0,BID
145,1712452637.8114536,350313.50548971,1567.0,3.275292603181746e-07,1568.0,BID
146,1712452637.8132436,350348.70023964,1568.0,8.849611681953419e-09,1568.0,BID
147,1712452637.899195,351814.25959478,1568.0,-3.6851039475030613e-07,1568.0,ASK
148,1712452637.9386678,351822.79246977,1566.0,-2.1455651863568823e-09,1568.0,ASK
149,1712452637.9487095,351909.25959478,1564.0,-2.174189278557608e-08,1568.0,ASK
150,1712452637.9505756,353491.5649754,1564.0,-3.978658239823551e-07,1568.0,ASK
151,1712452637.9529283,356037.7999754,1564.0,-6.402429636754145e-07,1568.0,ASK
152,1712452641.58824,356111.7000524,1566.0,1.858194719432386e-08,1568.0,BID
153,1712452645.7983751,356111.70005283,1566.0,1.0811714702939512e-16,1568.0,BID
154,1712452647.2496312,356130.69705283,1566.0,-4.776737253616609e-09,1568.0,ASK
155,1712452649.9485176,356225.82539843,1567.0,2.3919730078516187e-08,1568.0,BID
156,1712452649.9499283,356327.36894867,1567.0,2.5532813565038733e-08,1568.0,BID
157,1712452650.5603335,356327.36894867,1567.0,0.0,1568.0,BID
158,1712452651.8983936,356427.36394867,1567.0,-2.503606003912085e-08,1568.0,ASK
159,1712452658.7689474,356440.11905071,1568.0,3.1935346815230827e-09,1568.0,BID
160,1712452669.6984284,357676.97905071,1568.0,3.096764960246824e-07,1568.0,BID
161,1712452669.7003734,357681.41827267,1568.0,1.111461848274605e-09,1568.0,BID
162,1712452669.858697,357747.62749367,1568.0,-1.6577009171445606e-08,1568.0,ASK
163,1712452670.0985637,358263.51749367,1568.0,-1.2916498838524934e-07,1568.0,ASK
164,1712452670.1010375,358263.52204815,1568.0,-1.140319369050743e-12,1568.0,ASK
165,1712452671.0988111,358608.67449367,1565.0,-8.641689433159754e-08,1568.0,ASK
166,1712452678.5688305,358647.17717097,1565.0,-9.640035407271173e-09,1568.0,ASK
167,1712452680.848411,358647.17717097,1565.0,-0.0,1568.0,ASK
168,1712452710.8422062,358647.17717097,1565.0,-0.0,1568.0,ASK
169,1712452726.119421,358650.36798143,1567.0,7.98166509331118e-10,1568.0,BID
170,1712452735.939043,359058.91898143,1565.0,-1.0219714697568293e-07,1568.0,ASK
171,1712452740.5641382,359058.91898143,1565.0,-0.0,1568.0,ASK
172,1712452754.229734,359068.5458001,1565.0,-2.407716159563772e-09,1568.0,ASK
173,1712452759.923924,359068.54580109,1566.0,2.4760299330140377e-16,1568.0,BID
174,1712452759.925383,359581.62819809,1566.0,1.2832450893585485e-07,1568.0,BID
175,1712452770.555375,359581.62819809,1566.0,0.0,1568.0,BID
176,1712452800.6020007,359581.62819809,1566.0,0.0,1568.0,BID
177,1712452830.5304377,359581.62819809,1566.0,0.0,1568.0,BID
178,1712452830.5485644,359708.81420709,1566.0,3.18232522355549e-08,1568.0,BID
179,1712452830.5884378,359708.81420762,1566.0,1.3260665464016734e-16,1568.0,BID
180,1712452834.9385366,359788.97958462,1566.0,2.0058204773367232e-08,1568.0,BID
181,1712452834.939983,359788.97958496,1566.0,8.506924434412054e-17,1568.0,BID
182,1712452842.3284757,359843.77482697,1567.0,1.3710335134374833e-08,1568.0,BID
183,1712452843.0986826,361266.52654497,1567.0,3.559871651486727e-07,1568.0,BID
184,1712452843.1994207,361663.33647797,1567.0,9.928594101441829e-08,1568.0,BID
185,1712452852.0885358,361785.7887745,1567.0,3.063882851530981e-08,1568.0,BID
186,1712452855.3016336,361792.17039543,1569.0,1.596747426256442e-09,1569.0,BID
187,1712452856.6728446,362141.86625297,1569.0,8.749751303403598e-08,1569.0,BID
188,1712452856.6784532,363387.17039543,1569.0,3.115879501768676e-07,1569.0,BID
189,1712452860.8617468,363387.17039543,1569.0,0.0,1569.0,BID
190,1712452890.8386805,363387.17039543,1569.0,0.0,1569.0,BID
191,1712452894.6586163,363453.87039543,1569.0,-1.6664151801681008e-08,1569.0,ASK
192,1712452902.011887,363457.27874469,1569.0,-8.515329754362747e-10,1569.0,ASK
193,1712452902.0134606,364090.91339543,1569.0,-1.5830560729737494e-07,1569.0,ASK
194,1712452904.9984462,364727.89939543,1569.0,-1.5914289954337808e-07,1569.0,ASK
195,1712452906.2320335,364816.29939543,1569.0,-2.2085622477792087e-08,1569.0,ASK
196,1712452906.8696098,364973.09939543,1569.0,-3.917449778864967e-08,1569.0,ASK
197,1712452907.0521302,365152.45939543,1569.0,-4.4810828592934804e-08,1569.0,ASK
198,1712452907.2686665,365369.32439543,1569.0,-5.418097871770264e-08,1569.0,ASK
199,1712452918.5387812,365369.32463379,1569.0,-5.955123828041332e-14,1569.0,ASK
200,1712452918.5513527,366389.49013043,1568.0,-2.548754527562626e-07,1569.0,ASK
201,1712452918.5592897,366389.49013123,1568.0,-1.998714085847257e-16,1569.0,ASK
202,1712452920.5668316,366389.49013123,1568.0,-0.0,1569.0,ASK
203,1712452921.5385573,366395.86361752,1570.0,1.5904635768543071e-09,1570.0,BID
204,1712452950.5356903,366395.86361752,1570.0,0.0,1570.0,BID
205,1712452956.3787904,366708.09130852,1568.0,-7.791426977861373e-08,1570.0,ASK
206,1712452959.3787446,366714.5139161,1568.0,-1.602717485017332e-09,1570.0,ASK
207,1712452980.8306024,366714.5139161,1568.0,-0.0,1570.0,ASK
208,1712452991.148933,366720.89146712,1570.0,1.5912755263560474e-09,1570.0,BID
209,1712453010.8282766,366720.89146712,1570.0,0.0,1570.0,BID
210,1712453011.830045,366777.43939894,1570.0,1.410935245908162e-08,1570.0,BID
211,1712453011.8317275,367248.8643388,1570.0,1.17625886931717e-07,1570.0,BID
212,1712453014.2987385,367377.0993388,1570.0,-3.1996091711156174e-08,1570.0,ASK
213,1712453019.538497,367500.2993388,1570.0,-3.073980191691224e-08,1570.0,ASK
214,1712453019.5815716,368713.6593388,1570.0,-3.027471270608822e-07,1570.0,ASK
215,1712453019.63863,369348.78158984,1570.0,-1.584702288148662e-07,1570.0,ASK
216,1712453019.778644,369905.57158984,1570.0,-1.389254408223645e-07,1570.0,ASK
217,1712453022.679387,370028.73833677,1570.0,-3.073150489754776e-08,1570.0,ASK
218,1712453022.681541,370028.77158984,1570.0,-8.297019364488365e-12,1570.0,ASK
219,1712453023.038419,370542.54751806,1570.0,-1.281929404477227e-07,1570.0,ASK
220,1712453040.5404348,370542.54751806,1570.0,-0.0,1570.0,ASK
221,1712453043.263334,370552.97651806,1568.0,-2.5982643944373976e-09,1570.0,ASK
222,1712453045.7491531,370861.65232152,1568.0,-7.690299640945473e-08,1570.0,ASK
223,1712453045.752641,370868.02951806,1568.0,-1.588804555189929e-09,1570.0,ASK
224,1712453055.1485858,370868.02987254,1568.0,-8.831458032918557e-14,1570.0,ASK
225,1712453055.1509469,370931.79951806,1568.0,-1.5887467580832662e-08,1570.0,ASK
226,1712453059.4454298,370931.80538274,1568.0,-1.4611170004415828e-12,1570.0,ASK
227,1712453060.9909406,371756.67993525,1568.0,2.055079278611131e-07,1570.0,BID
228,1712453070.5391371,371759.87993525,1567.0,-7.97242886381792e-10,1570.0,ASK
229,1712453070.5744543,371759.87993525,1567.0,-0.0,1570.0,ASK
230,1712453075.888427,371761.86005735,1567.0,-4.930899673669349e-10,1570.0,ASK
231,1712453100.839358,371761.86005735,1567.0,-0.0,1570.0,ASK
232,1712453130.8403356,371761.86005735,1567.0,-0.0,1570.0,ASK
233,1712453160.5924437,371761.86005735,1567.0,-0.0,1570.0,ASK
234,1712453174.842249,371825.71701775,1565.0,1.5905543417551284e-08,1570.0,BID
235,1712453190.5871449,371825.71701775,1565.0,0.0,1570.0,BID
236,1712453190.7887025,372460.83926879,1565.0,1.581928269444094e-07,1570.0,BID
237,1712453190.8895898,373463.10084479,1565.0,2.496379111038707e-07,1570.0,BID
238,1712453190.8918405,373633.09445077,1565.0,4.234109110241216e-08,1570.0,BID
239,1712453197.0184157,373920.38845077,1566.0,-7.15576409891949e-08,1570.0,ASK
240,1712453220.8327398,373920.38845077,1566.0,-0.0,1570.0,ASK
241,1712453220.9390209,373943.66012894,1566.0,-5.7916548239880705e-09,1570.0,ASK
242,1712453220.9413626,373943.72245077,1566.0,-1.5510120262226466e-11,1570.0,ASK
243,1712453235.5798907,373950.10814681,1570.0,1.589217030435097e-09,1570.0,BID
244,1712453235.880941,374981.5160382,1567.0,-2.566879124929337e-07,1570.0,ASK
245,1712453238.848744,374987.90173424,1570.0,1.589217030435097e-09,1570.0,BID
246,1712453247.7683952,375178.98453678,1570.0,4.755504209996354e-08,1570.0,BID
247,1712453250.8389134,375178.98453678,1570.0,0.0,1570.0,BID
248,1712453271.3884146,375497.45587436,1569.0,7.921950866247948e-08,1570.0,BID
249,1712453271.648378,375560.58587436,1569.0,-1.570354060702975e-08,1570.0,ASK
250,1712453273.6004622,375671.42987436,1569.0,-2.7572362665059506e-08,1570.0,ASK
251,1712453275.463742,376321.06186048,1569.0,-1.615954740006388e-07,1570.0,ASK
252,1712453278.1182685,376326.16186048,1570.0,1.268621211713609e-09,1570.0,BID
253,1712453278.4384596,376418.32486048,1569.0,-2.29254777913129e-08,1570.0,ASK
254,1712453280.8402328,376418.32486048,1569.0,-0.0,1570.0,ASK
255,1712453307.4384463,376425.04271076,1569.0,-1.670252365389162e-09,1570.0,ASK
256,1712453310.8415666,376425.04271076,1569.0,-0.0,1570.0,ASK
257,1712453316.401247,376853.03119129,1570.0,1.064100670330189e-07,1570.0,BID
258,1712453316.7984312,376865.45819129,1570.0,-3.0897044270404754e-09,1570.0,ASK
259,1712453323.2901752,376887.16319129,1570.0,-5.396478199818322e-09,1570.0,ASK
260,1712453325.623139,376976.30419129,1570.0,-2.2162979184964826e-08,1570.0,ASK
261,1712453328.5585964,377061.96219129,1570.0,-2.129700666388704e-08,1570.0,ASK
262,1712453340.516673,377061.96219129,1570.0,-0.0,1570.0,ASK
263,1712453343.3983972,377077.2647311,1570.0,-3.803699454173548e-09,1570.0,ASK
264,1712453343.4009452,377077.28792572,1570.0,-5.765406556468001e-12,1570.0,ASK
265,1712453362.118423,377247.28154208,1569.0,-4.225472593369037e-08,1570.0,ASK
266,1712453362.1782646,377882.40379312,1569.0,-1.5787014375439736e-07,1570.0,ASK
267,1712453362.2384162,378000.26713712,1569.0,-2.9296884230062523e-08,1570.0,ASK
268,1712453364.099753,378268.47713712,1569.0,-6.666803310232879e-08,1570.0,ASK
269,1712453364.1215048,378275.44418619,1569.0,-1.731775317951723e-09,1570.0,ASK
270,1712453364.1229408,378405.07369234,1569.0,-3.222155850656538e-08,1570.0,ASK
271,1712453364.1285698,378732.16224406,1569.0,-8.130327129289085e-08,1570.0,ASK
272,1712453364.130616,378732.16243689,1566.0,-4.7931084392781416e-14,1570.0,ASK
273,1712453364.1385145,378942.95892506,1564.0,-5.2396954815903144e-08,1570.0,ASK
274,1712453370.6030145,378942.95892506,1564.0,-0.0,1570.0,ASK
275,1712453385.3685946,380873.45892506,1565.0,-4.79506078334317e-07,1570.0,ASK
276,1712453385.378013,385172.1401013,1565.0,-1.0677253316904465e-06,1570.0,ASK
277,1712453389.628889,386637.69945644,1565.0,-3.640220766378323e-07,1570.0,ASK
278,1712453389.6316245,387888.99945644,1565.0,-3.108033959180136e-07,1570.0,ASK
279,1712453394.1130197,387895.37294273,1569.0,1.583074548695817e-09,1570.0,BID
280,1712453399.724811,388918.21748774,1565.0,-2.54058625497732e-07,1570.0,ASK
281,1712453399.726468,388934.00667692,1565.0,-3.921788232988979e-09,1570.0,ASK
282,1712453400.706963,388934.00667692,1565.0,-0.0,1570.0,ASK
283,1712453405.398862,388940.38016321,1568.0,1.5782999828851495e-09,1570.0,BID
284,1712453425.568396,389004.27792678,1565.0,-1.58233397798919e-08,1570.0,ASK
285,1712453430.6062129,389004.27792678,1565.0,-0.0,1570.0,ASK
286,1712453442.198171,389019.18792678,1564.0,-3.6921412720792795e-09,1570.0,ASK
287,1712453446.259409,389251.70194272,1564.0,-5.7577102252645774e-08,1570.0,ASK
288,1712453446.4476576,389351.69794272,1564.0,-2.47618617466258e-08,1570.0,ASK
289,1712453448.828384,389398.27494272,1564.0,-1.1533793697466436e-08,1570.0,ASK
290,1712453454.939712,389626.75394272,1564.0,-5.657791721673564e-08,1570.0,ASK
291,1712453455.408309,389695.99281102,1564.0,-1.7145518664110593e-08,1570.0,ASK
292,1712453460.8388357,389695.99281102,1564.0,-0.0,1570.0,ASK
293,1712453465.3289204,389759.89057459,1564.0,1.581867104855766e-08,1570.0,BID
294,1712453465.3784754,391646.30326585,1564.0,4.670044796195304e-07,1570.0,BID
295,1712453465.418675,391708.16634836,1564.0,1.5314960925093974e-08,1570.0,BID
296,1712453480.6282394,391772.04634836,1564.0,-1.5814273460051817e-08,1570.0,ASK
297,1712453487.1691172,391772.10496728,1564.0,-1.451182890622892e-11,1570.0,ASK
298,1712453487.1719537,391921.73321357,1564.0,-3.704229812426896e-08,1570.0,ASK
299,1712453490.8726308,391921.73321357,1564.0,-0.0,1570.0,ASK
300,1712453491.5963929,391992.87321357,1564.0,-1.7596410839693482e-08,1570.0,ASK
301,1712453494.56417,392083.52021357,1564.0,-2.2421448599755945e-08,1570.0,ASK
302,1712453495.048853,392474.56192294,1564.0,-9.67237921497819e-08,1570.0,ASK
303,1712453496.9359725,392719.98792294,1564.0,-6.070588595368152e-08,1570.0,ASK
304,1712453499.3516405,392861.81492294,1564.0,-3.508077256343248e-08,1570.0,ASK
305,1712453501.7081244,393042.16292294,1564.0,-4.460890500588953e-08,1570.0,ASK
306,1712453503.6189437,393058.11092294,1564.0,-3.944722519991395e-09,1570.0,ASK
307,1712453513.392148,393121.96788334,1566.0,1.5794957972635237e-08,1570.0,BID
308,1712453520.5679777,393121.96788334,1566.0,0.0,1570.0,BID
309,1712453526.8985913,393377.39572497,1566.0,6.315050814548484e-08,1570.0,BID
310,1712453550.6089635,393377.39572497,1566.0,0.0,1570.0,BID
311,1712453577.9794772,394015.96532906,1566.0,1.5786065894347637e-07,1570.0,BID
312,1712453580.831665,394015.96532906,1566.0,0.0,1570.0,BID
313,1712453610.8778048,394015.96532906,1566.0,0.0,1570.0,BID
314,1712453634.3290637,394079.82228946,1566.0,1.5782164386550637e-08,1570.0,BID
315,1712453640.596225,394079.82228946,1566.0,0.0,1570.0,BID
316,1712453656.894427,394135.65947871,1564.0,-1.3799747359067429e-08,1570.0,ASK
317,1712453656.8973966,394462.77100205,1564.0,-8.084318786396546e-08,1570.0,ASK
318,1712453656.948434,394557.77100205,1564.0,-2.3478545691870562e-08,1570.0,ASK
319,1712453656.968399,394673.55036061,1564.0,-2.8614010106590643e-08,1570.0,ASK
320,1712453659.439834,394830.65036061,1564.0,-3.882610029676125e-08,1570.0,ASK
321,1712453670.6040342,394830.65036061,1564.0,-0.0,1570.0,ASK
322,1712453700.8749862,394830.65036061,1564.0,-0.0,1570.0,ASK
323,1712453713.538494,394862.69504343,1564.0,-7.936052784807198e-09,1570.0,ASK
324,1712453713.5408742,394871.0289697,1564.0,-2.0639454961848833e-09,1570.0,ASK
325,1712453715.9092903,394902.99827916,1566.0,7.917386132152244e-09,1570.0,BID
326,1712453730.8646257,394902.99827916,1566.0,0.0,1570.0,BID
327,1712453760.5355442,394902.99827916,1566.0,0.0,1570.0,BID
328,1712453769.7984908,395294.03998853,1566.0,9.684104702960825e-08,1570.0,BID
329,1712453770.74402,397420.46798853,1566.0,5.266075434378869e-07,1570.0,BID
330,1712453770.838475,399190.46798853,1566.0,4.383385432683606e-07,1570.0,BID
331,1712453771.7763157,400190.46798853,1566.0,2.4764889450189866e-07,1570.0,BID
332,1712453773.334072,401190.46798853,1566.0,2.4764889450189866e-07,1570.0,BID
333,1712453773.4882371,401341.277366,1566.0,3.7347775610963934e-08,1570.0,BID
334,1712453773.508386,401540.24790668,1566.0,4.9274834437844886e-08,1570.0,BID
335,1712453773.7537105,401795.67574832,1566.0,6.325642260715682e-08,1570.0,BID
336,1712453773.755456,401974.22012549,1566.0,4.4216317625675394e-08,1570.0,BID
337,1712453790.6020055,401974.22012549,1566.0,0.0,1570.0,BID
338,1712453808.6591277,401977.95099283,1568.0,9.214183223066775e-10,1570.0,BID
339,1712453820.822521,401977.95099283,1568.0,0.0,1570.0,BID
340,1712453827.8147192,402056.74499793,1568.0,1.945985436532948e-08,1570.0,BID
341,1712453847.4692805,402068.11121759,1566.0,-2.8071295396988037e-09,1570.0,ASK
342,1712453847.472837,402100.00515369,1564.0,-7.876885441415729e-09,1570.0,ASK
343,1712453847.4768484,402106.00515369,1566.0,-1.481827532992451e-09,1570.0,ASK
344,1712453847.479277,402465.04729101,1564.0,-8.867308743086684e-08,1570.0,ASK
345,1712453850.85916,402465.04729101,1564.0,-0.0,1570.0,ASK
346,1712453866.0484693,402539.64982327,1565.0,-1.8421213562156552e-08,1570.0,ASK
347,1712453880.5751853,402539.64982327,1565.0,-0.0,1570.0,ASK
348,1712453895.9889157,403685.47670641,1564.0,-2.829248898765888e-07,1570.0,ASK
349,1712453895.9913075,404601.71456909,1564.0,-2.262353067586563e-07,1570.0,ASK
350,1712453908.538699,404809.88926711,1565.0,-5.1402008784252184e-08,1570.0,ASK
351,1712453908.5426583,408574.39201731,1565.0,-9.295222007025572e-07,1570.0,ASK
352,1712453908.6406796,410991.4909269,1565.0,5.968244006830498e-07,1570.0,BID
353,1712453908.6445413,410997.39092689,1568.0,1.4568141767379999e-09,1570.0,BID
354,1712453908.6482434,410997.3909269,1565.0,2.472069876307409e-18,1570.0,BID
355,1712453910.5621495,410997.3909269,1565.0,0.0,1570.0,BID
356,1712453935.7987306,412767.3909269,1565.0,-4.356207378000476e-07,1570.0,ASK
357,1712453935.8585532,413182.4975269,1565.0,1.021633013320163e-07,1570.0,BID
358,1712453936.2980795,413265.5188269,1565.0,2.0432655344126207e-08,1570.0,BID
359,1712453940.8550477,413265.5188269,1565.0,0.0,1570.0,BID
360,1712453952.3687725,413374.92356073,1565.0,2.6902469999526028e-08,1570.0,BID
361,1712453952.3725655,413395.6789269,1565.0,5.1037153162329075e-09,1570.0,BID
362,1712453965.2382717,413712.24245392,1565.0,7.784252555134334e-08,1570.0,BID
363,1712453970.8355536,413712.24245392,1565.0,0.0,1570.0,BID
364,1712454000.6637952,413712.24245392,1565.0,0.0,1570.0,BID
365,1712454001.7682824,413718.62407485,1567.0,1.573192095269722e-09,1570.0,BID
366,1712454030.6125526,413718.62407485,1567.0,0.0,1570.0,BID
367,1712454044.969303,414357.60171063,1565.0,-1.5751986816547757e-07,1570.0,ASK
368,1712454044.97359,414547.42795985,1565.0,-4.679570000127e-08,1570.0,ASK
369,1712454045.048499,414547.42795996,1565.0,-2.712012164150721e-17,1570.0,ASK
370,1712454057.6266944,414553.81365601,1564.0,-1.574192809917215e-09,1570.0,ASK
371,1712454060.8267145,414553.81365601,1564.0,-0.0,1570.0,ASK
372,1712454061.438157,415192.15263348,1565.0,1.573117386733041e-07,1570.0,BID
373,1712454090.8283913,415192.15263348,1565.0,0.0,1570.0,BID
374,1712454091.12078,415305.61643348,1564.0,-2.7955044299578115e-08,1570.0,ASK
375,1712454091.2184124,415417.71413348,1564.0,-2.7618466589164364e-08,1570.0,ASK
376,1712454093.4580088,415422.46197273,1565.0,1.169765657077821e-09,1570.0,BID
377,1712454094.6183865,415424.10390983,1565.0,-4.045380497306644e-10,1570.0,ASK
378,1712454094.6220047,415535.92577273,1564.0,-2.7550506249847453e-08,1570.0,ASK
379,1712454094.7586608,415648.02347273,1564.0,-2.7618466589164364e-08,1570.0,ASK
380,1712454099.374972,415931.48224236,1564.0,-6.983815509535816e-08,1570.0,ASK
381,1712454102.421982,415934.70701886,1566.0,7.94515694985361e-10,1570.0,BID
382,1712454120.6063194,415934.70701886,1566.0,0.0,1570.0,BID
383,1712454126.045985,416177.88199485,1565.0,-5.989595482282738e-08,1570.0,ASK
384,1712454126.0526998,416613.37283285,1565.0,-1.0726490031470652e-07,1570.0,ASK
385,1712454126.1085746,416613.37283355,1565.0,-1.724169498091956e-16,1570.0,ASK
386,1712454127.3809342,418383.37283355,1564.0,-4.359652534344342e-07,1570.0,ASK
387,1712454129.0917196,419018.49508388,1564.0,-1.5643572476101097e-07,1570.0,ASK
388,1712454131.6892734,419150.39336091,1564.0,-3.248760778132159e-08,1570.0,ASK
389,1712454131.6982558,419894.28544288,1564.0,-1.8322661019430498e-07,1570.0,ASK
390,1712454131.7292256,419894.285443,1564.0,-2.9548589186491945e-17,1570.0,ASK
391,1712454136.29498,419899.55791872,1563.0,-1.2986532279726074e-09,1570.0,ASK
392,1712454136.2981598,424899.55791872,1563.0,-1.2315402639390796e-06,1570.0,ASK
393,1712454136.3093407,425239.367188,1563.0,-8.369775943560698e-08,1570.0,ASK
394,1712454136.333926,425239.36718874,1563.0,-1.8226647953802624e-16,1570.0,ASK
395,1712454137.7190783,425439.36718874,1562.0,-4.926161055756319e-08,1570.0,ASK
396,1712454137.7210383,428000.18665096,1562.0,-6.307504552805526e-07,1570.0,ASK
397,1712454137.7228546,428100.18665074,1562.0,-2.463080522458768e-08,1570.0,ASK
398,1712454137.7383788,428100.18665096,1562.0,-5.419391903199396e-17,1570.0,ASK
399,1712454150.5705862,428100.18665096,1562.0,-0.0,1570.0,ASK
400,1712454167.2286716,428567.52182072,1561.0,-1.1457177317553725e-07,1570.0,ASK
401,1712454167.2332723,430667.28523979,1561.0,-5.147774739391667e-07,1570.0,ASK
402,1712454180.8293233,430667.28523979,1561.0,-0.0,1570.0,ASK
403,1712454184.6416292,430673.68728844,1562.0,1.567984233727006e-09,1570.0,BID
404,1712454194.238204,430680.08933709,1562.0,1.5679842337127502e-09,1570.0,BID
405,1712454196.3287864,430694.08933709,1561.0,-3.4288679252849804e-09,1570.0,ASK
406,1712454199.9786496,431424.82875971,1561.0,-1.789720691402233e-07,1570.0,ASK
407,1712454208.3982906,431431.2349092,1561.0,-1.568988607912301e-09,1570.0,ASK
408,1712454208.4048843,432664.62606471,1561.0,-3.020810980327528e-07,1570.0,ASK
409,1712454208.4486184,432664.62606512,1561.0,-1.0040620607067048e-16,1570.0,ASK
410,1712454210.8445904,432664.62606512,1561.0,-0.0,1570.0,ASK
411,1712454240.54309,432664.62606512,1561.0,-0.0,1570.0,ASK
412,1712454270.5179627,432664.62606512,1561.0,-0.0,1570.0,ASK
413,1712454300.598472,432664.62606512,1561.0,-0.0,1570.0,ASK
414,1712454330.5789645,432664.62606512,1561.0,-0.0,1570.0,ASK
415,1712454333.126432,432671.03221502,1561.0,-1.5741608331808331e-09,1570.0,ASK
416,1712454333.1284487,433088.85142203,1561.0,-1.026692539658549e-07,1570.0,ASK
417,1712454333.13041,433376.89501667,1561.0,-7.077994614694623e-08,1570.0,ASK
418,1712454333.3368812,436376.89501667,1561.0,-7.371795186288979e-07,1570.0,ASK
419,1712454333.3423371,438146.89501667,1561.0,-4.3493591599104973e-07,1570.0,ASK
420,1712454333.431736,439656.32784367,1561.0,-3.709076549368345e-07,1570.0,ASK
421,1712454333.4489682,439763.26147595,1561.0,-2.627642785647915e-08,1570.0,ASK
422,1712454333.450967,440803.63705165,1561.0,-2.556478553625863e-07,1570.0,ASK
423,1712454360.8408298,440803.63705165,1561.0,-0.0,1570.0,ASK
424,1712454367.0783024,442083.40689784,1562.0,3.1349465705926545e-07,1570.0,BID
425,1712454390.8180628,442083.40689784,1562.0,0.0,1570.0,BID
426,1712454392.778218,442490.03241349,1562.0,9.955894472799289e-08,1570.0,BID
427,1712454392.7877655,442967.45847,1562.0,1.1689388034540769e-07,1570.0,BID
428,1712454417.7383366,442973.86051865,1562.0,1.567489454440316e-09,1570.0,BID
429,1712454420.5911522,442973.86051865,1562.0,0.0,1570.0,BID
430,1712454427.1380243,443001.72651865,1561.0,-6.820440390148496e-09,1570.0,ASK
431,1712454428.5884795,446262.22812018,1561.0,-7.980354846475503e-07,1570.0,ASK
432,1712454428.5908332,446454.59177965,1561.0,-4.70826409475387e-08,1570.0,ASK
433,1712454428.6104014,446454.59178064,1561.0,-2.423099117461281e-16,1570.0,ASK
434,1712454431.6786916,446545.76278064,1560.0,-2.231487729882984e-08,1570.0,ASK
435,1712454436.2280226,447654.20746104,1560.0,-2.7130125846677546e-07,1570.0,ASK
436,1712454436.9483733,448762.65214144,1560.0,-2.7130125846677546e-07,1570.0,ASK
437,1712454437.2092414,456454.59178064,1560.0,-1.882667616224502e-06,1570.0,ASK
438,1712454437.2117598,459171.34131579,1560.0,-6.649475439398872e-07,1570.0,ASK
439,1712454439.6983836,459243.08105579,1559.0,-1.7558911227804955e-08,1570.0,ASK
440,1712454439.7027278,465197.31213041,1559.0,-1.4573486727036442e-06,1570.0,ASK
441,1712454447.9480188,466827.20725241,1559.0,-3.989306869224033e-07,1570.0,ASK
442,1712454450.6221826,466827.20725241,1559.0,-0.0,1570.0,ASK
443,1712454452.4315052,466833.61750882,1560.0,1.5548055392700718e-09,1570.0,BID
444,1712454458.8382225,466840.02776523,1560.0,1.554805539255953e-09,1570.0,BID
445,1712454460.2182815,466940.02776506,1559.0,-2.4254966372291402e-08,1570.0,ASK
446,1712454460.222878,466946.44213423,1559.0,-1.5558030878156547e-09,1570.0,ASK
447,1712454480.8560903,466946.44213423,1559.0,-0.0,1570.0,ASK
448,1712454488.5866492,466946.4421344,1559.0,-4.123754477401035e-17,1570.0,ASK
449,1712454490.193654,467046.4421344,1559.0,2.4253872806807282e-08,1570.0,BID
450,1712454490.9955351,467966.60763167,1559.0,2.231757693199928e-07,1570.0,BID
451,1712454493.3583243,469090.63729067,1559.0,-2.726207238046478e-07,1570.0,ASK
452,1712454493.378153,469090.63729155,1559.0,-2.134300588474797e-16,1570.0,ASK
453,1712454496.6285005,469290.63729155,1558.0,-4.8507745613614564e-08,1570.0,ASK
454,1712454496.6378767,472137.47186355,1558.0,-6.904676361131016e-07,1570.0,ASK
455,1712454496.648274,473812.26245201,1558.0,-4.06201579105465e-07,1570.0,ASK
456,1712454496.6627705,473950.77336343,1558.0,-3.359426027935331e-08,1570.0,ASK
457,1712454496.666078,473957.19184866,1558.0,-1.5567312438102247e-09,1570.0,ASK
458,1712454510.853172,473957.19184866,1558.0,-0.0,1570.0,ASK
459,1712454522.3600078,474980.3069275,1558.0,2.474892552655568e-07,1570.0,BID
460,1712454536.758252,475203.7474035,1558.0,-5.4049752706336624e-08,1570.0,ASK
461,1712454536.808297,476021.81428126,1558.0,-1.978885528339502e-07,1570.0,ASK
462,1712454540.592826,476021.81428126,1558.0,-0.0,1570.0,ASK
463,1712454570.5827076,476021.81428126,1558.0,-0.0,1570.0,ASK
464,1712454594.439012,476038.50234288,1558.0,-4.033666250572651e-09,1570.0,ASK
465,1712454600.624296,476038.50234288,1558.0,-0.0,1570.0,ASK
466,1712454623.4784088,476359.42660476,1560.0,7.778801941879184e-08,1570.0,BID
467,1712454626.200838,476673.62459391,1561.0,7.615765519930008e-08,1570.0,BID
468,1712454626.238231,477673.62459391,1561.0,2.423874685045799e-07,1570.0,BID
469,1712454626.242664,479443.62459391,1561.0,4.290258192531064e-07,1570.0,BID
470,1712454626.3381388,479977.83612019,1561.0,1.2948617950097172e-07,1570.0,BID
471,1712454626.3417304,480323.37157868,1561.0,8.375346506196521e-08,1570.0,BID
472,1712454630.576897,480323.37157868,1561.0,0.0,1570.0,BID
473,1712454660.808184,480323.37157868,1561.0,0.0,1570.0,BID
474,1712454680.401842,480329.77772858,1562.0,1.550257219434919e-09,1570.0,BID
475,1712454682.6784148,480521.83918824,1562.0,4.6477942143281614e-08,1570.0,BID
476,1712454690.8380108,480521.83918824,1562.0,0.0,1570.0,BID
477,1712454691.026868,480527.10594591,1562.0,1.2744342153127187e-09,1570.0,BID
478,1712454691.029487,480847.41344024,1562.0,7.750704622740468e-08,1570.0,BID
479,1712454691.0377948,480847.41344111,1562.0,2.1051314116284164e-16,1570.0,BID
480,1712454720.6568367,480847.41344111,1562.0,0.0,1570.0,BID
481,1712454750.5976162,480847.41344111,1562.0,0.0,1570.0,BID
482,1712454768.443538,480880.88915432,1560.0,-8.099355941333993e-09,1570.0,ASK
483,1712454780.8483589,480880.88915432,1560.0,-0.0,1570.0,ASK
484,1712454810.8383582,480880.88915432,1560.0,-0.0,1570.0,ASK
485,1712454818.728159,481521.91479535,1560.0,-1.550924158931452e-07,1570.0,ASK
486,1712454840.56814,481521.91479535,1560.0,-0.0,1570.0,ASK
487,1712454841.8045886,481618.42788945,1560.0,-2.3345132110951083e-08,1570.0,ASK
488,1712454865.948496,487062.46823657,1560.0,-1.3168352160504536e-06,1570.0,ASK
489,1712454869.694409,487126.57080067,1560.0,1.5505490125669053e-08,1570.0,BID
490,1712454870.6165998,487126.57080067,1560.0,0.0,1570.0,BID
491,1712454887.80974,487226.84030647,1558.0,-2.4202568896882044e-08,1570.0,ASK
492,1712454887.8178527,487339.55493109,1558.0,-2.7206511553903497e-08,1570.0,ASK
493,1712454900.5795429,487339.55493109,1558.0,-0.0,1570.0,ASK
494,1712454903.678168,489084.09062509,1559.0,-4.222567347270084e-07,1570.0,ASK
495,1712454930.5808036,489084.09062509,1559.0,-0.0,1570.0,ASK
496,1712454941.74509,490495.5446681,1559.0,-3.414111230103695e-07,1570.0,ASK
497,1712454941.7488358,491831.39505509,1558.0,-3.231236490162199e-07,1570.0,ASK
498,1712454942.4981258,491926.39505509,1560.0,2.2979180120393708e-08,1570.0,BID
499,1712454960.8435209,491926.39505509,1560.0,0.0,1570.0,BID
500,1712454969.5715113,492426.39505509,1559.0,1.2081359737506196e-07,1570.0,BID
501,1712454987.804381,492606.86076957,1559.0,-4.3605424338372274e-08,1570.0,ASK
502,1712454987.938228,493709.26869203,1559.0,2.6637173377432174e-07,1570.0,BID
503,1712454990.8164103,493709.26869203,1559.0,0.0,1570.0,BID
504,1712455002.2582378,493964.69653366,1559.0,-6.167689046255985e-08,1570.0,ASK
505,1712455015.4684246,494608.23630223,1560.0,1.553923470562232e-07,1570.0,BID
506,1712455020.7135825,494608.23630223,1560.0,0.0,1570.0,BID
507,1712455029.828353,494672.33886633,1560.0,1.5473288583090772e-08,1570.0,BID
508,1712455040.378466,494864.64655864,1560.0,4.641986575168898e-08,1570.0,BID
509,1712455040.383636,494973.46116845,1560.0,2.6266029811538992e-08,1570.0,BID
510,1712455047.1181583,494979.87142486,1562.0,1.547328858299242e-09,1570.0,BID
511,1712455050.048622,495955.3775901,1561.0,-2.3547089919516482e-07,1570.0,ASK
512,1712455050.1539888,496590.49984114,1561.0,-1.5330790606992417e-07,1570.0,ASK
513,1712455050.1597514,497567.53940125,1561.0,-2.3584103511201065e-07,1570.0,ASK
514,1712455050.597469,497567.53940125,1561.0,-0.0,1570.0,ASK
515,1712455074.978401,497660.99734517,1561.0,-2.2534062135668104e-08,1570.0,ASK
516,1712455078.076522,497664.19836949,1562.0,7.718132659315846e-10,1570.0,BID
517,1712455080.8379705,497664.19836949,1562.0,0.0,1570.0,BID
518,1712455090.678858,497710.53898795,1562.0,1.1172986934355915e-08,1570.0,BID
519,1712455090.684637,498212.05440306,1562.0,1.20918221780636e-07,1570.0,BID
520,1712455100.6980777,498609.8962441,1562.0,9.592193284416157e-08,1570.0,BID
521,1712455100.759219,499114.91382546,1562.0,-1.2176261400184013e-07,1570.0,ASK
522,1712455110.8281295,499114.91382546,1562.0,-0.0,1570.0,ASK
523,1712455113.9513462,499800.02260294,1563.0,-1.6509342792100782e-07,1570.0,ASK
524,1712455114.748351,499844.20860294,1563.0,-1.0647678800668136e-08,1570.0,ASK
525,1712455121.8382466,499850.61475284,1564.0,1.5437158032861967e-09,1570.0,BID
526,1712455126.218376,500118.77775284,1563.0,-6.462032069480503e-08,1570.0,ASK
527,1712455127.1983593,501366.44775284,1563.0,-3.0065607679391345e-07,1570.0,ASK
528,1712455128.7915733,501558.94775284,1563.0,-4.6387502130234034e-08,1570.0,ASK
529,1712455137.650855,501565.34570549,1564.0,1.5417404788564199e-09,1570.0,BID
530,1712455140.603012,501565.34570549,1564.0,0.0,1570.0,BID
531,1712455150.0084128,501658.61964838,1563.0,-2.2455873152508363e-08,1570.0,ASK
532,1712455150.3358476,501740.80661338,1563.0,-1.9786662851878093e-08,1570.0,ASK
533,1712455150.3683636,501747.20047527,1564.0,1.539333999487313e-09,1570.0,BID
534,1712455154.7281055,501977.13347527,1563.0,-5.53567922786931e-08,1570.0,ASK
535,1712455158.0182111,503763.78429368,1563.0,-4.301394677113337e-07,1570.0,ASK
536,1712455164.0288153,503887.38429368,1563.0,-2.9756927129415232e-08,1570.0,ASK
537,1712455170.8765633,503887.38429368,1563.0,-0.0,1570.0,ASK
538,1712455193.708975,504181.85700068,1563.0,-7.083295339235218e-08,1570.0,ASK
539,1712455196.1385844,504264.16223946,1563.0,-1.9797838658267924e-08,1570.0,ASK
540,1712455196.72856,504352.44177846,1563.0,-2.1234906742941374e-08,1570.0,ASK
541,1712455201.0771146,504406.24177846,1563.0,-1.2941141239646343e-08,1570.0,ASK
542,1712455201.0818586,504406.24177846,1563.0,-0.0,1570.0,ASK
543,1712455201.7695203,504412.63973111,1563.0,-1.5440525350694659e-09,1570.0,ASK
544,1712455201.773524,504608.54177846,1563.0,-4.7278101196092333e-08,1570.0,ASK
545,1712455204.7586467,504614.93973111,1565.0,1.5440525350554183e-09,1570.0,BID
546,1712455204.9181137,504625.56273111,1563.0,-2.5637060755662788e-09,1570.0,ASK
547,1712455208.0485694,504631.96068376,1565.0,1.5440525350554183e-09,1570.0,BID
548,1712455229.5981908,504632.01797922,1563.0,-1.3827423416946478e-11,1570.0,ASK
549,1712455230.8283362,504632.01797922,1563.0,-0.0,1570.0,ASK
550,1712455241.598164,505026.29413122,1562.0,-9.514276318848912e-08,1570.0,ASK
551,1712455241.7185462,506434.35509922,1562.0,-3.3977913843841746e-07,1570.0,ASK
552,1712455246.2794802,506434.35509971,1562.0,-1.1823997242965316e-16,1570.0,ASK
553,1712455246.378315,506440.75305236,1562.0,1.5438897097516703e-09,1570.0,BID
554,1712455260.583567,506440.75305236,1562.0,0.0,1570.0,BID
555,1712455271.8384092,506447.15510101,1562.0,1.543825597469073e-09,1570.0,BID
556,1712455290.6118925,506447.15510101,1562.0,0.0,1570.0,BID
557,1712455320.8845952,506447.15510101,1562.0,0.0,1570.0,BID
558,1712455324.2700837,506969.10413201,1561.0,-1.2586538708892493e-07,1570.0,ASK
559,1712455333.4490106,506969.10413265,1561.0,-1.5433115316520831e-16,1570.0,ASK
560,1712455333.4548345,507679.17089301,1560.0,-1.7122903261349753e-07,1570.0,ASK
561,1712455336.4581814,507679.17089413,1560.0,-2.700900454029048e-16,1570.0,ASK
562,1712455351.056334,507679.17089413,1560.0,-0.0,1570.0,ASK
563,1712455380.5670302,507679.17089413,1560.0,-0.0,1570.0,ASK
564,1712455384.1007142,507692.01576592,1560.0,3.096041009249868e-09,1570.0,BID
565,1712455387.9586358,507739.77576592,1559.0,1.151174733540142e-08,1570.0,BID
566,1712455400.6982293,508216.75632555,1558.0,-1.1496816763731549e-07,1570.0,ASK
567,1712455400.702499,509249.43382686,1558.0,-2.489095995400239e-07,1570.0,ASK
568,1712455409.8685005,509275.10776781,1558.0,-6.188273059475126e-09,1570.0,ASK
569,1712455410.561486,509275.10776781,1558.0,-0.0,1570.0,ASK
570,1712455414.8685527,509600.87016416,1558.0,-7.847253275967939e-08,1570.0,ASK
571,1712455425.3285296,509604.39580518,1560.0,8.49287651195264e-10,1570.0,BID
572,1712455440.83489,509604.39580518,1560.0,0.0,1570.0,BID
573,1712455455.0684078,509640.64080518,1558.0,-8.72993789301989e-09,1570.0,ASK
574,1712455470.8158495,509640.64080518,1558.0,-0.0,1570.0,ASK
575,1712455496.960331,509661.03959822,1558.0,-4.913168002561021e-09,1570.0,ASK
576,1712455500.2823904,509836.73959822,1558.0,-4.231836738361155e-08,1570.0,ASK
577,1712455500.550634,509836.73959822,1558.0,-0.0,1570.0,ASK
578,1712455530.526857,509836.73959822,1558.0,-0.0,1570.0,ASK
579,1712455537.0284803,509897.81988722,1559.0,-1.4719147780955482e-08,1570.0,ASK
580,1712455560.818785,509897.81988722,1559.0,-0.0,1570.0,ASK
581,1712455572.5286329,510208.25649438,1559.0,-7.480739729250591e-08,1570.0,ASK
582,1712455572.5346906,510211.31988722,1559.0,-7.38200456897202e-10,1570.0,ASK
583,1712455572.5758495,511634.47477322,1559.0,-3.429444547140547e-07,1570.0,ASK
584,1712455572.9102564,511799.53242521,1559.0,-3.977473359711567e-08,1570.0,ASK
585,1712455573.0284953,512085.43542521,1559.0,-6.889541637431239e-08,1570.0,ASK
586,1712455573.4482532,512711.80042521,1559.0,-1.509381765049575e-07,1570.0,ASK
587,1712455573.515562,513072.80042421,1559.0,-8.699190019774402e-08,1570.0,ASK
588,1712455573.8284016,513291.30042321,1559.0,-5.265299212981949e-08,1570.0,ASK
589,1712455574.1080585,513429.41760721,1559.0,-3.328275988753519e-08,1570.0,ASK
590,1712455574.7219963,513647.91760621,1559.0,-5.265299212981949e-08,1570.0,ASK
591,1712455574.9201186,513866.41760621,1559.0,-5.265299237079612e-08,1570.0,ASK
592,1712455576.4771917,514507.49160621,1559.0,-1.5448267474195388e-07,1570.0,ASK
593,1712455578.8582392,514678.00860621,1559.0,-4.10902988562501e-08,1570.0,ASK
594,1712455590.806645,514678.00860621,1559.0,-0.0,1570.0,ASK
595,1712455604.4983556,514678.1687874,1559.0,-3.8530435455239575e-11,1570.0,ASK
596,1712455605.2483656,514830.1687874,1558.0,-3.6562508925444326e-08,1570.0,ASK
597,1712455605.2881117,515074.2557874,1558.0,-5.871337576371658e-08,1570.0,ASK
598,1712455606.928547,515559.5967874,1558.0,-1.167452937130567e-07,1570.0,ASK
599,1712455608.1182413,516925.89439549,1559.0,3.286530821750212e-07,1570.0,BID
600,1712455609.318298,517329.62139549,1558.0,-9.711363184831153e-08,1570.0,ASK
601,1712455609.888548,517471.47122581,1558.0,-3.4120958468074633e-08,1570.0,ASK
602,1712455612.8190968,517877.52222581,1558.0,-9.76726533663472e-08,1570.0,ASK
603,1712455614.4585245,518257.52222581,1558.0,-9.140627231361081e-08,1570.0,ASK
604,1712455616.0482135,518586.88622581,1558.0,-7.922614598500063e-08,1570.0,ASK
605,1712455616.9084983,518710.78622581,1558.0,-2.980325563068028e-08,1570.0,ASK
606,1712455620.4348516,518834.78622581,1558.0,-2.982730991286247e-08,1570.0,ASK
607,1712455620.5277624,518834.78622581,1558.0,-0.0,1570.0,ASK
608,1712455624.6582944,518934.70422581,1558.0,-2.3997166576859864e-08,1570.0,ASK
609,1712455630.9324028,521639.9007687,1558.0,-6.497032773161301e-07,1570.0,ASK
610,1712455642.5688727,524529.9007687,1559.0,6.940872656290443e-07,1570.0,BID
611,1712455642.5732198,524680.37828851,1559.0,3.61399758697364e-08,1570.0,BID
612,1712455642.6509085,524767.67828851,1559.0,-2.0966719131268466e-08,1570.0,ASK
613,1712455643.6982574,525078.20028851,1559.0,-7.457763525870446e-08,1570.0,ASK
614,1712455644.8383124,525249.53067251,1559.0,-4.114817915217748e-08,1570.0,ASK
615,1712455647.7353456,525377.75722351,1559.0,-3.0795991752446585e-08,1570.0,ASK
616,1712455649.0611355,525639.82222351,1559.0,-6.29397852135342e-08,1570.0,ASK
617,1712455650.5688217,525639.82222351,1559.0,-0.0,1570.0,ASK
618,1712455678.5468788,525703.63843282,1561.0,1.5287707720392032e-08,1570.0,BID
619,1712455680.8385055,525703.63843282,1561.0,0.0,1570.0,BID
620,1712455702.8495128,525767.69993185,1562.0,1.534610270724036e-08,1570.0,BID
621,1712455710.9342096,525767.69993185,1562.0,0.0,1570.0,BID
622,1712455718.3305037,525811.96293185,1560.0,-1.0603065373422004e-08,1570.0,ASK
623,1712455722.4181693,525825.50293185,1560.0,-3.2434653131602954e-09,1570.0,ASK
624,1712455723.5687587,526139.00293185,1560.0,-7.509795979859342e-08,1570.0,ASK
625,1712455724.1095068,526145.41318826,1562.0,1.5355571871712223e-09,1570.0,BID
626,1712455724.2287135,526474.46905826,1560.0,-7.882432056378137e-08,1570.0,ASK
627,1712455725.5381982,526692.96905826,1560.0,-5.234100228386814e-08,1570.0,ASK
628,1712455725.9393709,527022.88655826,1560.0,-7.90307213775153e-08,1570.0,ASK
629,1712455726.043217,527129.97607026,1560.0,-2.5652962893250373e-08,1570.0,ASK
630,1712455727.6284275,527135.42760647,1560.0,-1.3058987149345812e-09,1570.0,ASK
631,1712455727.6340938,527196.84907226,1560.0,-1.4713323026058298e-08,1570.0,ASK
632,1712455730.258382,527203.25112091,1562.0,1.53359104354846e-09,1570.0,BID
633,1712455737.028306,529064.90657819,1560.0,-4.459538331408136e-07,1570.0,ASK
634,1712455740.5756032,529064.90657819,1560.0,-0.0,1570.0,ASK
635,1712455770.5480738,529064.90657819,1560.0,-0.0,1570.0,ASK
636,1712455777.9591331,529068.42770495,1562.0,8.42437065836083e-10,1570.0,BID
637,1712455795.0983262,529628.23763966,1562.0,1.339357174495603e-07,1570.0,BID
638,1712455795.1082962,529708.52976369,1564.0,1.9210061434637312e-08,1570.0,BID
639,1712455800.5782042,529708.52976369,1564.0,0.0,1570.0,BID
640,1712455805.610287,529721.31748747,1564.0,3.1214780344163086e-09,1570.0,BID
641,1712455830.5437334,529721.31748747,1564.0,0.0,1570.0,BID
642,1712455846.7385511,529753.28679693,1564.0,7.80365699108218e-09,1570.0,BID
643,1712455846.8671415,529785.56568653,1560.0,-7.879225005033291e-09,1570.0,ASK
644,1712455860.8286197,529785.56568653,1560.0,-0.0,1570.0,ASK
645,1712455885.0261018,530105.46331928,1563.0,7.808458454416697e-08,1570.0,BID
646,1712455890.848972,530105.46331928,1563.0,0.0,1570.0,BID
647,1712455920.5683663,530105.46331928,1563.0,0.0,1570.0,BID
648,1712455929.1089282,530124.55992836,1563.0,4.660768528723874e-09,1570.0,BID
649,1712455950.588358,530124.55992836,1563.0,0.0,1570.0,BID
650,1712455980.848698,530124.55992836,1563.0,0.0,1570.0,BID
651,1712455983.6486092,530139.24392836,1560.0,-3.5837894691813662e-09,1570.0,ASK
652,1712455987.9290364,530395.46962335,1560.0,-6.253465999986129e-08,1570.0,ASK
653,1712455988.1547153,530707.89514132,1560.0,-7.625083636636966e-08,1570.0,ASK
654,1712455988.1574414,530784.38962335,1560.0,-1.8669308032525167e-08,1570.0,ASK
655,1712455992.4321153,531116.78572077,1560.0,-8.112487289091242e-08,1570.0,ASK
656,1712455992.4357927,531424.90662335,1560.0,-7.520024829066646e-08,1570.0,ASK
657,1712456010.8282888,531424.90662335,1560.0,-0.0,1570.0,ASK
658,1712456039.4020455,533841.01973805,1559.0,-5.893868138947803e-07,1570.0,ASK
659,1712456039.4053638,533841.09828324,1559.0,-1.9160319533691285e-11,1570.0,ASK
660,1712456039.4085474,534769.82876242,1560.0,-2.265545825485279e-07,1570.0,ASK
661,1712456040.5520546,534769.82876242,1560.0,-0.0,1570.0,ASK
662,1712456050.1885543,534801.80701145,1562.0,7.790864072972694e-09,1570.0,BID
663,1712456070.555274,534801.80701145,1562.0,0.0,1570.0,BID
664,1712456096.5882697,534903.54501145,1560.0,-2.4786137686672288e-08,1570.0,ASK
665,1712456100.617075,534903.54501145,1560.0,-0.0,1570.0,ASK
666,1712456103.008843,535130.32362395,1560.0,-5.5438135437897e-08,1570.0,ASK
667,1712456120.1740725,535289.22262395,1560.0,-3.884433450682152e-08,1570.0,ASK
668,1712456120.1885629,536507.62262395,1560.0,-2.978491819528093e-07,1570.0,ASK
669,1712456120.2486837,536625.19780795,1560.0,-2.874234436337632e-08,1570.0,ASK
670,1712456123.7688017,536784.08180795,1560.0,-3.8840667617705646e-08,1570.0,ASK
671,1712456127.2883537,537424.65580795,1560.0,-1.565942563035187e-07,1570.0,ASK
672,1712456129.475406,537575.63411095,1560.0,-3.690804665233234e-08,1570.0,ASK
673,1712456129.7914546,537726.61241395,1560.0,-3.690804665230389e-08,1570.0,ASK
674,1712456130.8358116,537726.61241395,1560.0,-0.0,1570.0,ASK
675,1712456130.921288,538367.06641395,1560.0,-1.563965454482552e-07,1570.0,ASK
676,1712456130.9298868,538561.46004595,1560.0,-4.747022034674786e-08,1570.0,ASK
677,1712456134.3987231,538639.57421083,1560.0,-1.9075195935712605e-08,1570.0,ASK
678,1712456134.4042697,539280.02821083,1560.0,-1.563965454482552e-07,1570.0,ASK
679,1712456134.4390252,539381.22316695,1560.0,-2.4711441499271124e-08,1570.0,ASK
680,1712456135.842571,539469.97550593,1560.0,-2.1672999492426625e-08,1570.0,ASK
681,1712456136.0187082,539557.61150593,1560.0,-2.140039355971839e-08,1570.0,ASK
682,1712456136.9488826,539667.45412616,1560.0,-2.682316973110697e-08,1570.0,ASK
683,1712456148.569064,539877.22012616,1560.0,-5.122409689453839e-08,1570.0,ASK
684,1712456150.1982603,540212.58312616,1560.0,-8.189442906309028e-08,1570.0,ASK
685,1712456153.6885457,540467.49012616,1560.0,-6.224736547915226e-08,1570.0,ASK
686,1712456156.0629165,540900.90612616,1560.0,-1.0583861626599833e-07,1570.0,ASK
687,1712456159.1765544,541165.85912616,1560.0,-6.47005622670077e-08,1570.0,ASK
688,1712456160.5876591,541165.85912616,1560.0,-0.0,1570.0,ASK
689,1712456161.5991297,541208.80112616,1560.0,-1.0472559937146672e-08,1570.0,ASK
690,1712456165.118291,541208.85989526,1560.0,-1.4332423319031184e-11,1570.0,ASK
691,1712456182.6387625,541718.85989526,1559.0,-1.2437719640339102e-07,1570.0,ASK
692,1712456190.5533414,541718.85989526,1559.0,-0.0,1570.0,ASK
693,1712456196.7184386,541779.37695167,1559.0,-1.4755606866044033e-08,1570.0,ASK
694,1712456196.7787526,541947.23264927,1559.0,-4.0927514174293604e-08,1570.0,ASK
695,1712456212.558547,541953.64701745,1561.0,1.5639870934306772e-09,1570.0,BID
696,1712456220.7886844,541953.64701745,1561.0,0.0,1570.0,BID
697,1712456237.478667,542053.64701745,1559.0,-2.438038282211264e-08,1570.0,ASK
698,1712456250.8321035,542053.64701745,1559.0,-0.0,1570.0,ASK
699,1712456255.670324,547799.16114874,1559.0,-1.400725100123197e-06,1570.0,ASK
700,1712456255.6770656,548516.38249501,1559.0,-1.748546638486916e-07,1570.0,ASK
701,1712456257.4091263,548522.14802992,1561.0,1.405606057073786e-09,1570.0,BID
702,1712456268.4828546,549981.94185015,1561.0,3.558897947644357e-07,1570.0,BID
703,1712456277.1287773,550064.43385015,1561.0,-2.0111100994433703e-08,1570.0,ASK
704,1712456280.5383222,550064.43385015,1561.0,-0.0,1570.0,ASK
705,1712456283.1185591,550064.43390171,1561.0,-1.2531881476846062e-14,1570.0,ASK
706,1712456296.4096267,550110.38090171,1560.0,-1.1167618193406266e-08,1570.0,ASK
707,1712456310.5221732,550110.38090171,1560.0,-0.0,1570.0,ASK
708,1712456322.348255,550128.53646581,1560.0,-4.412711944838988e-09,1570.0,ASK
709,1712456340.788759,550128.53646581,1560.0,-0.0,1570.0,ASK
710,1712456352.538449,550509.5427761,1559.0,-9.260299011961017e-08,1570.0,ASK
711,1712456359.808919,550969.5427761,1559.0,-1.1180228333384465e-07,1570.0,ASK
712,1712456359.928532,551017.30278606,1559.0,-1.1607996012129298e-08,1570.0,ASK
713,1712456360.6051652,551335.62557496,1559.0,-7.73678579048198e-08,1570.0,ASK
714,1712456360.6081696,551897.92278606,1559.0,-1.3666546111572314e-07,1570.0,ASK
715,1712456365.8611765,551904.33715424,1560.0,1.559002192750598e-09,1570.0,BID
716,1712456370.8384502,551904.33715424,1560.0,0.0,1570.0,BID
717,1712456400.583002,551904.33715424,1560.0,0.0,1570.0,BID
718,1712456410.239132,551962.28651321,1560.0,1.411367459090189e-08,1570.0,BID
719,1712456430.5457118,551962.28651321,1560.0,0.0,1570.0,BID
720,1712456442.5288453,552214.79036986,1558.0,-6.149643182156743e-08,1570.0,ASK
721,1712456442.5351346,552214.79075169,1559.0,-9.299336984723321e-14,1570.0,ASK
722,1712456458.0234623,554750.39489018,1558.0,-6.175375263486997e-07,1570.0,ASK
723,1712456458.026957,554932.88013888,1558.0,-4.4443644560561775e-08,1570.0,ASK
724,1712456460.8324382,554932.88013888,1558.0,-0.0,1570.0,ASK
725,1712456469.828714,555185.83517612,1558.0,6.153695216341768e-08,1570.0,BID
726,1712456490.8319016,555185.83517612,1558.0,0.0,1570.0,BID
727,1712456491.4798355,555211.75393013,1557.0,-6.3047102816930566e-09,1570.0,ASK
728,1712456491.4867427,555879.73950806,1557.0,-1.624868054835422e-07,1570.0,ASK
729,1712456491.4922123,557236.87207068,1557.0,-3.301211014183357e-07,1570.0,ASK
730,1712456491.5684102,558603.38707068,1557.0,3.324033696706756e-07,1570.0,BID
731,1712456491.6885643,559580.42664075,1557.0,2.37663871521973e-07,1570.0,BID
732,1712456491.6949835,560215.54889179,1557.0,1.5449283498425044e-07,1570.0,BID
733,1712456491.7583516,561377.32528568,1557.0,2.826009141011176e-07,1570.0,BID
734,1712456503.2486072,561457.23997277,1557.0,-1.9439165523162067e-08,1570.0,ASK
735,1712456520.5479317,561457.23997277,1557.0,-0.0,1570.0,ASK
736,1712456532.858554,561463.66258034,1561.0,1.558590691199053e-09,1570.0,BID
737,1712456550.5629418,561463.66258034,1561.0,0.0,1570.0,BID
738,1712456560.8484778,561475.15032027,1557.0,-2.787752600650828e-09,1570.0,ASK
739,1712456580.8285637,561475.15032027,1557.0,-0.0,1570.0,ASK
740,1712456584.4233396,561578.66295518,1557.0,-2.5119507091881304e-08,1570.0,ASK
741,1712456610.822149,561578.66295518,1557.0,-0.0,1570.0,ASK
742,1712456633.7224183,561591.47525498,1561.0,3.1090510738716827e-09,1570.0,BID
743,1712456640.548494,561591.47525498,1561.0,0.0,1570.0,BID
744,1712456646.9694428,562232.09024537,1561.0,1.554517993452231e-07,1570.0,BID
745,1712456670.5211022,562232.09024537,1561.0,0.0,1570.0,BID
746,1712456685.458496,562238.49639527,1561.0,1.5541408642660395e-09,1570.0,BID
747,1712456700.584331,562238.49639527,1561.0,0.0,1570.0,BID
748,1712456730.5785518,562238.49639527,1561.0,0.0,1570.0,BID
749,1712456735.323548,562239.46349887,1561.0,2.348705377356361e-10,1570.0,BID
750,1712456735.326723,566082.18633761,1561.0,9.33242704783586e-07,1570.0,BID
751,1712456760.8390462,566082.18633761,1561.0,0.0,1570.0,BID
752,1712456776.0413306,566792.06083813,1561.0,1.721490946296959e-07,1570.0,BID
753,1712456776.046835,566888.27421761,1561.0,2.3332358264206323e-08,1570.0,BID
754,1712456790.8231902,566888.27421761,1561.0,0.0,1570.0,BID
755,1712456810.8011036,566888.27421838,1561.0,1.8666590375121288e-16,1570.0,BID
756,1712456820.5323455,566888.27421838,1561.0,0.0,1570.0,BID
757,1712456826.458608,566894.68036828,1563.0,1.55305830488867e-09,1570.0,BID
758,1712456850.5409784,566894.68036828,1563.0,0.0,1570.0,BID
759,1712456870.8294082,566994.68036828,1563.0,-2.424318130527234e-08,1570.0,ASK
760,1712456871.4899747,567013.89881722,1561.0,-4.659163420577156e-09,1570.0,ASK
761,1712456871.5488524,567094.49536828,1561.0,1.953916799926688e-08,1570.0,BID
762,1712456880.866124,567094.49536828,1561.0,0.0,1570.0,BID
763,1712456910.8884575,567094.49536828,1561.0,0.0,1570.0,BID
764,1712456940.5916114,567094.49536828,1561.0,0.0,1570.0,BID
765,1712456970.5287087,567094.49536828,1561.0,0.0,1570.0,BID
766,1712456994.6488483,567394.49536828,1561.0,-7.27240412012253e-08,1570.0,ASK
767,1712456994.6537871,567573.04932749,1561.0,-4.328388495411288e-08,1570.0,ASK
768,1712456998.6386237,568003.74789078,1561.0,-1.0440713354002164e-07,1570.0,ASK
769,1712457000.6491098,568003.74789078,1561.0,-0.0,1570.0,ASK
770,1712457025.14841,568022.05389078,1561.0,-4.460038161303718e-09,1570.0,ASK
771,1712457029.709447,568044.08489078,1561.0,-5.367589901240776e-09,1570.0,ASK
772,1712457030.6583805,568044.08489078,1561.0,-0.0,1570.0,ASK
773,1712457031.3422508,568089.18689078,1561.0,-1.0988394803289992e-08,1570.0,ASK
774,1712457037.7400522,568224.22663029,1561.0,-3.290031421824481e-08,1570.0,ASK
775,1712457037.7455528,568337.46525689,1561.0,-2.7588815042891284e-08,1570.0,ASK
776,1712457039.7888875,568570.00525689,1561.0,-5.6654723239739224e-08,1570.0,ASK
777,1712457043.5116425,569179.94725689,1561.0,-1.486028003883504e-07,1570.0,ASK
778,1712457043.5733008,569282.34729716,1561.0,-2.494816350405909e-08,1570.0,ASK
779,1712457045.109093,569922.34729716,1561.0,-1.559259605807407e-07,1570.0,ASK
780,1712457051.6184776,569978.53429716,1561.0,-1.3689081167430388e-08,1570.0,ASK
781,1712457060.8586714,569978.53429716,1561.0,-0.0,1570.0,ASK
782,1712457066.1600475,570082.60529716,1562.0,-2.5336626561292736e-08,1570.0,ASK
783,1712457090.832901,570082.60529716,1562.0,-0.0,1570.0,ASK
784,1712457120.5341344,570082.60529716,1562.0,-0.0,1570.0,ASK
785,1712457133.0985117,570082.61960445,1562.0,-3.483046356617687e-12,1570.0,ASK
786,1712457146.618788,570082.77990683,1561.0,-3.9024904246437337e-11,1570.0,ASK
787,1712457150.5867453,570082.77990683,1561.0,-0.0,1570.0,ASK
788,1712457166.6983058,570596.61590683,1560.0,-1.250910894475025e-07,1570.0,ASK
789,1712457175.4186966,570634.0254072,1560.0,-9.107176525146913e-09,1570.0,ASK
790,1712457175.4260535,571081.72786873,1560.0,-1.0899117356729865e-07,1570.0,ASK
791,1712457179.2982774,571113.77915078,1560.0,7.802742100272314e-09,1570.0,BID
792,1712457180.798251,571113.77915078,1560.0,0.0,1570.0,BID
793,1712457203.3285382,571128.77915078,1559.0,-3.6502540541068917e-09,1570.0,ASK
794,1712457210.8682113,571128.77915078,1559.0,-0.0,1570.0,ASK
795,1712457214.7286575,573830.80865687,1559.0,-6.575358687250986e-07,1570.0,ASK
796,1712457214.991258,574687.70865687,1559.0,2.085256599310105e-07,1570.0,BID
797,1712457215.1890028,575373.20865687,1559.0,1.6681566096711785e-07,1570.0,BID
798,1712457240.5525577,575373.20865687,1559.0,0.0,1570.0,BID
799,1712457246.9859402,577128.44159687,1559.0,4.264472905199614e-07,1570.0,BID
800,1712457251.23848,577706.51750236,1558.0,-1.4044797017717633e-07,1570.0,ASK
801,1712457251.2464297,577770.70235473,1558.0,-1.5594201636613732e-08,1570.0,ASK
802,1712457258.9817488,578086.45881977,1558.0,-7.671545235499105e-08,1570.0,ASK
803,1712457258.985747,578756.31291428,1558.0,-1.6274618435970945e-07,1570.0,ASK
1004,1712457266.6384256,578762.71496293,1562.0,1.55542676891334e-09,1570.0,BID
804,1712457266.6384256,578762.71496293,1562.0,1.5554267689133402e-09,1570.0,BID
805,1712457270.6024716,578762.71496293,1562.0,0.0,1570.0,BID
806,1712457300.8182323,578762.71496293,1562.0,0.0,1570.0,BID
807,1712457330.848246,578762.71496293,1562.0,0.0,1570.0,BID
808,1712457343.6612933,578845.85841041,1562.0,2.0288233705247345e-08,1570.0,BID
809,1712457360.562375,578845.85841041,1562.0,0.0,1570.0,BID
810,1712457383.5287378,579944.43316864,1559.0,-2.680600314204924e-07,1570.0,ASK
811,1712457383.5357828,581944.43316864,1559.0,-4.880141827623684e-07,1570.0,ASK
812,1712457383.6519165,582028.52441464,1559.0,2.0518860347085844e-08,1570.0,BID
1013,1712457383.6796508,582028.52441526,1559.0,1.5126282367911261e-16,1570.0,BID
813,1712457383.6796508,582028.52441526,1559.0,1.512628236791126e-16,1570.0,BID
814,1712457390.5290422,582028.52441526,1559.0,0.0,1570.0,BID
1015,1712457409.918175,582034.93878344,1562.0,1.5632586719488602e-09,1570.0,BID
815,1712457409.918175,582034.93878344,1562.0,1.56325867194886e-09,1570.0,BID
816,1712457420.848304,582034.93878344,1562.0,0.0,1570.0,BID
817,1712457433.4582407,582735.30306,1562.0,1.706867807873787e-07,1570.0,BID
818,1712457438.438264,583247.21099847,1562.0,1.2475781675520217e-07,1570.0,BID
819,1712457450.81922,583247.21099847,1562.0,0.0,1570.0,BID
820,1712457480.5581868,583247.21099847,1562.0,0.0,1570.0,BID
821,1712457493.048248,583572.97339482,1562.0,7.935539883450894e-08,1570.0,BID
822,1712457493.14816,583663.15336946,1562.0,-2.1967752983850363e-08,1570.0,ASK
823,1712457493.2282443,583778.48836946,1562.0,-2.8095492380712543e-08,1570.0,ASK
824,1712457493.3446312,583871.97625652,1562.0,-2.2773557190662243e-08,1570.0,ASK
825,1712457493.3783202,584038.4547041,1562.0,-4.0553985828573954e-08,1570.0,ASK
826,1712457493.3980446,584243.96719298,1562.0,-5.0062639835870334e-08,1570.0,ASK
827,1712457494.4025502,584320.671357,1562.0,-1.868505879216244e-08,1570.0,ASK
828,1712457494.8581583,584398.7813,1562.0,-1.9027505166823564e-08,1570.0,ASK
829,1712457495.6384254,584490.8481302,1562.0,-2.2427389139452647e-08,1570.0,ASK
830,1712457495.806931,584629.6471302,1562.0,-3.381129966579984e-08,1570.0,ASK
831,1712457496.708583,584723.40435255,1562.0,-2.2839167001965736e-08,1570.0,ASK
832,1712457497.328298,585221.29135255,1562.0,-1.212847827195561e-07,1570.0,ASK
833,1712457497.4884057,585314.61364562,1562.0,-2.273321865779846e-08,1570.0,ASK
834,1712457500.1783211,585398.05859017,1562.0,-2.0327106288773392e-08,1570.0,ASK
835,1712457502.109096,585870.82959017,1562.0,-1.1516654986192157e-07,1570.0,ASK
836,1712457502.4082885,588436.05661104,1562.0,-6.248867752172065e-07,1570.0,ASK
837,1712457502.5157654,589071.00426238,1562.0,-1.5467262236422613e-07,1570.0,ASK
838,1712457502.598323,590048.04382249,1562.0,-2.380058743376791e-07,1570.0,ASK
839,1712457505.7917316,590663.07582249,1562.0,-1.498211893172078e-07,1570.0,ASK
840,1712457508.7018993,590754.1756421,1562.0,-2.2191826312378712e-08,1570.0,ASK
841,1712457510.4605627,591393.8166421,1562.0,-1.558159174742759e-07,1570.0,ASK
842,1712457510.601043,591393.8166421,1562.0,-0.0,1570.0,ASK
843,1712457511.74813,591485.44133266,1562.0,-2.2250711669887268e-08,1570.0,ASK
844,1712457512.1720269,591575.8160976,1562.0,-2.1947171931741383e-08,1570.0,ASK
845,1712457512.250122,591808.11876745,1562.0,-5.641383010826052e-08,1570.0,ASK
846,1712457513.471362,591900.66100971,1562.0,-2.2473535651007402e-08,1570.0,ASK
847,1712457540.8305645,591900.66100971,1562.0,-0.0,1570.0,ASK
848,1712457547.6191602,592020.88157075,1562.0,-2.9189499370640096e-08,1570.0,ASK
849,1712457548.3186767,592348.89383182,1562.0,-7.964123279111604e-08,1570.0,ASK
850,1712457548.3262928,592727.52157075,1562.0,-9.193064856459913e-08,1570.0,ASK
851,1712457570.8369565,592727.52157075,1562.0,-0.0,1570.0,ASK
852,1712457600.6558244,592727.52157075,1562.0,-0.0,1570.0,ASK
853,1712457607.2482238,592727.5247537,1562.0,-7.783830094737705e-13,1570.0,ASK
854,1712457612.9584036,593916.0350057,1562.0,2.906474174014464e-07,1570.0,BID
855,1712457630.5133612,593916.0350057,1562.0,0.0,1570.0,BID
856,1712457660.8180192,593916.0350057,1562.0,0.0,1570.0,BID
857,1712457690.840643,593916.0350057,1562.0,0.0,1570.0,BID
858,1712457720.6572993,593916.0350057,1562.0,0.0,1570.0,BID
859,1712457746.4115486,593922.43705372,1562.0,1.5648954999973975e-09,1570.0,BID
860,1712457746.4152718,593922.43705435,1562.0,1.5400483130777534e-16,1570.0,BID
861,1712457750.5564165,593922.43705435,1562.0,0.0,1570.0,BID
862,1712457769.8183095,600324.48570991,1562.0,1.564891830171467e-06,1570.0,BID
863,1712457780.802441,600324.48570991,1562.0,0.0,1570.0,BID
864,1712457799.158138,600522.99652937,1562.0,4.840489225274303e-08,1570.0,BID
865,1712457799.271325,600535.68688469,1562.0,3.094417138494758e-09,1570.0,BID
866,1712457810.8746488,600535.68688469,1562.0,0.0,1570.0,BID
867,1712457840.5252426,600535.68688469,1562.0,0.0,1570.0,BID
868,1712457843.108739,600538.96838075,1564.0,8.000958700581361e-10,1570.0,BID
869,1712457843.1180377,600545.37042941,1562.0,1.5609504320515067e-09,1570.0,BID
870,1712457843.122969,605717.70904496,1564.0,1.2611219666501176e-06,1570.0,BID
871,1712457865.1982489,608914.63999125,1564.0,7.794771653404635e-07,1570.0,BID
872,1712457865.838175,608963.70799125,1563.0,-1.196378219970248e-08,1570.0,ASK
873,1712457866.6787417,609106.57799125,1563.0,-3.4834628737109234e-08,1570.0,ASK
874,1712457870.5417695,609106.57799125,1563.0,-0.0,1570.0,ASK
875,1712457883.7685575,609106.5785709,1563.0,-1.4087012940463796e-13,1570.0,ASK
876,1712457883.7745335,609746.16799125,1563.0,-1.554369652785133e-07,1570.0,ASK
877,1712457900.624704,609746.16799125,1563.0,-0.0,1570.0,ASK
878,1712457930.5521166,609746.16799125,1563.0,-0.0,1570.0,ASK
879,1712457948.9289577,609810.1439312,1563.0,-1.5563621216350993e-08,1570.0,ASK
880,1712457948.9365993,609816.42799125,1563.0,-1.5287423739957735e-09,1570.0,ASK
881,1712457949.0483174,609816.43157785,1563.0,-8.725230918283899e-13,1570.0,ASK
882,1712457960.8481538,609816.43157785,1563.0,-0.0,1570.0,ASK
883,1712457986.1705828,610055.71157785,1560.0,-5.820881718084854e-08,1570.0,ASK
884,1712457990.848158,610055.71157785,1560.0,-0.0,1570.0,ASK
885,1712458020.563251,610055.71157785,1560.0,-0.0,1570.0,ASK
886,1712458050.5433135,610055.71157785,1560.0,-0.0,1570.0,ASK
887,1712458053.6344123,610066.62857785,1561.0,-2.655499659219824e-09,1570.0,ASK
888,1712458060.0725543,610359.81457785,1561.0,-7.131586727997351e-08,1570.0,ASK
889,1712458080.571082,610359.81457785,1561.0,-0.0,1570.0,ASK
890,1712458083.884764,610418.21099125,1562.0,1.4202963445624352e-08,1570.0,BID
891,1712458087.2382169,610421.41060738,1563.0,7.781990072375129e-10,1570.0,BID
892,1712458090.9483626,610427.80856003,1564.0,1.556086792386879e-09,1570.0,BID
893,1712458110.599971,610427.80856003,1564.0,0.0,1570.0,BID
894,1712458120.3214722,610747.50165465,1564.0,7.775258391606244e-08,1570.0,BID
895,1712458122.428075,610847.50165465,1564.0,2.4321008249639723e-08,1570.0,BID
896,1712458140.863113,610847.50165465,1564.0,0.0,1570.0,BID
897,1712458141.2080848,610853.90780455,1563.0,-1.557791555005993e-09,1570.0,ASK
898,1712458161.0284534,610866.70280455,1563.0,-3.111376295771922e-09,1570.0,ASK
899,1712458170.833747,610866.70280455,1563.0,-0.0,1570.0,ASK
900,1712458192.4685822,610871.70280455,1564.0,1.215847436269474e-09,1570.0,BID
901,1712458200.61516,610871.70280455,1564.0,0.0,1570.0,BID
902,1712458208.257886,610871.70370986,1563.0,-2.216203231894848e-13,1570.0,ASK
903,1712458230.5481088,610871.70370986,1563.0,-0.0,1570.0,ASK
904,1712458260.8391664,610871.70370986,1563.0,-0.0,1570.0,ASK
905,1712458264.098265,610897.39870986,1563.0,-6.290148095221364e-09,1570.0,ASK
906,1712458264.1978562,610897.40281414,1563.0,-1.0047296546798372e-12,1570.0,ASK
907,1712458290.8258631,610897.40281414,1563.0,-0.0,1570.0,ASK
908,1712458301.2381487,610903.80076679,1564.0,1.5662064197801123e-09,1570.0,BID
909,1712458320.588123,610903.80076679,1564.0,0.0,1570.0,BID
910,1712458322.6182845,610961.58353533,1564.0,1.4145075199306713e-08,1570.0,BID
911,1712458350.5740948,610961.58353533,1564.0,0.0,1570.0,BID
912,1712458368.408275,611060.68839466,1564.0,2.4260081527026483e-08,1570.0,BID
913,1712458380.8451183,611060.68839466,1564.0,0.0,1570.0,BID
914,1712458410.8387296,611060.68839466,1564.0,0.0,1570.0,BID
915,1712458430.18145,611252.50425143,1564.0,4.6953214969566393e-08,1570.0,BID
916,1712458437.8327382,612156.29660077,1564.0,2.212327863868103e-07,1570.0,BID
917,1712458440.5541046,612156.29660077,1564.0,0.0,1570.0,BID
918,1712458470.5623398,612156.29660077,1564.0,0.0,1570.0,BID
919,1712458494.6983073,612166.29660077,1562.0,-2.446801313721574e-09,1570.0,ASK
920,1712458494.7064295,612249.37023606,1562.0,-2.0326467996326653e-08,1570.0,ASK
921,1712458500.828252,612249.37023606,1562.0,-0.0,1570.0,ASK
922,1712458501.878146,612889.36423606,1562.0,-1.572240160975147e-07,1570.0,ASK
923,1712458515.2675862,614494.42461329,1563.0,3.9430688191939524e-07,1570.0,BID
924,1712458519.1970232,614548.20761329,1562.0,-1.3212591458329013e-08,1570.0,ASK
925,1712458524.2383723,615008.19361329,1562.0,-1.130023816920538e-07,1570.0,ASK
926,1712458527.3734736,615100.8706933,1562.0,-2.2767498944324698e-08,1570.0,ASK
927,1712458529.9582312,615236.2396933,1562.0,-3.325540213673566e-08,1570.0,ASK
928,1712458530.8279936,615236.2396933,1562.0,-0.0,1570.0,ASK
929,1712458532.4121354,615876.2066933,1562.0,-1.570373333856437e-07,1570.0,ASK
930,1712458533.6284664,615931.39156334,1562.0,-1.3541455784911898e-08,1570.0,ASK
931,1712458533.6348176,616972.38130578,1562.0,-2.554416918912668e-07,1570.0,ASK
932,1712458534.528429,617056.47255178,1561.0,-2.0634603085657363e-08,1570.0,ASK
933,1712458539.1888397,617286.31255178,1561.0,-5.639894042247132e-08,1570.0,ASK
934,1712458542.579657,617612.99629617,1561.0,-8.016279601829853e-08,1570.0,ASK
935,1712458542.5834546,618019.21133461,1561.0,-9.967846219844377e-08,1570.0,ASK
936,1712458551.400848,618872.81972361,1561.0,-2.094614021725388e-07,1570.0,ASK
937,1712458560.5680046,618872.81972361,1561.0,-0.0,1570.0,ASK
938,1712458568.7910185,618936.79925016,1563.0,1.5677674067934062e-08,1570.0,BID
939,1712458573.548689,619027.95488396,1562.0,-2.2336962982274983e-08,1570.0,ASK
940,1712458573.5565958,619077.94625016,1561.0,-1.2249986640364033e-08,1570.0,ASK
941,1712458578.9688554,619169.12425016,1561.0,-2.234244364167519e-08,1570.0,ASK
942,1712458590.5838375,619169.12425016,1561.0,-0.0,1570.0,ASK
943,1712458594.9308245,619175.53040006,1563.0,1.5695980945431183e-09,1570.0,BID
944,1712458616.7881076,619181.92835271,1563.0,1.567589651359166e-09,1570.0,BID
945,1712458620.8380864,619181.92835271,1563.0,0.0,1570.0,BID
946,1712458650.8317294,619181.92835271,1563.0,0.0,1570.0,BID
947,1712458680.5907512,619181.92835271,1563.0,0.0,1570.0,BID
948,1712458688.1127183,619181.96406467,1561.0,-8.749896657490617e-12,1570.0,ASK
949,1712458688.122623,619191.94035271,1561.0,-2.4443208731010683e-09,1570.0,ASK
950,1712458710.5671237,619191.94035271,1561.0,-0.0,1570.0,ASK
951,1712458740.8380077,619191.94035271,1561.0,-0.0,1570.0,ASK
952,1712458740.8882444,619191.96406467,1561.0,-5.809717678002474e-12,1570.0,ASK
953,1712458740.95075,619344.61210767,1561.0,3.740062110120073e-08,1570.0,BID
954,1712458740.9714296,619344.61210843,1561.0,1.861992221723101e-16,1570.0,BID
955,1712458770.84842,619344.61210843,1561.0,0.0,1570.0,BID
956,1712458800.7521462,619344.61210843,1561.0,0.0,1570.0,BID
957,1712458830.562491,619344.61210843,1561.0,0.0,1570.0,BID
958,1712458833.6262283,620818.75783911,1563.0,3.642057737072521e-07,1570.0,BID
959,1712458833.6343665,620937.58715641,1563.0,2.9358239518414294e-08,1570.0,BID
960,1712458838.0392723,620941.32995872,1563.0,9.247051921599088e-10,1570.0,BID
961,1712458838.0479736,621335.63130228,1563.0,9.741698050357133e-08,1570.0,BID
962,1712458846.3682656,621338.86848176,1564.0,7.9978487378503e-10,1570.0,BID
1162,1712458846.3682656,621338.86848176,1564.0,7.997848737850301e-10,1570.0,BID
963,1712458855.7789087,621657.76274306,1564.0,7.878673644700632e-08,1570.0,BID
964,1712458860.8350513,621657.76274306,1564.0,0.0,1570.0,BID
965,1712458890.8281047,621657.76274306,1564.0,0.0,1570.0,BID
966,1712458896.0483136,621732.1990275,1561.0,-1.837398267291734e-08,1570.0,ASK
967,1712458896.0552764,621735.40274306,1561.0,-7.90810753542387e-10,1570.0,ASK
968,1712458900.3759592,621809.84794508,1561.0,-1.837618390396764e-08,1570.0,ASK
969,1712458900.3879304,621902.05132434,1561.0,-2.2759643440747283e-08,1570.0,ASK
970,1712458905.3691545,621995.15842855,1561.0,-2.2982720488398163e-08,1570.0,ASK
971,1712458920.545115,621995.15842855,1561.0,-0.0,1570.0,ASK
972,1712458950.5955892,621995.15842855,1561.0,-0.0,1570.0,ASK
973,1712458980.898195,621995.15842855,1561.0,-0.0,1570.0,ASK
974,1712459010.8481724,621995.15842855,1561.0,-0.0,1570.0,ASK
975,1712459012.198427,622634.95369355,1562.0,1.579076536642724e-07,1570.0,BID
976,1712459040.6039052,622634.95369355,1562.0,0.0,1570.0,BID
977,1712459070.5799444,622634.95369355,1562.0,0.0,1570.0,BID
978,1712459086.3288546,623131.58254103,1562.0,1.225425730803098e-07,1570.0,BID
979,1712459086.335416,623131.58254155,1562.0,1.2831609904161774e-16,1570.0,BID
980,1712459086.351675,623131.58254199,1562.0,1.08553064311232e-16,1570.0,BID
981,1712459096.8085504,623135.42377118,1562.0,-9.47818700267848e-10,1570.0,ASK
982,1712459100.8238728,623135.42377118,1562.0,-0.0,1570.0,ASK
983,1712459130.8420634,623135.42377118,1562.0,-0.0,1570.0,ASK
984,1712459134.3982582,623236.72653859,1561.0,-2.5159606366135324e-08,1570.0,ASK
985,1712459144.258792,623255.9449883,1561.0,-4.773103855219724e-09,1570.0,ASK
986,1712459144.2685587,624615.45025096,1561.0,-3.3764741216554295e-07,1570.0,ASK
987,1712459144.338877,624615.45025137,1561.0,1.0183147328606179e-16,1570.0,BID
988,1712459144.3488705,626425.90293137,1561.0,4.4964493999392214e-07,1570.0,BID
989,1712459159.262837,626502.14512302,1560.0,-1.8935549140952963e-08,1570.0,ASK
990,1712459160.553806,626502.14512302,1560.0,-0.0,1570.0,ASK
991,1712459190.5224557,626502.14512302,1560.0,-0.0,1570.0,ASK
992,1712459220.6017284,626502.14512302,1560.0,-0.0,1570.0,ASK
993,1712459250.5349867,626502.14512302,1560.0,-0.0,1570.0,ASK
994,1712459266.5873044,626564.70062878,1562.0,1.5516064936793262e-08,1570.0,BID
995,1712459280.8307538,626564.70062878,1562.0,0.0,1570.0,BID
996,1712459286.498279,626577.49362878,1561.0,-3.173057361625967e-09,1570.0,ASK
997,1712459310.8084936,626577.49362878,1561.0,-0.0,1570.0,ASK
998,1712459340.5380206,626577.49362878,1561.0,-0.0,1570.0,ASK
999,1712459370.6125295,626577.49362878,1561.0,-0.0,1570.0,ASK
1000,1712459374.9982457,626577.51292858,1561.0,-4.786920134076039e-12,1570.0,ASK
1200,1712459374.9982457,626577.51292858,1561.0,-4.7869201340760386e-12,1570.0,ASK
1201,1712459375.1917372,626891.37814068,1560.0,-7.78478377969154e-08,1570.0,ASK
1202,1712459375.2614863,626983.51749056,1560.0,-2.2853278693024552e-08,1570.0,ASK
1203,1712459375.263969,627067.2941452,1560.0,-2.0779083409578388e-08,1570.0,ASK
1204,1712459375.3306873,627213.44475615,1560.0,-3.624966583276048e-08,1570.0,ASK
1205,1712459375.3487868,628067.78933782,1560.0,-2.119026762205665e-07,1570.0,ASK
1206,1712459375.4475398,628859.25262107,1560.0,-1.9630625797749642e-07,1570.0,ASK
1207,1712459375.468482,629459.75709197,1560.0,-1.489428354743879e-07,1570.0,ASK
1208,1712459375.5217369,629771.135211,1560.0,-7.723096529741443e-08,1570.0,ASK
1209,1712459375.5412383,629846.87473807,1560.0,-1.878563851886679e-08,1570.0,ASK
1210,1712459375.558308,630092.86443827,1560.0,-6.1012707183313e-08,1570.0,ASK
1211,1712459375.8984315,630186.03681441,1560.0,-2.3109499700116924e-08,1570.0,ASK
1212,1712459376.538312,630826.58881441,1560.0,-1.5887580488087973e-07,1570.0,ASK
1213,1712459377.4889867,631272.22353612,1560.0,-1.105305659720677e-07,1570.0,ASK
1214,1712459377.5086725,631346.76490239,1560.0,-1.8488459271151867e-08,1570.0,ASK
1215,1712459377.6706605,631421.26471437,1560.0,-1.8478152580595373e-08,1570.0,ASK
1216,1712459378.9985328,631991.02371437,1560.0,-1.4131705109517346e-07,1570.0,ASK
1217,1712459379.054659,632294.92245701,1560.0,-7.537585916400551e-08,1570.0,ASK
1218,1712459381.1793852,632387.24041407,1560.0,-2.2897578546092784e-08,1570.0,ASK
1219,1712459381.7394977,632672.24714718,1560.0,-7.069008311476476e-08,1570.0,ASK
1220,1712459381.741705,632733.28841407,1560.0,-1.5140036106512087e-08,1570.0,ASK
1221,1712459381.9082477,632823.61557717,1560.0,-2.2403802876456546e-08,1570.0,ASK
1222,1712459382.4886236,633105.70055025,1560.0,-6.9965400377923e-08,1570.0,ASK
1223,1712459382.5968823,633323.02092337,1560.0,-5.39018677585189e-08,1570.0,ASK
1224,1712459383.7885814,633798.78392337,1560.0,-1.1800326836467008e-07,1570.0,ASK
1225,1712459385.3786662,634158.18828677,1560.0,-8.914289161985923e-08,1570.0,ASK
1226,1712459385.5183165,634239.00894566,1560.0,-2.0045909203535503e-08,1570.0,ASK
1227,1712459385.8189552,634507.34976098,1560.0,-6.655644353051653e-08,1570.0,ASK
1228,1712459387.9087262,634805.79376531,1560.0,-7.40229230410564e-08,1570.0,ASK
1229,1712459388.5291553,635000.86223182,1560.0,-4.838273805040119e-08,1570.0,ASK
1230,1712459388.5672786,635225.11066941,1560.0,-5.5620232261212426e-08,1570.0,ASK
1231,1712459388.619549,635295.32086171,1560.0,-1.741420027180959e-08,1570.0,ASK
1232,1712459388.6209524,635691.6036,1560.0,-9.828981722986556e-08,1570.0,ASK
1233,1712459388.6223016,635865.60566941,1560.0,4.315764969657624e-08,1570.0,BID
1234,1712459388.853169,635997.55146092,1560.0,-3.2726451290142176e-08,1570.0,ASK
1235,1712459389.5380788,636149.03778713,1560.0,-3.75730807257728e-08,1570.0,ASK
1236,1712459389.6124623,636602.49046426,1560.0,-1.124696496996586e-07,1570.0,ASK
1237,1712459390.578405,636753.97678713,1559.0,-3.757307989736522e-08,1570.0,ASK
1238,1712459400.593884,636753.97678713,1559.0,-0.0,1570.0,ASK
1239,1712459430.5643115,636753.97678713,1559.0,-0.0,1570.0,ASK
1240,1712459460.828357,636753.97678713,1559.0,-0.0,1570.0,ASK
1241,1712459490.8281083,636753.97678713,1559.0,-0.0,1570.0,ASK
1242,1712459507.5918157,636757.82540804,1562.0,9.527265432152219e-10,1570.0,BID
1243,1712459520.534612,636757.82540804,1562.0,0.0,1570.0,BID
1244,1712459537.1417851,636851.00227949,1560.0,-2.3065910780560082e-08,1570.0,ASK
1245,1712459550.551953,636851.00227949,1560.0,-0.0,1570.0,ASK
1246,1712459580.838051,636851.00227949,1560.0,-0.0,1570.0,ASK
1247,1712459610.8480833,636851.00227949,1560.0,-0.0,1570.0,ASK
1248,1712459619.4385374,637249.57627949,1560.0,-9.86633419347712e-08,1570.0,ASK
1249,1712459621.7089932,637352.97427949,1560.0,-2.5595227559659763e-08,1570.0,ASK
1250,1712459623.7642124,637363.31427949,1560.0,-2.5595722641560836e-09,1570.0,ASK
1251,1712459637.6187484,637455.74479622,1560.0,-2.2880327561089698e-08,1570.0,ASK
1252,1712459640.577031,637455.74479622,1560.0,-0.0,1570.0,ASK
1253,1712459641.588595,637547.89642215,1560.0,-2.2805964830655973e-08,1570.0,ASK
1254,1712459641.6682067,637622.0470673,1560.0,-1.8351027324748176e-08,1570.0,ASK
1255,1712459670.553615,637622.0470673,1560.0,-0.0,1570.0,ASK
1256,1712459679.388566,637872.70656967,1560.0,-6.202999384982316e-08,1570.0,ASK
1257,1712459700.6084914,637872.70656967,1560.0,-0.0,1570.0,ASK
1258,1712459730.5822327,637872.70656967,1560.0,-0.0,1570.0,ASK
1259,1712459751.5983486,637872.70657,1562.0,8.217089075447744e-17,1570.0,BID
1260,1712459751.6009476,638816.302443,1562.0,2.3493126722934125e-07,1570.0,BID
1261,1712459760.8404982,638816.302443,1562.0,0.0,1570.0,BID
1262,1712459790.8278656,638816.302443,1562.0,0.0,1570.0,BID
1263,1712459820.5696263,638816.302443,1562.0,0.0,1570.0,BID
1264,1712459825.8188224,638858.211443,1560.0,-1.043044280774906e-08,1570.0,ASK
1265,1712459829.4981728,638941.18268249,1560.0,-2.0650141215215784e-08,1570.0,ASK
1266,1712459845.085045,639190.77868249,1560.0,-6.21202320037239e-08,1570.0,ASK
1267,1712459849.4384725,639679.90968249,1560.0,-1.2173645090552064e-07,1570.0,ASK
1268,1712459850.534516,639679.90968249,1560.0,-0.0,1570.0,ASK
1269,1712459853.3387234,640180.93668249,1560.0,-1.2465536732742345e-07,1570.0,ASK
1270,1712459870.1386795,640218.79528667,1560.0,-9.419209365069042e-09,1570.0,ASK
1271,1712459870.1411672,640495.0392466,1560.0,-6.87294143769885e-08,1570.0,ASK
1272,1712459880.858134,640495.0392466,1560.0,-0.0,1570.0,ASK
1273,1712459883.938518,641083.37928893,1561.0,1.4633253023039842e-07,1570.0,BID
1274,1712459883.948492,642713.17406593,1561.0,4.053642049081097e-07,1570.0,BID
1275,1712459910.837017,642713.17406593,1561.0,0.0,1570.0,BID
1276,1712459940.5583532,642713.17406593,1561.0,0.0,1570.0,BID
1277,1712459970.535363,642713.17406593,1561.0,0.0,1570.0,BID
1278,1712459998.9985678,643713.17406593,1563.0,2.485069972744642e-07,1570.0,BID
1279,1712459999.0611808,644348.29632694,1563.0,1.5783232598576214e-07,1570.0,BID
1280,1712459999.2482023,646118.29632694,1563.0,4.398573851758017e-07,1570.0,BID
1281,1712459999.5082006,647372.04632694,1563.0,3.115656478328595e-07,1570.0,BID
1282,1712459999.6086948,647372.04632699,1563.0,1.2439909487499345e-17,1570.0,BID
1283,1712459999.6119435,648513.17406598,1563.0,2.8357822792300495e-07,1570.0,BID
1284,1712459999.6151094,649004.34545399,1563.0,1.22059526781503e-07,1570.0,BID
1285,1712460000.5847385,649004.34545399,1563.0,0.0,1570.0,BID
1286,1712460019.5760777,649184.03083762,1564.0,4.4663926184218514e-08,1570.0,BID
1287,1712460024.5057456,649927.58737262,1564.0,1.848239045498551e-07,1570.0,BID
1288,1712460030.5733347,649927.58737262,1564.0,0.0,1570.0,BID
1289,1712460033.7582283,650055.4007038,1564.0,3.175882683390007e-08,1570.0,BID
1290,1712460038.3586257,650421.6116413,1563.0,-9.09954356197928e-08,1570.0,ASK
1291,1712460060.838092,650421.6116413,1563.0,-0.0,1570.0,ASK
1292,1712460087.6083517,650428.00959395,1564.0,1.589446766942822e-09,1570.0,BID
1293,1712460090.8687303,650428.00959395,1564.0,0.0,1570.0,BID
1294,1712460109.958324,650434.46120685,1563.0,-1.6027736269659202e-09,1570.0,ASK
1295,1712460117.1193523,651434.46120685,1564.0,2.484299123034997e-07,1570.0,BID
1296,1712460120.5553412,651434.46120685,1564.0,0.0,1570.0,BID
1297,1712460124.848612,652730.70120685,1564.0,3.218989111102448e-07,1570.0,BID
1298,1712460138.9381127,652867.00179936,1564.0,3.3847908036058176e-08,1570.0,BID
1299,1712460146.9286418,653435.48673847,1564.0,1.4117345775634452e-07,1570.0,BID
1300,1712460150.5765998,653435.48673847,1564.0,0.0,1570.0,BID
1301,1712460155.0183086,654746.39673847,1564.0,3.252891440191644e-07,1570.0,BID
1302,1712460164.2583828,658186.28823047,1564.0,8.535745085105649e-07,1570.0,BID
1303,1712460164.2982092,661234.14377647,1564.0,7.56294727824526e-07,1570.0,BID
1304,1712460164.3009634,666874.22818647,1564.0,1.3995302728065651e-06,1570.0,BID
1305,1712460164.3981662,668644.22818647,1564.0,4.392077144227734e-07,1570.0,BID
1306,1712460164.9186056,669954.32818647,1564.0,3.250881506583419e-07,1570.0,BID
1307,1712460166.1788273,683442.56233415,1564.0,3.346969769266516e-06,1570.0,BID
1308,1712460166.182247,683474.53164347,1564.0,7.932862869012403e-09,1570.0,BID
1309,1712460166.26078,683474.53164362,1564.0,3.720683252053036e-17,1570.0,BID
1310,1712460173.2686665,684039.86232406,1566.0,1.4028112771138506e-07,1570.0,BID
1311,1712460173.2721202,684043.05581065,1566.0,7.9243160802634e-10,1570.0,BID
1312,1712460180.8252122,684043.05581065,1566.0,0.0,1570.0,BID
1313,1712460193.1284657,684046.24929724,1566.0,7.83128975040562e-10,1570.0,BID
1314,1712460207.6492698,684066.87882921,1566.0,5.058917196478888e-09,1570.0,BID
1315,1712460210.8482378,684066.87882921,1566.0,0.0,1570.0,BID
1316,1712460240.553653,684066.87882921,1566.0,0.0,1570.0,BID
1317,1712460270.5855474,684066.87882921,1566.0,0.0,1570.0,BID
1318,1712460293.1081965,684450.02314466,1566.0,9.395645215699837e-08,1570.0,BID
1319,1712460300.8787892,684450.02314466,1566.0,0.0,1570.0,BID
1320,1712460322.1282918,684542.13992152,1566.0,2.2755440331448087e-08,1570.0,BID
1321,1712460330.8485036,684542.13992152,1566.0,0.0,1570.0,BID
1322,1712460360.7762167,684633.43700993,1566.0,2.2552150533855565e-08,1570.0,BID
1323,1712460360.7791493,686932.66644252,1566.0,5.67954237957457e-07,1570.0,BID
1324,1712460360.8129027,686932.66644252,1566.0,0.0,1570.0,BID
1325,1712460390.8480878,686932.66644252,1566.0,0.0,1570.0,BID
1326,1712460420.5670145,686932.66644252,1566.0,0.0,1570.0,BID
1327,1712460427.908528,690125.51574009,1566.0,7.879670073764558e-07,1570.0,BID
1328,1712460446.9485178,690930.66616615,1566.0,1.987040140582845e-07,1570.0,BID
1329,1712460447.8781188,692739.88378239,1566.0,4.464989286673767e-07,1570.0,BID
1330,1712460447.8808975,693378.45338648,1566.0,1.5759333843888817e-07,1570.0,BID
1331,1712460450.5367389,693378.45338648,1566.0,0.0,1570.0,BID
1332,1712460461.0687635,693533.43738648,1566.0,-3.8153636509303344e-08,1570.0,ASK
1333,1712460467.758015,693565.07438648,1566.0,-7.788330396969622e-09,1570.0,ASK
1334,1712460470.2184346,693717.45038648,1566.0,-3.751160453167369e-08,1570.0,ASK
1335,1712460477.6484966,694355.57338648,1566.0,-1.5709178360487768e-07,1570.0,ASK
1336,1712460480.8082333,694355.57338648,1566.0,-0.0,1570.0,ASK
1337,1712460485.4884834,694440.88296069,1566.0,-2.099342420242884e-08,1570.0,ASK
1338,1712460485.491326,694546.98538648,1566.0,-2.6110237381266986e-08,1570.0,ASK
1339,1712460489.4592133,694640.07329992,1567.0,-2.2907558419576173e-08,1570.0,ASK
1340,1712460490.8480773,695185.14729992,1567.0,-1.3413464795347716e-07,1570.0,ASK
1341,1712460510.8182216,695185.14729992,1567.0,-0.0,1570.0,ASK
1342,1712460517.478925,695185.14747965,1567.0,-4.4214753731470446e-14,1570.0,ASK
1343,1712460517.482831,695368.97520645,1567.0,-4.5222819650685065e-08,1570.0,ASK
1344,1712460517.7793343,695928.83920645,1567.0,-1.3773019523034526e-07,1570.0,ASK
1345,1712460520.1584208,695988.97720645,1567.0,-1.4794340198245397e-08,1570.0,ASK
1346,1712460521.8081028,696024.90720645,1567.0,-8.839014322465514e-09,1570.0,ASK
1347,1712460524.2660532,696662.85620645,1567.0,-1.5693961447243837e-07,1570.0,ASK
1348,1712460526.1085768,697300.75320645,1567.0,-1.56926822133307e-07,1570.0,ASK
1349,1712460540.53064,697300.75320645,1567.0,-0.0,1570.0,ASK
1350,1712460546.4984171,697743.31447145,1567.0,-1.0878423847042037e-07,1570.0,ASK
1351,1712460546.5024374,697760.59320645,1567.0,-4.247217678891855e-09,1570.0,ASK
1352,1712460548.509993,698220.59320645,1567.0,-1.1307078511805697e-07,1570.0,ASK
1353,1712460559.831969,698243.31447145,1567.0,-5.58502450528701e-09,1570.0,ASK
1354,1712460570.559812,698243.31447145,1567.0,-0.0,1570.0,ASK
1355,1712460600.6313298,698243.31447145,1567.0,-0.0,1570.0,ASK
1356,1712460613.3684947,699305.85485081,1566.0,-2.617444858703514e-07,1570.0,ASK
1357,1712460630.540743,699305.85485081,1566.0,-0.0,1570.0,ASK
1358,1712460642.20832,699312.30646371,1567.0,-1.5886287657022967e-09,1570.0,ASK
1359,1712460657.589244,699587.6817798,1567.0,-6.780771805203869e-08,1570.0,ASK
1360,1712460657.5924437,700917.7617798,1567.0,-3.275155192094287e-07,1570.0,ASK
1361,1712460660.7917693,700917.7617798,1567.0,-0.0,1570.0,ASK
1362,1712460690.8448284,700917.7617798,1567.0,-0.0,1570.0,ASK
1363,1712460710.2331924,700922.0274198,1568.0,1.0497074767822466e-09,1570.0,BID
1364,1712460720.5380583,700922.0274198,1568.0,0.0,1570.0,BID
1365,1712460750.5806365,700922.0274198,1568.0,0.0,1570.0,BID
1366,1712460752.4667077,700928.40497082,1569.0,1.569413258104936e-09,1570.0,BID
1367,1712460780.8184738,700928.40497082,1569.0,0.0,1570.0,BID
1368,1712460787.281314,700992.13983379,1569.0,1.5684091327780974e-08,1570.0,BID
1369,1712460810.858138,700992.13983379,1569.0,0.0,1570.0,BID
1370,1712460840.5626836,700992.13983379,1569.0,0.0,1570.0,BID
1371,1712460870.5811274,700992.13983379,1569.0,0.0,1570.0,BID
1372,1712460900.8422754,700992.13983379,1569.0,0.0,1570.0,BID
1373,1712460924.1885073,701059.65195113,1568.0,1.66653052630412e-08,1570.0,BID
1374,1712460930.8410318,701059.65195113,1568.0,0.0,1570.0,BID
1375,1712460954.1793067,701298.90625872,1567.0,-5.905816673780291e-08,1570.0,ASK
1376,1712460960.551059,701298.90625872,1567.0,-0.0,1570.0,ASK
1377,1712460969.0412364,701305.28787965,1568.0,1.5751104391678603e-09,1570.0,BID
1378,1712460976.9686775,701337.1796526,1568.0,7.871521208751674e-09,1570.0,BID
1379,1712460990.581359,701337.1796526,1568.0,0.0,1570.0,BID
1380,1712461020.8414006,701337.1796526,1568.0,0.0,1570.0,BID
1381,1712461050.8386114,701337.1796526,1568.0,0.0,1570.0,BID
1382,1712461080.5882063,701337.1796526,1568.0,0.0,1570.0,BID
1383,1712461110.3701034,701400.04125974,1568.0,1.5515259854790648e-08,1570.0,BID
1384,1712461110.6017573,701400.04125974,1568.0,0.0,1570.0,BID
1385,1712461140.839581,701400.04125974,1568.0,0.0,1570.0,BID
1386,1712461170.8530486,701400.04125974,1568.0,0.0,1570.0,BID
1387,1712461200.512647,701419.19500322,1566.0,-4.727338216766433e-09,1570.0,ASK
1388,1712461200.5881531,701419.19500322,1566.0,-0.0,1570.0,ASK
1389,1712461224.208851,701431.39845459,1566.0,-3.026127303263202e-09,1570.0,ASK
1390,1712461224.2131906,706750.42886053,1566.0,-1.3189763002509515e-06,1570.0,ASK
1391,1712461230.5463188,706750.42886053,1566.0,-0.0,1570.0,ASK
1392,1712461255.6985402,707006.34886053,1566.0,6.333015849765989e-08,1570.0,BID
1393,1712461260.9122488,707006.34886053,1566.0,0.0,1570.0,BID
1394,1712461271.7389922,707006.35540513,1566.0,1.6193711111331669e-12,1570.0,BID
1395,1712461290.8319757,707006.35540513,1566.0,0.0,1570.0,BID
1396,1712461320.6083834,707006.35540513,1566.0,0.0,1570.0,BID
1397,1712461350.394846,707017.31182131,1566.0,-2.711014237176376e-09,1570.0,ASK
1398,1712461350.532359,707017.31182131,1566.0,-0.0,1570.0,ASK
1399,1712461380.831715,707017.31182131,1566.0,-0.0,1570.0,ASK
1400,1712461410.8403826,707017.31182131,1566.0,-0.0,1570.0,ASK
1401,1712461440.5285163,707017.31182131,1566.0,-0.0,1570.0,ASK
1402,1712461470.598152,707017.31182131,1566.0,-0.0,1570.0,ASK
1403,1712461500.5965872,707017.31182131,1566.0,-0.0,1570.0,ASK
1404,1712461503.792206,707663.69443727,1567.0,-1.602449267842752e-07,1570.0,ASK
1405,1712461514.6292827,707695.62291747,1566.0,-7.915400021059234e-09,1570.0,ASK
1406,1712461514.6328063,710657.24179764,1566.0,-7.342159100470962e-07,1570.0,ASK
1407,1712461530.5424762,710657.24179764,1566.0,-0.0,1570.0,ASK
1408,1712461560.8315408,710657.24179764,1566.0,-0.0,1570.0,ASK
1409,1712461585.159135,710977.6017018,1565.0,-7.930844398917553e-08,1570.0,ASK
1410,1712461585.163497,711157.24179764,1565.0,-4.447178405952524e-08,1570.0,ASK
1411,1712461590.8288083,711157.24179764,1565.0,-0.0,1570.0,ASK
1412,1712461601.343168,715622.27493738,1565.0,-1.1051515549625471e-06,1570.0,ASK
1413,1712461620.533253,715622.27493738,1565.0,-0.0,1570.0,ASK
1414,1712461650.5592344,715622.27493738,1565.0,-0.0,1570.0,ASK
1415,1712461680.8488688,715622.27493738,1565.0,-0.0,1570.0,ASK
1416,1712461710.8226595,715622.27493738,1565.0,-0.0,1570.0,ASK
1417,1712461736.4086125,715628.6524884,1567.0,1.5757982129214183e-09,1570.0,BID
1418,1712461740.5616343,715628.6524884,1567.0,0.0,1570.0,BID
1419,1712461763.09719,715657.05453051,1567.0,7.017705784787301e-09,1570.0,BID
1420,1712461770.5725226,715657.05453051,1567.0,0.0,1570.0,BID
1421,1712461800.6524682,715657.05453051,1567.0,0.0,1570.0,BID
1422,1712461823.0087364,718041.05578484,1566.0,-5.890596021925279e-07,1570.0,ASK
1423,1712461830.611266,718041.05578484,1566.0,-0.0,1570.0,ASK
1424,1712461831.679031,718249.42692668,1566.0,-5.1438689313101406e-08,1570.0,ASK
1425,1712461833.6685524,721443.5041936,1566.0,7.884928149085687e-07,1570.0,BID
1426,1712461860.8392088,721443.5041936,1566.0,0.0,1570.0,BID
1427,1712461890.823612,721443.5041936,1566.0,0.0,1570.0,BID
1428,1712461897.0819612,722078.62644464,1565.0,-1.565808997138048e-07,1570.0,ASK
1429,1712461920.552868,722078.62644464,1565.0,-0.0,1570.0,ASK
1430,1712461950.5898592,722078.62644464,1565.0,-0.0,1570.0,ASK
1431,1712461954.7893424,723047.88750752,1565.0,-2.388998143108007e-07,1570.0,ASK
1432,1712461954.7932816,724964.82041486,1565.0,-4.7247839942010004e-07,1570.0,ASK
1433,1712461954.9487245,725078.51649034,1565.0,2.802338024321531e-08,1570.0,BID
1434,1712461955.858525,725142.81849034,1565.0,1.5848914650686062e-08,1570.0,BID
1435,1712461970.4808593,725251.31849034,1565.0,2.6742671139292167e-08,1570.0,BID
1436,1712461980.59579,725251.31849034,1565.0,0.0,1570.0,BID
1437,1712461999.4988277,725264.09804305,1565.0,3.146005851993713e-09,1570.0,BID
1438,1712462010.585795,725264.09804305,1565.0,0.0,1570.0,BID
1439,1712462019.0423958,725273.51462355,1565.0,2.3181148961023343e-09,1570.0,BID
1440,1712462019.0485487,725502.29204305,1565.0,5.631899435648744e-08,1570.0,BID
1441,1712462019.1517568,728187.51449138,1565.0,6.610312689245559e-07,1570.0,BID
1442,1712462031.8124905,728287.33179498,1565.0,2.457239954194065e-08,1570.0,BID
1443,1712462040.8513882,728287.33179498,1565.0,0.0,1570.0,BID
1444,1712462060.1889253,728293.72157133,1567.0,1.5711651861859498e-09,1570.0,BID
1445,1712462070.848732,728293.72157133,1567.0,0.0,1570.0,BID
1446,1712462100.5031476,728293.72157133,1567.0,0.0,1570.0,BID
1447,1712462115.9489293,728300.10319226,1567.0,1.573962010652638e-09,1570.0,BID
1448,1712462130.5332773,728300.10319226,1567.0,0.0,1570.0,BID
1449,1712462135.6693127,728312.86643412,1567.0,3.147916257260721e-09,1570.0,BID
1450,1712462140.780023,731762.76899639,1567.0,8.508813419729955e-07,1570.0,BID
1451,1712462140.7878077,734363.88359353,1568.0,6.415369243309012e-07,1570.0,BID
1452,1712462140.7902193,734690.41745453,1567.0,8.053606292708173e-08,1570.0,BID
1453,1712462146.962121,734703.17255657,1568.0,3.145908658262978e-09,1570.0,BID
1454,1712462160.828844,734703.17255657,1568.0,0.0,1570.0,BID
1455,1712462190.831506,734703.17255657,1568.0,0.0,1570.0,BID
1456,1712462199.688938,735659.80520963,1568.0,2.3536055515554546e-07,1570.0,BID
1457,1712462220.563522,735659.80520963,1568.0,0.0,1570.0,BID
1458,1712462239.262334,735978.68276065,1568.0,7.842457615995767e-08,1570.0,BID
1459,1712462250.5401037,735978.68276065,1568.0,0.0,1570.0,BID
1460,1712462272.7812035,736062.86844303,1568.0,2.0702036452756303e-08,1570.0,BID
1461,1712462272.7848976,736711.22274065,1568.0,1.5943630703170566e-07,1570.0,BID
1462,1712462280.8390124,736711.22274065,1568.0,0.0,1570.0,BID
1463,1712462310.8188868,736711.22274065,1568.0,0.0,1570.0,BID
1464,1712462311.908873,736764.397139,1568.0,1.3072383045723135e-08,1570.0,BID
1465,1712462312.0690355,736781.37580187,1568.0,-4.174030953388197e-09,1570.0,ASK
1466,1712462335.0896814,738056.88600595,1568.0,3.135711636395529e-07,1570.0,BID
1467,1712462340.551464,738056.88600595,1568.0,0.0,1570.0,BID
1468,1712462370.530717,738056.88600595,1568.0,0.0,1570.0,BID
1469,1712462387.9244783,738063.26762688,1567.0,1.5680429855766175e-09,1570.0,BID
1470,1712462400.712695,738063.26762688,1567.0,0.0,1570.0,BID
1471,1712462430.5936146,738063.26762688,1567.0,0.0,1570.0,BID
1472,1712462433.4492486,740167.53226135,1566.0,-5.18256515166813e-07,1570.0,ASK
1473,1712462460.8387532,740167.53226135,1566.0,-0.0,1570.0,ASK
1474,1712462467.83871,740486.61330793,1567.0,7.852231519662812e-08,1570.0,BID
1475,1712462490.8435712,740486.61330793,1567.0,0.0,1570.0,BID
1476,1712462507.9087603,740492.99492886,1567.0,1.5702530925929775e-09,1570.0,BID
1477,1712462520.5841413,740492.99492886,1567.0,0.0,1570.0,BID
1478,1712462531.028818,740688.15325269,1567.0,4.802027742775936e-08,1570.0,BID
1479,1712462532.5388606,740709.54396129,1567.0,5.263356136660503e-09,1570.0,BID
1480,1712462550.5632043,740709.54396129,1567.0,0.0,1570.0,BID
1481,1712462580.8437898,740709.54396129,1567.0,0.0,1570.0,BID
1482,1712462600.2395642,740773.64652539,1566.0,-1.5771635333527353e-08,1570.0,ASK
1483,1712462610.8390613,740773.64652539,1566.0,-0.0,1570.0,ASK
1484,1712462640.5748715,740773.64652539,1566.0,-0.0,1570.0,ASK
1485,1712462670.5118043,740773.64652539,1566.0,-0.0,1570.0,ASK
1486,1712462671.219731,741408.76877643,1567.0,1.5626003859199384e-07,1570.0,BID
1487,1712462671.3021612,741916.52877498,1567.0,1.249249208935032e-07,1570.0,BID
1488,1712462671.306094,742385.80833639,1567.0,1.154575237385722e-07,1570.0,BID
1489,1712462671.399481,743020.93058743,1567.0,1.5626003859199384e-07,1570.0,BID
1490,1712462684.5691738,743052.83869208,1567.0,7.850396763517487e-09,1570.0,BID
1491,1712462684.628864,743084.74679673,1567.0,7.850396763517487e-09,1570.0,BID
1492,1712462684.6726172,743116.65490138,1567.0,7.850396763517487e-09,1570.0,BID
1493,1712462700.8433185,743116.65490138,1567.0,0.0,1570.0,BID
1494,1712462704.519611,743129.41814324,1567.0,3.263700206464797e-09,1570.0,BID
1495,1712462730.844417,743129.41814324,1567.0,0.0,1570.0,BID
1496,1712462738.129258,744423.18232865,1567.0,3.308279268593308e-07,1570.0,BID
1497,1712462738.1405096,744659.32814324,1567.0,6.03847526143529e-08,1570.0,BID
1498,1712462760.5422,744659.32814324,1567.0,0.0,1570.0,BID
1499,1712462790.584574,744659.32814324,1567.0,0.0,1570.0,BID
1500,1712462798.3013835,744732.92814323,1567.0,1.8808696513968345e-08,1570.0,BID
1501,1712462820.8185468,744732.92814323,1567.0,0.0,1570.0,BID
1502,1712462822.531933,744739.30976416,1567.0,-1.630793937336346e-09,1570.0,ASK
1503,1712462850.8311362,744739.30976416,1567.0,-0.0,1570.0,ASK
1504,1712462880.8240693,744739.30976416,1567.0,-0.0,1570.0,ASK
1505,1712462910.8495915,744739.30976416,1567.0,-0.0,1570.0,ASK
1506,1712462940.5824096,744739.30976416,1567.0,-0.0,1570.0,ASK
1507,1712462948.3589976,744930.66271563,1567.0,4.88992434883674e-08,1570.0,BID
1508,1712462970.5828052,744930.66271563,1567.0,0.0,1570.0,BID
1509,1712462987.2004373,745318.41273263,1566.0,-9.90798918704826e-08,1570.0,ASK
1510,1712462987.2591214,745318.41273303,1566.0,-1.0221084922728347e-16,1570.0,ASK
1511,1712463000.6387904,745318.41273303,1566.0,-0.0,1570.0,ASK
1512,1712463020.639271,745358.31944229,1565.0,-1.0198865960867104e-08,1570.0,ASK
1513,1712463020.644155,745510.10602376,1565.0,-3.87917477481553e-08,1570.0,ASK
1514,1712463030.5489006,745510.10602376,1565.0,-0.0,1570.0,ASK
1515,1712463038.5493183,749337.10410682,1565.0,-9.779821216231584e-07,1570.0,ASK
1516,1712463038.5542555,753657.3653492,1565.0,-1.1040345890141824e-06,1570.0,ASK
1517,1712463042.3989985,753714.3653492,1564.0,-1.4566242188433149e-08,1570.0,ASK
1518,1712463055.008654,754555.69948241,1564.0,-2.150013464163593e-07,1570.0,ASK
1519,1712463060.835161,754555.69948241,1564.0,-0.0,1570.0,ASK
1520,1712463090.8689337,754555.69948241,1564.0,-0.0,1570.0,ASK
