,time,acc_trade_volume,trade_price,dev,high,ask_bid
0,1712451675.082484,167659.78745819,785.5,0.0,787.0,BID
1,1712451690.7751548,167659.78745819,785.5,0.0,787.0,BID
2,1712451720.5146255,167659.78745819,785.5,0.0,787.0,BID
3,1712451750.737826,167659.78745819,785.5,0.0,787.0,BID
4,1712451780.7912245,167659.78745819,785.5,0.0,787.0,BID
5,1712451810.7748036,167659.78745819,785.5,0.0,787.0,BID
6,1712451822.1519592,167676.6896593,785.5,1.2496201249005516e-08,787.0,BID
7,1712451822.153042,167685.49592413,785.5,6.510682061554313e-09,787.0,BID
8,1712451835.5542717,167842.05189703,785.5,1.1574557250621257e-07,787.0,BID
9,1712451840.5180097,167842.05189703,785.5,0.0,787.0,BID
10,1712451857.6860547,167920.32988348,785.5,5.786666117962639e-08,787.0,BID
11,1712451857.7841582,167985.84301194,785.5,4.84302954041088e-08,787.0,BID
12,1712451861.9045334,167998.60299662,785.8,9.432763202277284e-09,787.0,BID
13,1712451861.9056103,168081.53800776,785.9,6.130934643589548e-08,787.0,BID
14,1712451862.804079,168177.23137997,785.9,7.074090939153465e-08,787.0,BID
15,1712451867.584463,169929.88077996,786.1,1.29563844952338e-06,787.0,BID
16,1712451867.5858428,169929.88077997,785.9,7.401118768145549e-18,787.0,BID
17,1712451869.67439,171682.53017998,786.1,1.2956384495381822e-06,787.0,BID
18,1712451870.550099,171682.53017998,786.1,0.0,787.0,BID
19,1712451900.7861536,171682.53017998,786.1,0.0,787.0,BID
20,1712451905.3658457,171755.37393503,786.1,-5.395418956715719e-08,787.0,ASK
21,1712451906.2379975,171855.37393503,786.1,-7.406838037129967e-08,787.0,ASK
22,1712451911.372261,171855.3739358,786.1,5.7032656025941175e-16,787.0,BID
23,1712451911.373445,177203.9301508,786.1,3.9615889616990025e-06,787.0,BID
24,1712451911.5446177,177216.6285635,787.5,9.405508619755828e-09,787.5,BID
25,1712451911.5456843,177358.46902266,787.9,1.0505893081101409e-07,787.9,BID
26,1712451911.787107,178351.32616565,787.5,-7.353932052134655e-07,787.9,ASK
27,1712451930.7678428,178351.32616565,787.5,-0.0,787.9,ASK
28,1712451935.1443298,178409.58369368,786.0,-4.298345333846284e-08,787.9,ASK
29,1712451960.5477407,178409.58369368,786.0,-0.0,787.9,ASK
30,1712451985.2644124,178473.02741909,788.1,4.680834174393564e-08,788.1,BID
31,1712451990.5436642,178473.02741909,788.1,0.0,788.1,BID
32,1712452020.8335423,178473.02741909,788.1,0.0,788.1,BID
33,1712452043.0543177,179038.94544979,788.1,4.175150064032549e-07,788.1,BID
34,1712452050.7946,179038.94544979,788.1,0.0,788.1,BID
35,1712452051.7943711,184161.24982581,788.1,3.7778182606682745e-06,788.1,BID
36,1712452051.7958715,192496.06284972,788.1,6.147117884753363e-06,788.1,BID
37,1712452080.5155573,192496.06284972,788.1,0.0,788.1,BID
38,1712452110.5546591,192496.06284972,788.1,0.0,788.1,BID
39,1712452140.7551837,192496.06284972,788.1,0.0,788.1,BID
40,1712452170.8077502,192496.06284972,788.1,0.0,788.1,BID
41,1712452200.6126077,192496.06284972,788.1,0.0,788.1,BID
42,1712452230.5679004,192496.06284972,788.1,0.0,788.1,BID
43,1712452230.994269,193880.64313679,787.5,1.028863463709366e-06,788.1,BID
44,1712452260.794853,193880.64313679,787.5,0.0,788.1,BID
45,1712452290.8076718,193880.64313679,787.5,0.0,788.1,BID
46,1712452299.9543998,194418.54726377,787.5,-3.993859120424997e-07,788.1,ASK
47,1712452299.9561498,194425.74874239,787.5,-5.346992079893212e-09,788.1,ASK
48,1712452310.9343555,196825.74874238,787.5,1.7819647420806363e-06,788.1,BID
49,1712452315.9541109,197552.09794872,787.5,5.393036150589686e-07,788.1,BID
50,1712452319.914671,197996.09794872,787.4,3.296634772862889e-07,788.1,BID
51,1712452319.9166691,198118.50353602,787.5,9.088435033465028e-08,788.1,BID
52,1712452320.5163114,198118.50353602,787.5,0.0,788.1,BID
53,1712452326.414533,199598.63052014,787.5,1.0962561563537834e-06,788.1,BID
54,1712452350.6123233,199598.63052014,787.5,0.0,788.1,BID
55,1712452380.7884345,199598.63052014,787.5,0.0,788.1,BID
56,1712452410.7742712,199598.63052014,787.5,0.0,788.1,BID
57,1712452418.7075672,199725.64690525,787.3,9.399354989717417e-08,788.1,BID
58,1712452440.6159923,199725.64690525,787.3,0.0,788.1,BID
59,1712452446.854374,200360.72883081,787.0,4.699329739259792e-07,788.1,BID
60,1712452470.566768,200360.72883081,787.0,0.0,788.1,BID
61,1712452500.5611525,200360.72883081,787.0,0.0,788.1,BID
62,1712452520.1099248,200991.50881781,787.0,4.679130935868232e-07,788.1,BID
63,1712452520.1641283,201000.31508189,787.0,6.5324936642463675e-09,788.1,BID
64,1712452520.1657426,203546.39726081,787.0,1.888685775417124e-06,788.1,BID
65,1712452520.20402,203546.39726157,787.0,5.637815300113306e-16,788.1,BID
66,1712452530.531283,203546.39726157,787.0,0.0,788.1,BID
67,1712452560.766447,203546.39726157,787.0,0.0,788.1,BID
68,1712452565.504039,237721.4962339,787.5,2.530405537850737e-05,788.1,BID
69,1712452565.5143695,239494.4962339,788.0,1.3127713316183214e-06,788.1,BID
70,1712452565.5161042,251367.84808729,788.1,8.791311857500103e-06,788.1,BID
71,1712452565.5178294,252978.84808729,788.4,1.19282268202883e-06,788.4,BID
72,1712452565.519573,254174.69158118,788.7,8.854309395832294e-07,788.7,BID
73,1712452565.5212705,257106.69158118,788.4,2.1709224728172128e-06,788.7,BID
74,1712452590.8106737,257106.69158118,788.4,0.0,788.7,BID
75,1712452620.564947,257106.69158118,788.4,0.0,788.7,BID
76,1712452650.540072,257106.69158118,788.4,0.0,788.7,BID
77,1712452680.7993357,257106.69158118,788.4,0.0,788.7,BID
78,1712452710.79992,257106.69158118,788.4,0.0,788.7,BID
79,1712452740.5311046,257106.69158118,788.4,0.0,788.7,BID
80,1712452766.81401,257236.66012864,788.4,9.331657652733557e-08,788.7,BID
81,1712452770.5421016,257236.66012864,788.4,0.0,788.7,BID
82,1712452800.5968883,257236.66012864,788.4,0.0,788.7,BID
83,1712452830.511331,257236.66012864,788.4,0.0,788.7,BID
84,1712452842.9854534,257353.79729626,788.3,8.4111186012475e-08,788.7,BID
85,1712452842.9868326,257363.49929657,788.4,6.9665911285759824e-09,788.7,BID
86,1712452860.8173273,257363.49929657,788.4,0.0,788.7,BID
87,1712452863.1640844,257501.74118439,788.4,9.925845571080245e-08,788.7,BID
88,1712452863.165474,258630.62321812,788.4,8.105436717820054e-07,788.7,BID
89,1712452890.793386,258630.62321812,788.4,0.0,788.7,BID
90,1712452891.7939734,258644.42695944,788.4,9.904060114515532e-09,788.7,BID
91,1712452891.7955132,259616.57321696,788.4,6.975061870091935e-07,788.7,BID
92,1712452915.0239894,259937.73645526,788.4,2.304317318729517e-07,788.7,BID
93,1712452915.02569,260174.66555587,788.4,1.699944964861355e-07,788.7,BID
94,1712452917.0340953,260297.66552874,788.4,8.825137309859572e-08,788.7,BID
95,1712452917.0360923,261950.20430031,788.5,1.1856816898962467e-06,788.7,BID
96,1712452920.5494237,261950.20430031,788.5,0.0,788.7,BID
97,1712452950.5191853,261950.20430031,788.5,0.0,788.7,BID
98,1712452963.1428027,280022.20430031,788.5,1.294219307017778e-05,788.7,BID
99,1712452963.1485689,280022.20870658,788.5,3.155533251254036e-12,788.7,BID
100,1712452963.1542826,281147.45599358,788.7,8.058415028800255e-07,788.7,BID
101,1712452963.1623995,281920.88061656,788.7,5.53885059530582e-07,788.7,BID
102,1712452963.1693523,281920.88061725,788.7,4.941362632665683e-16,788.7,BID
103,1712452963.1702144,282384.97832125,788.7,3.323617800240374e-07,788.7,BID
104,1712452980.810326,282384.97832125,788.7,0.0,788.7,BID
105,1712452980.90551,282397.65741342,788.7,-8.976498880251068e-09,788.7,ASK
106,1712452980.9073637,282622.78422591,788.7,-1.593844853512008e-07,788.7,ASK
107,1712452993.4339695,282771.93134457,788.7,1.055926501437315e-07,788.7,BID
108,1712452993.4359016,283970.70259315,789.0,8.487018334041597e-07,789.0,BID
109,1712452998.925383,284649.63785779,789.0,4.806701900343542e-07,789.0,BID
110,1712453001.2240927,284660.63785779,789.0,7.787741137856146e-09,789.0,BID
111,1712453003.8739378,284900.18845469,789.0,1.6959618527964297e-07,789.0,BID
112,1712453010.8086238,284900.18845469,789.0,0.0,789.0,BID
113,1712453015.3340347,284911.96711392,789.0,8.327314523776676e-09,789.0,BID
114,1712453015.3437233,285318.56424969,789.0,2.874573555356784e-07,789.0,BID
115,1712453020.10747,285318.56425046,789.0,5.443976914393596e-16,789.0,BID
116,1712453040.5065868,285318.56425046,789.0,0.0,789.0,BID
117,1712453048.0937958,285526.29435168,789.0,-1.468274317894233e-07,789.0,ASK
118,1712453048.09511,285716.40841946,789.0,-1.3437609742280202e-07,789.0,ASK
119,1712453052.7838876,285716.4084201,789.0,-4.52358912009681e-16,789.0,ASK
120,1712453053.238839,286222.3193892,788.9,3.575871184330628e-07,789.0,BID
121,1712453053.3363562,286603.3765052,789.6,-2.693381333700787e-07,789.6,ASK
122,1712453062.583701,286730.1192172,789.0,-8.9584065052172e-08,789.6,ASK
123,1712453070.519598,286730.1192172,789.0,-0.0,789.6,ASK
124,1712453075.9337723,286740.11921691,788.1,-7.062621991458195e-09,789.6,ASK
125,1712453075.9437342,286740.1192172,789.0,-2.0480938128780728e-16,789.6,ASK
126,1712453079.4642186,286857.0066682,788.1,-8.255319058980635e-08,789.6,ASK
127,1712453100.7994308,286857.0066682,788.1,-0.0,789.6,ASK
128,1712453118.4739256,286857.00666832,788.1,-8.503614037965885e-17,789.6,ASK
129,1712453118.4759822,289399.0359962,788.1,-1.8018803855963264e-06,789.6,ASK
130,1712453118.5138953,289399.03599625,788.1,-3.5442040070901e-17,789.6,ASK
131,1712453125.948255,289779.69834825,788.1,-2.698269520658208e-07,789.6,ASK
132,1712453130.4769237,291095.95288376,788.1,-9.330078154391672e-07,789.6,ASK
133,1712453130.4849682,291095.95288425,788.1,-3.4732374076466196e-16,789.6,ASK
134,1712453130.5250564,291095.95288496,788.1,-5.0328522093696265e-16,789.6,ASK
135,1712453130.81354,291095.95288496,788.1,-0.0,789.6,ASK
136,1712453160.5665035,291095.95288496,788.1,-0.0,789.6,ASK
137,1712453190.5681643,291095.95288496,788.1,-0.0,789.6,ASK
138,1712453216.624053,291125.95288496,788.1,-2.121482507437856e-08,789.6,ASK
139,1712453220.792371,291125.95288496,788.1,-0.0,789.6,ASK
140,1712453245.5448987,292901.70123605,788.4,1.2557186932819949e-06,789.6,BID
141,1712453246.673622,296442.18451705,788.4,2.50364925665006e-06,789.6,BID
142,1712453246.7538683,296442.18451797,788.4,6.50598510097544e-16,789.6,BID
143,1712453246.7556708,301811.74801505,788.5,3.797081525605336e-06,789.6,BID
144,1712453246.7737193,304359.20753905,788.5,1.8014334872970524e-06,789.6,BID
145,1712453246.774975,306376.31295205,788.5,1.426394101320494e-06,789.6,BID
146,1712453247.7442622,308393.41836505,788.5,1.426394101320494e-06,789.6,BID
147,1712453250.8219504,308393.41836505,788.5,0.0,789.6,BID
148,1712453280.8243313,308393.41836505,788.5,0.0,789.6,BID
149,1712453310.8024411,308393.41836505,788.5,0.0,789.6,BID
150,1712453319.9336798,310110.66914023,788.5,1.202772214146241e-06,789.6,BID
151,1712453322.143577,310676.30008506,788.5,3.961711322165617e-07,789.6,BID
152,1712453340.5441823,310676.30008506,788.5,0.0,789.6,BID
153,1712453360.9738634,310952.15181807,788.5,1.929648397360731e-07,789.6,BID
154,1712453362.0552871,312396.5398967,788.5,1.010383770543371e-06,789.6,BID
155,1712453370.582749,312396.5398967,788.5,0.0,789.6,BID
156,1712453400.6963952,312396.5398967,788.5,0.0,789.6,BID
157,1712453414.7886336,313030.5398967,788.4,-4.434015933016072e-07,789.6,ASK
158,1712453414.9184136,313030.6553057,788.4,-8.071377679844952e-11,789.6,ASK
159,1712453427.529986,313157.6394317,787.5,-8.88090911552007e-08,789.6,ASK
160,1712453427.9047778,313157.63943268,787.5,-6.853731016414212e-16,789.6,ASK
161,1712453430.5734365,313157.63943268,787.5,-0.0,789.6,ASK
162,1712453446.66638,313644.83652427,786.7,3.405889047971038e-07,789.6,BID
163,1712453446.7534814,313814.75002235,786.7,1.1878283598212573e-07,789.6,BID
164,1712453460.825138,313814.75002235,786.7,0.0,789.6,BID
165,1712453481.0844092,313834.63883115,786.7,1.3898811386499518e-08,789.6,BID
166,1712453490.8883486,313834.63883115,786.7,0.0,789.6,BID
167,1712453502.89011,314215.25288849,788.2,2.659799893016176e-07,789.6,BID
168,1712453520.530727,314215.25288849,788.2,0.0,789.6,BID
169,1712453550.57606,314215.25288849,788.2,0.0,789.6,BID
170,1712453563.676447,314278.50399538,788.2,-4.4191753228620896e-08,789.6,ASK
171,1712453564.3562553,315756.75383685,788.5,1.0328112094237742e-06,789.6,BID
172,1712453580.8140085,315756.75383685,788.5,0.0,789.6,BID
173,1712453582.7872171,318048.6917945,788.5,1.5999533165028076e-06,789.6,BID
174,1712453582.7884395,318294.18088582,788.5,1.7137073214034625e-07,789.6,BID
175,1712453601.4536684,318420.87720791,788.5,8.844401744820157e-08,789.6,BID
176,1712453610.8362458,318420.87720791,788.5,0.0,789.6,BID
177,1712453640.5788388,318420.87720791,788.5,0.0,789.6,BID
178,1712453649.1440587,324746.88002928,788.5,4.409582175341857e-06,789.6,BID
179,1712453670.576026,324746.88002928,788.5,0.0,789.6,BID
180,1712453677.2137854,324758.89047975,788.5,8.342955980290422e-09,789.6,BID
181,1712453700.8582883,324758.89047975,788.5,0.0,789.6,BID
182,1712453730.803641,324758.89047975,788.5,0.0,789.6,BID
183,1712453736.5632458,324822.30202065,788.5,4.43034920442982e-08,789.6,BID
184,1712453760.5272765,324822.30202065,788.5,0.0,789.6,BID
185,1712453761.993925,324826.21635453,788.5,2.73471673413462e-09,789.6,BID
186,1712453761.9964688,324832.30202065,788.5,4.2516999026866596e-09,789.6,BID
187,1712453767.9752538,325140.50202065,788.5,2.1532136074684002e-07,789.6,BID
188,1712453768.0739367,325150.50202065,789.7,6.986416636821279e-09,789.7,BID
189,1712453768.076572,325225.34071009,788.5,5.228542649814348e-08,789.7,BID
190,1712453768.079166,325336.81582933,789.9,7.788116276499713e-08,789.9,BID
191,1712453769.7256873,325354.99407974,789.9,1.2700083109281088e-08,789.9,BID
192,1712453789.7342155,325362.18177631,789.9,5.021624289711781e-09,789.9,BID
193,1712453790.3882186,325481.59238331,789.9,-8.342522513577135e-08,789.9,ASK
194,1712453790.5758443,325481.59238331,789.9,-0.0,789.9,ASK
195,1712453820.7849092,325481.59238331,789.9,-0.0,789.9,ASK
196,1712453829.0039685,325488.15283558,790.0,4.581740063189936e-09,790.0,BID
197,1712453829.0065782,325861.38729405,790.0,2.606624057250102e-07,790.0,BID
198,1712453830.2246523,325861.38729406,789.9,-6.992061841916995e-18,790.0,ASK
199,1712453835.7402942,325861.38729425,789.9,-1.32686568907076e-16,790.0,ASK
200,1712453835.742542,332273.94250525,789.9,-4.478450556241909e-06,790.0,ASK
201,1712453839.4777017,332515.8739271,790.0,1.689619621360797e-07,790.0,BID
202,1712453839.4791822,332780.33571958,790.0,1.8469689892185944e-07,790.0,BID
203,1712453850.8426292,332780.33571958,790.0,0.0,790.0,BID
204,1712453860.623849,332887.3496451,788.2,-7.44375041102344e-08,790.0,ASK
205,1712453860.626618,332950.761186,788.2,-4.4108248654968346e-08,790.0,ASK
206,1712453860.62932,333034.62245361,788.0,-5.833281437041551e-08,790.0,ASK
207,1712453880.553481,333034.62245361,788.0,-0.0,790.0,ASK
208,1712453900.1637323,335324.33660139,790.0,1.5924735838315977e-06,790.0,BID
209,1712453900.165296,335356.50467729,790.4,2.2372579198634523e-08,790.4,BID
210,1712453900.166778,336038.97233387,790.7,4.746495172669877e-07,790.7,BID
211,1712453910.5230258,336038.97233387,790.7,0.0,790.7,BID
212,1712453912.78165,336051.61775622,790.8,8.780269797200189e-09,790.8,BID
213,1712453928.5540266,336054.91502019,790.8,2.2894345833683884e-09,790.8,BID
214,1712453928.5568786,336178.07197979,790.7,8.551326343741576e-08,790.8,BID
215,1712453940.803575,336178.07197979,790.7,0.0,790.8,BID
216,1712453941.8040328,337683.12929347,790.8,1.0449473161528677e-06,790.8,BID
217,1712453941.8060725,338978.74952057,790.8,8.995370918806985e-07,790.8,BID
218,1712453941.8634148,339049.97315616,790.8,-4.944990877087532e-08,790.8,ASK
219,1712453944.0741005,340230.64129831,790.7,-8.197269268040526e-07,790.8,ASK
220,1712453970.7956288,340230.64129831,790.7,-0.0,790.8,ASK
221,1712454000.6257818,340230.64129831,790.7,-0.0,790.8,ASK
222,1712454014.2244236,341913.64129831,788.5,-1.1985465548585796e-06,790.8,ASK
223,1712454014.3838594,342954.84320231,788.5,7.414907634886174e-07,790.8,BID
224,1712454014.4040532,342954.84320242,788.5,7.834526313039937e-17,790.8,BID
225,1712454017.7990956,343054.84320242,790.7,7.121488739504336e-08,790.8,BID
226,1712454030.5794947,343054.84320242,790.7,0.0,790.8,BID
227,1712454046.146432,344219.54737784,790.5,-8.281293298471499e-07,790.8,ASK
228,1712454058.773798,344232.19439946,790.7,8.992300156359478e-09,790.8,BID
229,1712454060.8088267,344232.19439946,790.7,0.0,790.8,BID
230,1712454076.3439815,346622.48148685,790.7,1.6984208064767254e-06,790.8,BID
231,1712454090.7866478,348062.85077988,790.7,1.023455797087337e-06,790.8,BID
232,1712454090.791845,348062.85077988,790.7,0.0,790.8,BID
233,1712454120.5729723,348062.85077988,790.7,0.0,790.8,BID
234,1712454136.274747,349226.58809988,789.5,-8.251188697645652e-07,790.8,ASK
235,1712454136.3748848,349226.58810058,789.5,-4.962800184145663e-16,790.8,ASK
236,1712454150.5464015,349226.58810058,789.5,-0.0,790.8,ASK
237,1712454180.805553,349226.58810058,789.5,-0.0,790.8,ASK
238,1712454210.78251,349226.58810058,789.5,-0.0,790.8,ASK
239,1712454240.523105,349226.58810058,789.5,-0.0,790.8,ASK
240,1712454270.497888,349226.58810058,789.5,-0.0,790.8,ASK
241,1712454297.6938145,349435.0551574,789.0,1.477121335945869e-07,790.8,BID
242,1712454298.2579195,349600.4664654,789.0,1.1720440436993897e-07,790.8,BID
243,1712454298.3936756,349600.46646548,789.0,5.66690087964129e-17,790.8,BID
244,1712454298.396687,349643.49494649,789.5,3.048840825151252e-08,790.8,BID
245,1712454298.4540164,349980.45379915,789.5,-2.387567216577548e-07,790.8,ASK
246,1712454300.5655673,349980.45379915,789.5,-0.0,790.8,ASK
247,1712454330.5712376,349980.45379915,789.5,-0.0,790.8,ASK
248,1712454360.8039503,349980.45379915,789.5,-0.0,790.8,ASK
249,1712454390.7680998,349980.45379915,789.5,-0.0,790.8,ASK
250,1712454420.4090288,349993.76178394,789.0,-9.474949971950455e-09,790.8,ASK
251,1712454420.4107,350051.39471115,789.0,-4.103319252824634e-08,790.8,ASK
252,1712454420.5628555,350051.39471115,789.0,-0.0,790.8,ASK
253,1712454428.443408,350051.39471169,789.0,-3.8448715786007677e-16,790.8,ASK
254,1712454428.8592927,350064.07058949,788.9,-9.024546079914585e-09,790.8,ASK
255,1712454429.9537525,350698.18599838,788.5,-4.5145620822578987e-07,790.8,ASK
256,1712454429.957351,352160.71865531,788.5,-1.041244919217107e-06,790.8,ASK
257,1712454430.0172715,353160.71865531,788.3,-7.119464405005472e-07,790.8,ASK
258,1712454450.5873408,353160.71865531,788.3,-0.0,790.8,ASK
259,1712454465.0956936,353173.417068,787.5,-9.024838288222734e-09,790.8,ASK
260,1712454465.0971532,353186.1170934,787.4,-9.025984450886852e-09,790.8,ASK
261,1712454465.098524,353198.81873191,787.3,-9.027130897918282e-09,790.8,ASK
262,1712454465.793407,354318.34930018,787.3,7.956571095928074e-07,790.8,BID
263,1712454465.9537058,354420.96269173,787.3,7.292795466261948e-08,790.8,BID
264,1712454480.813696,354420.96269173,787.3,0.0,790.8,BID
265,1712454510.809405,354420.96269173,787.3,0.0,790.8,BID
266,1712454540.5722337,354420.96269173,787.3,0.0,790.8,BID
267,1712454551.374395,354432.25873862,787.3,8.02251133829291e-09,790.8,BID
268,1712454551.3760889,354702.82220315,787.3,1.9215558177680577e-07,790.8,BID
269,1712454570.5619264,354702.82220315,787.3,0.0,790.8,BID
270,1712454600.598651,354702.82220315,787.3,0.0,790.8,BID
271,1712454620.6438634,354812.82220315,787.6,-7.879916123486514e-08,790.8,ASK
272,1712454630.5579696,354812.82220315,787.6,-0.0,790.8,ASK
273,1712454652.1236866,355211.05496302,789.0,2.852587276102825e-07,790.8,BID
274,1712454657.673702,355410.17134295,789.0,1.426293638015555e-07,790.8,BID
275,1712454660.7594614,355410.17134295,789.0,0.0,790.8,BID
276,1712454674.8637998,355420.17134295,789.0,7.160698075217177e-09,790.8,BID
277,1712454680.903736,355447.66222347,789.0,1.9685389522535018e-08,790.8,BID
278,1712454680.907622,355514.68705837,789.5,4.799446062600967e-08,790.8,BID
279,1712454685.183813,355604.96888984,789.5,6.464809368345048e-08,790.8,BID
280,1712454690.7966,355604.96888984,789.5,0.0,790.8,BID
281,1712454692.2042787,355609.18536349,789.5,3.0189570489908367e-09,790.8,BID
282,1712454692.207634,356118.96888984,790.2,3.650004003532881e-07,790.8,BID
283,1712454692.2106936,356204.96888984,790.1,6.157522322294939e-08,790.8,BID
284,1712454720.6332123,356204.96888984,790.1,0.0,790.8,BID
285,1712454750.5874202,356204.96888984,790.1,0.0,790.8,BID
286,1712454780.8184156,356204.96888984,790.1,0.0,790.8,BID
287,1712454810.8038585,356204.96888984,790.1,0.0,790.8,BID
288,1712454837.670246,356230.28214132,789.5,1.811790916527781e-08,790.8,BID
289,1712454840.542109,356230.28214132,789.5,0.0,790.8,BID
290,1712454852.7241113,356838.28111277,789.5,4.351678242182488e-07,790.8,BID
291,1712454852.8571537,358114.76231977,789.5,-9.136258046306918e-07,790.8,ASK
292,1712454852.860993,358114.76232048,789.5,-5.081860140682275e-16,790.8,ASK
293,1712454870.5925112,358114.76232048,789.5,-0.0,790.8,ASK
294,1712454900.5567038,358114.76232048,789.5,-0.0,790.8,ASK
295,1712454930.5696828,358114.76232048,789.5,-0.0,790.8,ASK
296,1712454960.7803714,358241.28130782,790.0,9.05282166627387e-08,790.8,BID
297,1712454960.815247,358241.28130782,790.0,0.0,790.8,BID
298,1712454973.6499584,359506.94388217,790.1,9.055556357722436e-07,790.8,BID
299,1712454982.3536708,360710.79186495,788.3,-8.613285622191103e-07,790.8,ASK
300,1712454990.8013258,360710.79186495,788.3,-0.0,790.8,ASK
301,1712455020.7022986,360710.79186495,788.3,-0.0,790.8,ASK
302,1712455050.578338,360710.79186495,788.3,-0.0,790.8,ASK
303,1712455080.7971828,360710.79186495,788.3,-0.0,790.8,ASK
304,1712455082.3071678,363325.87712462,788.5,-1.8684344484224136e-06,790.8,ASK
305,1712455110.8004608,363325.87712462,788.5,-0.0,790.8,ASK
306,1712455140.5657911,363325.87712462,788.5,-0.0,790.8,ASK
307,1712455152.753789,363351.1903761,790.1,1.805928653498432e-08,790.8,BID
308,1712455169.1859405,363363.84700184,790.1,9.029643267492157e-09,790.8,BID
309,1712455170.8097613,363363.84700184,790.1,0.0,790.8,BID
310,1712455197.593598,363396.46701987,790.1,2.3271670364143625e-08,790.8,BID
311,1712455197.6035304,363616.97951671,790.1,1.5731732989588706e-07,790.8,BID
312,1712455200.9553013,363616.97951671,790.1,0.0,790.8,BID
313,1712455214.915619,363632.26420001,788.9,-1.096086349136484e-08,790.8,ASK
314,1712455230.814314,363632.26420001,788.9,-0.0,790.8,ASK
315,1712455260.5695984,363632.26420001,788.9,-0.0,790.8,ASK
316,1712455262.353878,364113.19078201,788.9,3.448763006680978e-07,790.8,BID
317,1712455266.2538826,364113.19078217,788.9,1.147465023357336e-16,790.8,BID
318,1712455277.5739768,364274.03503898,790.2,1.1534270374839457e-07,790.8,BID
319,1712455290.5837605,364274.03503898,790.2,0.0,790.8,BID
320,1712455295.1038558,364639.53570314,790.2,2.62008285475326e-07,790.8,BID
321,1712455297.2043493,365117.71259725,790.2,3.427799740599864e-07,790.8,BID
322,1712455320.8493018,365117.71259725,790.2,0.0,790.8,BID
323,1712455351.0918918,365117.71259725,790.2,0.0,790.8,BID
324,1712455380.533639,365117.71259725,790.2,0.0,790.8,BID
325,1712455410.531755,365117.71259725,790.2,0.0,790.8,BID
326,1712455440.786627,365117.71259725,790.2,0.0,790.8,BID
327,1712455470.7567322,365117.71259725,790.2,0.0,790.8,BID
328,1712455500.5137382,365117.71259725,790.2,0.0,790.8,BID
329,1712455504.9958813,365183.2719768,790.2,4.702385993783013e-08,790.8,BID
330,1712455505.000015,365607.18219899,790.2,3.040586267183762e-07,790.8,BID
331,1712455505.0539744,365607.1821997,790.2,-5.092330844273172e-16,790.8,ASK
332,1712455505.0580573,366383.2150017,790.2,-5.566260394606886e-07,790.8,ASK
333,1712455515.224006,367587.06298449,789.3,-8.634855808236212e-07,790.8,ASK
334,1712455530.4938316,367587.06298449,789.3,-0.0,790.8,ASK
335,1712455560.756565,367587.06298449,789.3,-0.0,790.8,ASK
336,1712455590.7584925,367587.06298449,789.3,-0.0,790.8,ASK
337,1712455620.4843347,367587.06298449,789.3,-0.0,790.8,ASK
338,1712455650.5354972,367587.06298449,789.3,-0.0,790.8,ASK
339,1712455680.7870543,367587.06298449,789.3,-0.0,790.8,ASK
340,1712455682.6539032,367650.16039635,789.3,-4.5194741898031466e-08,790.8,ASK
341,1712455682.6581197,367700.16039635,789.3,-3.5813467276835055e-08,790.8,ASK
342,1712455690.7794137,369143.08450632,789.3,1.0335223079073293e-06,790.8,BID
343,1712455693.9737449,370102.25507815,789.3,6.870244777427427e-07,790.8,BID
344,1712455699.3137038,371382.5807033,789.3,9.170579976000574e-07,790.8,BID
345,1712455705.1039224,371778.9285035,789.3,2.8389177945415813e-07,790.8,BID
346,1712455710.827917,371778.9285035,789.3,0.0,790.8,BID
347,1712455737.5336962,374173.45529939,789.3,1.7110711128583648e-06,790.8,BID
348,1712455740.5375955,374173.45529939,789.3,0.0,790.8,BID
349,1712455745.9436958,374299.8775497,789.3,9.021645016415969e-08,790.8,BID
350,1712455746.2537866,376173.26240801,789.3,1.3368701418749057e-06,790.8,BID
351,1712455749.443702,376371.88000931,789.3,1.4173592769844504e-07,790.8,BID
352,1712455770.5065222,376371.88000931,789.3,0.0,790.8,BID
353,1712455778.247222,376605.10937205,789.3,1.6622946295983286e-07,790.8,BID
354,1712455778.327627,376768.14393843,789.3,1.161995560715856e-07,790.8,BID
355,1712455780.1137571,377302.14393843,789.3,3.805975893332337e-07,790.8,BID
356,1712455780.3139696,379027.26958477,789.3,1.2295480567302403e-06,790.8,BID
357,1712455780.3183253,380540.79460043,789.3,1.078734030628713e-06,790.8,BID
358,1712455780.3540146,381034.03324943,789.3,3.515457692422909e-07,790.8,BID
359,1712455783.7039754,381034.03325028,789.3,6.058247458471838e-16,790.8,BID
360,1712455800.5457118,381034.03325028,789.3,0.0,790.8,BID
361,1712455814.0038614,381059.32729353,790.7,1.8024658862870377e-08,790.8,BID
362,1712455830.5051224,381059.32729353,790.7,0.0,790.8,BID
363,1712455832.15451,382162.32729353,789.5,-7.859919896759269e-07,790.8,ASK
364,1712455832.254318,383023.36921365,789.5,6.135739365272071e-07,790.8,BID
365,1712455832.2740142,383062.36921365,790.7,2.7791194557897688e-08,790.8,BID
366,1712455832.5937471,383923.36921365,790.7,6.135440644705105e-07,790.8,BID
367,1712455860.776859,383923.36921365,790.7,0.0,790.8,BID
368,1712455862.973873,384779.74512986,790.7,6.092667914335469e-07,790.8,BID
369,1712455863.3336422,386550.10425985,790.8,1.2595181699967157e-06,790.8,BID
370,1712455863.8137755,388458.04240485,790.7,-1.357398462350941e-06,790.8,ASK
371,1712455870.1837046,388458.04240514,790.7,-2.0631316079450044e-16,790.8,ASK
372,1712455890.7999773,388458.04240514,790.7,-0.0,790.8,ASK
373,1712455920.5350616,388458.04240514,790.7,-0.0,790.8,ASK
374,1712455950.5517187,388458.04240514,790.7,-0.0,790.8,ASK
375,1712455980.786246,388458.04240514,790.7,-0.0,790.8,ASK
376,1712456010.77375,388458.04240514,790.7,-0.0,790.8,ASK
377,1712456013.2337456,389092.56017163,790.8,4.5027760184925393e-07,790.8,BID
378,1712456013.243671,393890.87942738,790.8,3.4050672833607143e-06,790.8,BID
379,1712456013.246774,394817.0593236,790.7,6.572519865880315e-07,790.8,BID
380,1712456013.334658,401570.2386156,790.8,-4.792309273357002e-06,790.8,ASK
381,1712456013.3457844,410248.7955736,790.8,-6.158629467819644e-06,790.8,ASK
382,1712456013.353731,410757.25327797,790.8,-3.608206544506928e-07,790.8,ASK
383,1712456013.3637362,413745.68938958,790.8,-2.1207063327148987e-06,790.8,ASK
384,1712456040.5135925,413745.68938958,790.8,-0.0,790.8,ASK
385,1712456043.7005424,414119.75409686,790.1,2.617360761008434e-07,790.8,BID
386,1712456043.702415,420035.22581406,790.9,4.139103009219247e-06,790.9,BID
387,1712456043.7042246,421521.78655692,790.9,1.0401584756576775e-06,790.9,BID
388,1712456043.7060368,426391.11174668,790.8,3.407105892705141e-06,790.9,BID
389,1712456053.793749,427128.42033459,790.8,5.15900732999548e-07,790.9,BID
390,1712456053.8570662,428920.19621759,790.8,-1.2537199573801965e-06,790.9,ASK
391,1712456053.8594315,428920.1962181,790.8,-3.568619536836955e-16,790.9,ASK
392,1712456062.6436648,429078.0789003,789.9,1.1047177913090169e-07,790.9,BID
393,1712456068.1240542,429531.72085865,790.0,3.174169169729753e-07,790.9,BID
394,1712456070.5258558,429531.72085865,790.0,0.0,790.9,BID
395,1712456100.5658329,429531.72085865,790.0,0.0,790.9,BID
396,1712456102.7937584,429544.37908649,790.1,8.808337635108767e-09,790.9,BID
397,1712456130.7759445,429544.37908649,790.1,0.0,790.9,BID
398,1712456145.3138244,429868.88583623,790.0,-2.258092649416523e-07,790.9,ASK
399,1712456159.6838193,429894.19908772,790.0,-1.7614323020465512e-08,790.9,ASK
400,1712456160.5435424,429894.19908772,790.0,-0.0,790.9,ASK
401,1712456190.5138288,429894.19908772,790.0,-0.0,790.9,ASK
402,1712456220.7339952,429894.19908772,790.0,-0.0,790.9,ASK
403,1712456250.777484,429894.19908772,790.0,-0.0,790.9,ASK
404,1712456267.373885,430579.08149626,790.0,-4.764864171146729e-07,790.9,ASK
405,1712456276.7039342,430651.233395,790.0,-5.0197521924851744e-08,790.9,ASK
406,1712456280.5068817,430651.233395,790.0,-0.0,790.9,ASK
407,1712456292.3837698,430824.805079,790.1,1.2070707521189546e-07,790.9,BID
408,1712456294.8538914,430824.80507967,790.1,4.65917819629016e-16,790.9,BID
409,1712456310.4860747,430824.80507967,790.1,0.0,790.9,BID
410,1712456340.7385504,430824.80507967,790.1,0.0,790.9,BID
411,1712456359.2838917,431457.63636684,790.1,4.400483282316195e-07,790.9,BID
412,1712456370.8095872,431457.63636684,790.1,0.0,790.9,BID
413,1712456400.5478675,431457.63636684,790.1,0.0,790.9,BID
414,1712456425.0439646,432672.36318064,790.0,-8.453163780828466e-07,790.9,ASK
415,1712456425.0480683,432685.02140784,790.0,-8.808735139559977e-09,790.9,ASK
416,1712456425.103992,432685.02140848,790.0,-4.4536496149503045e-16,790.9,ASK
417,1712456425.1079755,435071.76462828,789.9,-1.6609110057130292e-06,790.9,ASK
418,1712456429.9241912,435198.34690676,790.0,8.80873559047023e-08,790.9,BID
419,1712456430.5651884,435198.34690676,790.0,0.0,790.9,BID
420,1712456460.7796297,435198.34690676,790.0,0.0,790.9,BID
421,1712456490.7763438,435198.34690676,790.0,0.0,790.9,BID
422,1712456520.5064995,435198.34690676,790.0,0.0,790.9,BID
423,1712456537.764794,435628.7266536,790.0,-2.988824177312854e-07,790.9,ASK
424,1712456537.7667308,436927.20766576,790.0,-9.017458352584704e-07,790.9,ASK
425,1712456537.8435795,436927.20766625,790.0,-3.40280929748785e-16,790.9,ASK
426,1712456550.5239768,436927.20766625,790.0,-0.0,790.9,ASK
427,1712456580.7659078,436927.20766625,790.0,-0.0,790.9,ASK
428,1712456610.7672162,436927.20766625,790.0,-0.0,790.9,ASK
429,1712456640.5176082,436927.20766625,790.0,-0.0,790.9,ASK
430,1712456653.3340526,437296.56573128,790.1,2.5626210948512925e-07,790.9,BID
431,1712456653.3438897,440432.50646625,790.1,2.175728281169252e-06,790.9,BID
432,1712456670.4887347,440432.50646625,790.1,0.0,790.9,BID
433,1712456685.604334,448911.70290325,790.1,5.871618148883346e-06,790.9,BID
434,1712456686.5741613,448924.34814372,790.1,8.756492905001763e-09,790.9,BID
435,1712456688.093963,448954.34814372,790.1,2.0774202576302493e-08,790.9,BID
436,1712456700.54675,448954.34814372,790.1,0.0,790.9,BID
437,1712456730.5440173,448954.34814372,790.1,0.0,790.9,BID
438,1712456760.784082,448954.34814372,790.1,0.0,790.9,BID
439,1712456790.7678351,448954.34814372,790.1,0.0,790.9,BID
440,1712456820.4964848,448954.34814372,790.1,0.0,790.9,BID
441,1712456850.5194538,448954.34814372,790.1,0.0,790.9,BID
442,1712456880.8066742,448954.34814372,790.1,0.0,790.9,BID
443,1712456910.8362854,448954.34814372,790.1,0.0,790.9,BID
444,1712456940.5569873,448954.34814372,790.1,0.0,790.9,BID
445,1712456942.584031,454646.98341069,790.1,3.924227100801868e-06,790.9,BID
446,1712456948.3843014,455211.46891885,790.1,3.891289754649182e-07,790.9,BID
447,1712456948.4640336,457496.54895319,790.1,1.575223526138742e-06,790.9,BID
448,1712456948.4743366,457623.11520985,790.1,8.724864867317019e-08,790.9,BID
449,1712456948.4843695,457623.11521063,790.1,5.376822744175997e-16,790.9,BID
450,1712456970.4890306,457623.11521063,790.1,0.0,790.9,BID
451,1712456981.154395,457749.69748911,790.0,-8.684963263439545e-08,790.9,ASK
452,1712456981.16538,458521.93799543,790.0,-5.298435538106749e-07,790.9,ASK
453,1712456982.9403524,458648.52027393,790.0,8.684963264809381e-08,790.9,BID
454,1712457000.6090095,458648.52027393,790.0,0.0,790.9,BID
455,1712457030.624142,458648.52027393,790.0,0.0,790.9,BID
456,1712457060.8039937,458648.52027393,790.0,0.0,790.9,BID
457,1712457064.7269423,458733.08968301,790.0,5.80868349179994e-08,790.9,BID
458,1712457069.764357,458740.08968301,790.0,-4.8079778355934894e-09,790.9,ASK
459,1712457090.7782252,458740.08968301,790.0,-0.0,790.9,ASK
460,1712457098.1642444,458846.28248242,790.8,7.293532262158859e-08,790.9,BID
461,1712457098.1687143,458866.52791793,790.8,1.3904966991558588e-08,790.9,BID
462,1712457120.5161831,458866.52791793,790.8,0.0,790.9,BID
463,1712457150.562332,458866.52791793,790.8,0.0,790.9,BID
464,1712457151.4560528,458866.52791852,790.0,-4.051909759679987e-16,790.9,ASK
465,1712457151.4597309,460142.99648352,790.0,-8.766437470413792e-07,790.9,ASK
466,1712457180.74902,460142.99648352,790.0,-0.0,790.9,ASK
467,1712457210.8127282,460142.99648352,790.0,-0.0,790.9,ASK
468,1712457240.5243568,460142.99648352,790.0,-0.0,790.9,ASK
469,1712457270.5640397,460142.99648352,790.0,-0.0,790.9,ASK
470,1712457300.7681408,460142.99648352,790.0,-0.0,790.9,ASK
471,1712457330.7945766,460142.99648352,790.0,-0.0,790.9,ASK
472,1712457360.5299006,460142.99648352,790.0,-0.0,790.9,ASK
473,1712457390.490307,460142.99648352,790.0,-0.0,790.9,ASK
474,1712457404.984087,461478.48221881,790.8,9.190740818556138e-07,790.9,BID
475,1712457404.9952223,461818.96607182,791.0,2.343191516934278e-07,791.0,BID
476,1712457404.9992845,461826.72783182,790.9,5.3416013792583405e-09,791.0,BID
477,1712457405.0037506,461833.05180755,790.8,4.352125997403237e-09,791.0,BID
478,1712457405.0082464,461861.1433676,790.9,1.9332460151821658e-08,791.0,BID
479,1712457408.164166,461873.79518946,790.4,-8.706915583229033e-09,791.0,ASK
480,1712457420.8001854,461873.79518946,790.4,-0.0,791.0,ASK
481,1712457450.803604,461873.79518946,790.4,-0.0,791.0,ASK
482,1712457472.6042151,463419.7068538,790.4,1.06288684433154e-06,791.0,BID
483,1712457480.5213976,463419.7068538,790.4,0.0,791.0,BID
484,1712457510.558343,463419.7068538,790.4,0.0,791.0,BID
485,1712457536.8808465,464684.88904003,790.4,8.691419776892622e-07,791.0,BID
486,1712457540.7666602,464684.88904003,790.4,0.0,791.0,BID
487,1712457570.7685735,464684.88904003,790.4,0.0,791.0,BID
488,1712457600.614026,464684.88904003,790.4,0.0,791.0,BID
489,1712457609.0983531,468672.06276403,790.3,2.745922131647728e-06,791.0,BID
490,1712457609.138792,468672.06276478,790.3,5.1652057896140955e-16,791.0,BID
491,1712457609.1538842,477843.10629078,790.4,6.315995522533706e-06,791.0,BID
492,1712457609.1940722,479318.08631414,790.4,1.0158023126765828e-06,791.0,BID
493,1712457630.484217,479318.08631414,790.4,0.0,791.0,BID
494,1712457660.771242,479318.08631414,790.4,0.0,791.0,BID
495,1712457690.778136,479318.08631414,790.4,0.0,791.0,BID
496,1712457720.6480715,479318.08631414,790.4,0.0,791.0,BID
497,1712457750.5047972,479318.08631414,790.4,0.0,791.0,BID
498,1712457780.7481203,479318.08631414,790.4,0.0,791.0,BID
499,1712457810.8446658,479318.08631414,790.4,0.0,791.0,BID
500,1712457840.4996166,479318.08631414,790.4,0.0,791.0,BID
501,1712457841.6639178,479773.08531414,791.0,3.108765630919405e-07,791.0,BID
502,1712457843.8848193,480146.88897866,791.0,2.55400118455513e-07,791.0,BID
503,1712457843.8937166,480710.42231414,791.0,3.850322891297855e-07,791.0,BID
504,1712457843.9840722,480969.23743114,791.0,1.7683457337089693e-07,791.0,BID
505,1712457845.3539536,481343.04109514,791.0,2.554001181002459e-07,791.0,BID
506,1712457870.507277,481343.04109514,791.0,0.0,791.0,BID
507,1712457900.573938,481343.04109514,791.0,0.0,791.0,BID
508,1712457930.5137572,481343.04109514,791.0,0.0,791.0,BID
509,1712457948.6838758,481343.04109608,791.0,6.432791117167759e-16,791.0,BID
510,1712457948.6876917,481349.36347282,791.0,4.326672652852352e-09,791.0,BID
511,1712457959.3837943,481355.68963812,791.0,-4.329265326354505e-09,791.0,ASK
512,1712457959.4642785,481602.20797312,791.0,1.6870303405280246e-07,791.0,BID
513,1712457960.7985854,481602.20797312,791.0,0.0,791.0,BID
514,1712457976.1539612,481602.20797346,791.0,2.326775296360274e-16,791.0,BID
515,1712457977.113757,481712.60897312,791.2,7.554152535965531e-08,791.2,BID
516,1712457978.5299575,481728.59826669,791.2,1.094062218114494e-08,791.2,BID
517,1712457978.5351913,481828.16497312,791.2,6.812819541421456e-08,791.2,BID
518,1712457984.7040565,482359.4527117,791.2,3.635319091387845e-07,791.2,BID
519,1712457984.7337952,482628.97034538,791.2,1.844165652686299e-07,791.2,BID
520,1712457984.7439258,483165.63439576,791.2,3.6721063302199457e-07,791.2,BID
521,1712457984.7838786,483702.64917931,791.2,3.674506210541433e-07,791.2,BID
522,1712457990.7952237,483702.64917931,791.2,0.0,791.2,BID
523,1712457994.934177,483730.91017931,791.2,1.931553319532481e-08,791.2,BID
524,1712458009.4738665,483959.59607423,791.2,1.5629984765682033e-07,791.2,BID
525,1712458009.4761636,483966.01950691,791.1,4.390220698450011e-09,791.2,BID
526,1712458020.5237398,483966.01950691,791.1,0.0,791.2,BID
527,1712458023.984254,483972.44624212,791.2,4.391852389570126e-09,791.2,BID
528,1712458023.99027,484053.15210007,791.2,5.5152142341011774e-08,791.2,BID
529,1712458027.114057,484084.08522259,791.3,2.113883700158373e-08,791.3,BID
530,1712458027.1189742,484915.77036407,791.5,5.683505320548515e-07,791.5,BID
531,1712458046.5739973,485033.2220381,791.5,8.026321271880204e-08,791.5,BID
532,1712458050.5097268,485033.2220381,791.5,0.0,791.5,BID
533,1712458069.593804,485454.54714893,791.5,2.877557844039036e-07,791.5,BID
534,1712458080.533928,485454.54714893,791.5,0.0,791.5,BID
535,1712458100.2917442,487056.54693502,791.6,1.0938814797491332e-06,791.6,BID
536,1712458100.296346,488219.25114893,791.5,7.939205841760059e-07,791.6,BID
537,1712458100.7246387,488219.25136284,791.6,1.4606256568033369e-13,791.6,BID
538,1712458100.727485,488225.56495961,792.1,4.311065854855889e-09,792.1,BID
539,1712458100.7302997,488438.0561558,792.5,1.4509376726529185e-07,792.5,BID
540,1712458100.732934,488444.36736227,792.4,4.309433704275112e-09,792.5,BID
541,1712458100.7356331,488454.36736227,792.2,6.828224880222838e-09,792.5,BID
542,1712458100.738272,488618.44662518,792.3,1.120370105330709e-07,792.5,BID
543,1712458100.740928,488656.25114893,792.3,2.5813778965455784e-08,792.5,BID
544,1712458100.7436051,488695.25114893,792.2,2.6630077032869093e-08,792.5,BID
545,1712458110.5695662,488695.25114893,792.2,0.0,792.5,BID
546,1712458140.8080535,488695.25114893,792.2,0.0,792.5,BID
547,1712458170.7785032,488695.25114893,792.2,0.0,792.5,BID
548,1712458187.2549758,491006.41925874,792.5,1.5753577746270705e-06,792.5,BID
549,1712458187.2573414,491254.751774,792.5,1.692704900812035e-07,792.5,BID
550,1712458198.0538228,491316.64538671,792.5,-4.218844296465985e-08,792.5,ASK
551,1712458200.5694156,491316.64538671,792.5,-0.0,792.5,ASK
552,1712458210.224084,492578.15667723,792.7,8.590242483489264e-07,792.7,BID
553,1712458217.7546444,492578.15667724,793.4,6.777827930955424e-18,793.4,BID
554,1712458217.760332,492865.19494189,792.7,1.9545828197600614e-07,793.4,BID
555,1712458217.765099,493974.19494189,793.3,7.551719105314176e-07,793.4,BID
556,1712458217.7699912,493996.19494189,793.0,1.4980867476727852e-08,793.4,BID
557,1712458217.772436,494008.88027641,793.4,8.638059788281193e-09,793.4,BID
558,1712458217.7747371,494015.18750305,792.9,4.294896656340578e-09,793.4,BID
559,1712458217.7770112,494046.12062557,793.4,2.1063864050604212e-08,793.4,BID
560,1712458217.779523,494084.55849411,793.0,2.6174209758438013e-08,793.4,BID
561,1712458217.7817893,494148.39029727,793.1,4.346617199727192e-08,793.4,BID
562,1712458217.7841263,495703.55786841,793.4,1.05898905851608e-06,793.4,BID
563,1712458222.5136888,496964.91003793,792.8,8.589158951391871e-07,793.4,BID
564,1712458228.4540296,497468.81727261,793.4,3.431348865138622e-07,793.4,BID
565,1712458230.5210156,497468.81727261,793.4,0.0,793.4,BID
566,1712458250.6339598,497650.53886454,793.4,1.23333281979737e-07,793.4,BID
567,1712458260.7837458,497650.53886454,793.4,0.0,793.4,BID
568,1712458269.1540065,497663.15238623,792.8,-8.55987887637317e-09,793.4,ASK
569,1712458269.1588254,497675.76908954,792.6,-8.562038010222071e-09,793.4,ASK
570,1712458290.7682548,497675.76908954,792.6,-0.0,793.4,ASK
571,1712458320.560002,497675.76908954,792.6,-0.0,793.4,ASK
572,1712458327.333892,497688.38579405,792.6,-8.561922617515451e-09,793.4,ASK
573,1712458327.3440506,499063.76908954,792.6,-9.333598433786116e-07,793.4,ASK
574,1712458327.4968815,499064.55867272,792.6,-5.358253481921592e-10,793.4,ASK
575,1712458327.503853,499091.76908954,792.2,-1.8465478288617322e-08,793.4,ASK
576,1712458347.3539453,499138.34783216,792.2,-3.1609172555129794e-08,793.4,ASK
577,1712458347.3591886,500467.94196701,792.2,-9.022864953573264e-07,793.4,ASK
578,1712458350.5397797,500467.94196701,792.2,-0.0,793.4,ASK
579,1712458365.2839422,500526.88608007,792.2,-3.9940566493097306e-08,793.4,ASK
580,1712458365.289467,500649.66355894,792.2,-8.31940935928443e-08,793.4,ASK
581,1712458371.213773,500877.66355894,792.2,-1.5449293725319045e-07,793.4,ASK
582,1712458378.8039396,500883.97762104,792.8,4.27841227996129e-09,793.4,BID
583,1712458380.7886238,500883.97762104,792.8,0.0,793.4,BID
584,1712458410.7836132,500883.97762104,792.8,0.0,793.4,BID
585,1712458418.0395267,500886.10440894,792.8,1.440790991633298e-09,793.4,BID
586,1712458418.0440843,501009.83689902,792.8,8.38224898120677e-08,793.4,BID
587,1712458429.3540618,501906.83689902,792.8,-6.076720294953264e-07,793.4,ASK
588,1712458429.4537451,501907.22230545,792.8,-2.6109331939362954e-10,793.4,ASK
589,1712458440.5258183,501907.22230545,792.8,-0.0,793.4,ASK
590,1712458470.5358157,501907.22230545,792.8,-0.0,793.4,ASK
591,1712458500.776806,501907.22230545,792.8,-0.0,793.4,ASK
592,1712458530.7970147,501907.22230545,792.8,-0.0,793.4,ASK
593,1712458545.473905,502285.6279563,792.8,2.562098421581433e-07,793.4,BID
594,1712458550.964224,502588.88702303,792.8,2.053298026744669e-07,793.4,BID
595,1712458560.5268693,502588.88702303,792.8,0.0,793.4,BID
596,1712458590.5545316,502588.88702303,792.8,0.0,793.4,BID
597,1712458620.7886696,502588.88702303,792.8,0.0,793.4,BID
598,1712458642.2783196,502601.50054472,792.8,-8.53720423181569e-09,793.4,ASK
599,1712458650.780888,502601.50054472,792.8,-0.0,793.4,ASK
600,1712458680.5947638,502601.50054472,792.8,-0.0,793.4,ASK
601,1712458683.4770892,502803.9406456,793.0,1.3701651537323816e-07,793.4,BID
602,1712458698.3732405,502844.87730211,792.9,2.7706951348308884e-08,793.4,BID
603,1712458710.5406756,502844.87730211,792.9,0.0,793.4,BID
604,1712458723.4054923,504106.22947163,792.8,8.536031451923837e-07,793.4,BID
605,1712458726.9438426,504736.90555639,791.1,-4.268015725961919e-07,793.4,ASK
606,1712458732.0638015,504778.24835101,791.1,-2.7978181170549315e-08,793.4,ASK
607,1712458740.7880826,504778.24835101,791.1,-0.0,793.4,ASK
608,1712458753.685998,504790.86028189,792.9,8.526117458900928e-09,793.4,BID
609,1712458763.1040478,504798.24835101,792.9,4.9945996145229556e-09,793.4,BID
610,1712458763.1097882,504848.09216602,792.9,3.36962060305028e-08,793.4,BID
611,1712458763.2439778,505169.21820802,792.9,-2.170927179394947e-07,793.4,ASK
612,1712458763.2496915,505169.21820848,792.9,-3.1098673071033833e-16,793.4,ASK
613,1712458763.6236491,505490.21820848,791.1,-2.170075090284533e-07,793.4,ASK
614,1712458770.7888436,505490.21820848,791.1,-0.0,793.4,ASK
615,1712458800.7166476,505490.21820848,791.1,-0.0,793.4,ASK
616,1712458830.5290492,505490.21820848,791.1,-0.0,793.4,ASK
617,1712458834.824091,505497.1298546,791.4,-4.672101644472816e-09,793.4,ASK
618,1712458860.7773116,505497.1298546,791.4,-0.0,793.4,ASK
619,1712458890.779847,505497.1298546,791.4,-0.0,793.4,ASK
620,1712458920.509053,505497.1298546,791.4,-0.0,793.4,ASK
621,1712458950.5700548,505497.1298546,791.4,-0.0,793.4,ASK
622,1712458980.8109913,505497.1298546,791.4,-0.0,793.4,ASK
623,1712459010.7937338,505497.1298546,791.4,-0.0,793.4,ASK
624,1712459040.5647376,505497.1298546,791.4,-0.0,793.4,ASK
625,1712459055.4541802,505800.38892133,791.9,-2.049948624330093e-07,793.4,ASK
626,1712459055.464048,507262.02718866,791.9,-9.880276252545608e-07,793.4,ASK
627,1712459070.5341284,507262.02718866,791.9,-0.0,793.4,ASK
628,1712459100.7922826,507262.02718866,791.9,-0.0,793.4,ASK
629,1712459130.7796834,507262.02718866,791.9,-0.0,793.4,ASK
630,1712459160.5219264,507262.02718866,791.9,-0.0,793.4,ASK
631,1712459190.4839969,507262.02718866,791.9,-0.0,793.4,ASK
632,1712459220.5640695,507262.02718866,791.9,-0.0,793.4,ASK
633,1712459250.496036,507262.02718866,791.9,-0.0,793.4,ASK
634,1712459280.7746625,507262.02718866,791.9,-0.0,793.4,ASK
635,1712459310.7606394,507262.02718866,791.9,-0.0,793.4,ASK
636,1712459340.4994476,507262.02718866,791.9,-0.0,793.4,ASK
637,1712459343.3142436,507566.83898866,791.9,-2.0593216687193269e-07,793.4,ASK
638,1712459343.3200986,511239.80215941,791.9,-2.481469761319253e-06,793.4,ASK
639,1712459343.3542247,513604.63460056,791.9,-1.5976909978387232e-06,793.4,ASK
640,1712459343.356877,514719.55176705,791.1,-7.532428468254197e-07,793.4,ASK
641,1712459343.3597312,515084.63460056,791.0,-2.466515370876553e-07,793.4,ASK
642,1712459343.3940816,516530.02947581,791.0,-9.765150123643342e-07,793.4,ASK
643,1712459343.4005437,516565.45068313,790.7,-2.393072045317028e-08,793.4,ASK
644,1712459343.4043767,517024.63460056,791.0,-3.102266352847695e-07,793.4,ASK
645,1712459343.6705737,517362.77125224,790.3,-2.2844658041215778e-07,793.4,ASK
646,1712459343.673495,518592.05220756,790.7,-8.305075158619994e-07,793.4,ASK
647,1712459343.676252,519874.63460056,790.4,-8.66518197071967e-07,793.4,ASK
648,1712459343.679129,520168.53673146,790.3,-1.985615473695977e-07,793.4,ASK
649,1712459343.6818695,521434.19930581,790.1,-8.550870946091152e-07,793.4,ASK
650,1712459343.753992,523366.63460056,790.1,1.3055616206053803e-06,793.4,BID
651,1712459368.1241443,524346.63460056,791.8,6.620922271856454e-07,793.4,BID
652,1712459368.2040148,527344.91194276,791.8,-2.025649105324086e-06,793.4,ASK
653,1712459370.5741217,527344.91194276,791.8,-0.0,793.4,ASK
654,1712459387.0942185,527381.1304594,790.1,-2.4209487141931056e-08,793.4,ASK
655,1712459387.101224,532229.68805737,790.1,-3.240913867115116e-06,793.4,ASK
656,1712459387.355422,532855.71546237,791.8,-4.1845453148950194e-07,793.4,ASK
657,1712459387.3586128,532855.71546328,791.8,-6.082823077975312e-16,793.4,ASK
658,1712459400.5607238,532855.71546328,791.8,-0.0,793.4,ASK
659,1712459415.6246097,533013.88578985,791.1,1.0580461392109633e-07,793.4,BID
660,1712459415.6307144,534486.82190688,791.7,9.852887110514851e-07,793.4,BID
661,1712459415.636184,534644.14169982,790.9,1.0523566787215733e-07,793.4,BID
662,1712459430.5295625,534644.14169982,790.9,0.0,793.4,BID
663,1712459458.543963,535799.42324942,790.2,-7.720694297699746e-07,793.4,ASK
664,1712459460.777182,535799.42324942,790.2,-0.0,793.4,ASK
665,1712459486.9342642,537030.95928375,792.3,8.225281411319016e-07,793.4,BID
666,1712459490.7791097,537030.95928375,792.3,0.0,793.4,BID
667,1712459520.4990344,537030.95928375,792.3,0.0,793.4,BID
668,1712459523.9546225,550340.9768935,792.1,8.8838115828017e-06,793.4,BID
669,1712459523.960764,552059.9768935,792.1,1.1473517585468508e-06,793.4,BID
670,1712459523.9671886,555035.73324411,792.0,1.9861775927163508e-06,793.4,BID
671,1712459550.5207438,555035.73324411,792.0,0.0,793.4,BID
672,1712459580.7844074,555035.73324411,792.0,0.0,793.4,BID
673,1712459610.793704,555035.73324411,792.0,0.0,793.4,BID
674,1712459640.540721,555035.73324411,792.0,0.0,793.4,BID
675,1712459670.519174,555035.73324411,792.0,0.0,793.4,BID
676,1712459700.5784788,555035.73324411,792.0,0.0,793.4,BID
677,1712459730.5493648,555035.73324411,792.0,0.0,793.4,BID
678,1712459760.7837996,555035.73324411,792.0,0.0,793.4,BID
679,1712459777.4541953,555212.49555411,792.0,-1.168681026482275e-07,793.4,ASK
680,1712459777.4604497,555212.49555471,792.0,-3.9669879582227793e-16,793.4,ASK
681,1712459777.79384,555388.49555471,790.0,-1.1636409405424549e-07,793.4,ASK
682,1712459787.4038472,556762.51771799,790.0,-9.084479786393432e-07,793.4,ASK
683,1712459790.7691722,556762.51771799,790.0,-0.0,793.4,ASK
684,1712459820.530638,556762.51771799,790.0,-0.0,793.4,ASK
685,1712459849.2740045,557032.51340903,790.3,-1.783493500814794e-07,793.4,ASK
686,1712459850.5109413,557032.51340903,790.3,-0.0,793.4,ASK
687,1712459880.8165033,557032.51340903,790.3,-0.0,793.4,ASK
688,1712459910.7806668,557032.51340903,790.3,-0.0,793.4,ASK
689,1712459940.523986,557032.51340903,790.3,-0.0,793.4,ASK
690,1712459970.500375,557032.51340903,790.3,-0.0,793.4,ASK
691,1712459988.0653224,557159.49753601,790.4,-8.386928221493311e-08,793.4,ASK
692,1712459995.4039404,557484.68472829,790.3,-2.1477657917289094e-07,793.4,ASK
693,1712459995.40882,558602.90669259,790.4,-7.385527288589643e-07,793.4,ASK
694,1712460000.575977,558602.90669259,790.4,-0.0,793.4,ASK
695,1712460006.89586,558615.83995694,790.5,-8.548614311198722e-09,793.4,ASK
696,1712460030.5419166,558615.83995694,790.5,-0.0,793.4,ASK
697,1712460048.6093032,558628.77322129,790.3,-8.548556542715506e-09,793.4,ASK
698,1712460060.783749,558628.77322129,790.3,-0.0,793.4,ASK
699,1712460061.2240236,558757.27972299,792.1,8.493893301248218e-08,793.4,BID
700,1712460090.8073862,558757.27972299,792.1,0.0,793.4,BID
701,1712460120.5139916,558757.27972299,792.1,0.0,793.4,BID
702,1712460150.5440829,558757.27972299,792.1,0.0,793.4,BID
703,1712460180.5776358,558785.55367829,792.1,1.868697690067121e-08,793.4,BID
704,1712460180.773887,558785.55367829,792.1,0.0,793.4,BID
705,1712460202.543819,560122.76243235,792.1,8.837822286217736e-07,793.4,BID
706,1712460202.567323,560174.26722455,792.1,-3.404032459184894e-08,793.4,ASK
707,1712460210.7898562,560174.26722455,792.1,-0.0,793.4,ASK
708,1712460240.5194888,560174.26722455,792.1,-0.0,793.4,ASK
709,1712460270.5538657,560174.26722455,792.1,-0.0,793.4,ASK
710,1712460300.8181863,560174.26722455,792.1,-0.0,793.4,ASK
711,1712460330.7939873,560174.26722455,792.1,-0.0,793.4,ASK
712,1712460360.7477813,560174.26722455,792.1,-0.0,793.4,ASK
713,1712460390.7938268,560174.26722455,792.1,-0.0,793.4,ASK
714,1712460420.5338883,560174.26722455,792.1,-0.0,793.4,ASK
715,1712460424.3238733,560180.58161848,792.0,4.200180213717783e-09,793.4,BID
716,1712460450.5001538,560180.58161848,792.0,0.0,793.4,BID
717,1712460480.7535927,560180.58161848,792.0,0.0,793.4,BID
718,1712460510.7637522,560180.58161848,792.0,0.0,793.4,BID
719,1712460540.497403,560180.58161848,792.0,0.0,793.4,BID
720,1712460546.8039134,560348.86755599,791.5,-1.1193931223061937e-07,793.4,ASK
721,1712460570.5286176,560348.86755599,791.5,-0.0,793.4,ASK
722,1712460596.20397,560570.64703844,791.5,-1.475087207265665e-07,793.4,ASK
723,1712460596.5237558,560737.37671616,791.5,-1.1089430454043649e-07,793.4,ASK
724,1712460600.601935,560737.37671616,791.5,-0.0,793.4,ASK
725,1712460606.0438182,560760.65171616,791.5,-1.5482488189981813e-08,793.4,ASK
726,1712460626.1340206,560850.47661412,791.5,-5.975136076604835e-08,793.4,ASK
727,1712460626.144491,565948.93054571,791.5,-3.3914823966887536e-06,793.4,ASK
728,1712460630.511561,565948.93054571,791.5,-0.0,793.4,ASK
729,1712460645.3740318,566327.05003146,793.0,2.5083613194167054e-07,793.4,BID
730,1712460660.7471802,566327.05003146,793.0,0.0,793.4,BID
731,1712460684.5938628,568871.58710635,792.0,1.6876541097058512e-06,793.4,BID
732,1712460690.7951822,568871.58710635,792.0,0.0,793.4,BID
733,1712460692.443704,569127.81757697,792.0,1.6971699458303354e-07,793.4,BID
734,1712460710.69397,569254.31979075,790.5,-8.37900952174256e-08,793.4,ASK
735,1712460710.6989653,570108.61623518,790.5,-5.658523932801485e-07,793.4,ASK
736,1712460710.753922,570296.41500418,790.5,1.2439052460845602e-07,793.4,BID
737,1712460710.7740178,570821.35393395,790.5,3.476989184175361e-07,793.4,BID
738,1712460720.5041442,570821.35393395,790.5,0.0,793.4,BID
739,1712460750.549467,570821.35393395,790.5,0.0,793.4,BID
740,1712460780.7686467,570821.35393395,790.5,0.0,793.4,BID
741,1712460782.773945,570829.00489701,793.0,5.062527694516474e-09,793.4,BID
742,1712460782.8538263,570947.45733801,793.0,-7.837820655193677e-08,793.4,ASK
743,1712460782.8943417,570947.45733874,793.0,-4.830568563947223e-16,793.4,ASK
744,1712460810.7993011,570947.45733874,793.0,-0.0,793.4,ASK
745,1712460840.528054,570947.45733874,793.0,-0.0,793.4,ASK
746,1712460866.3539832,571445.85541062,793.0,3.2976072158386455e-07,793.4,BID
747,1712460866.360403,571471.18630352,793.0,1.6759963555959853e-08,793.4,BID
748,1712460866.4335606,572453.63136052,793.0,-6.500261722337557e-07,793.4,ASK
749,1712460866.4536948,572453.63136143,793.0,-6.021058215650241e-16,793.4,ASK
750,1712460870.543658,572453.63136143,793.0,-0.0,793.4,ASK
751,1712460900.790705,572453.63136143,793.0,-0.0,793.4,ASK
752,1712460930.7883036,572453.63136143,793.0,-0.0,793.4,ASK
753,1712460960.5204256,572453.63136143,793.0,-0.0,793.4,ASK
754,1712460982.254242,573084.14838443,793.0,-4.172209256021647e-07,793.4,ASK
755,1712460982.2739046,573084.14838538,793.0,-6.2867007296634775e-16,793.4,ASK
756,1712460985.4638853,573268.67455183,793.0,1.2210325043689713e-07,793.4,BID
757,1712460990.5488558,573268.67455183,793.0,0.0,793.4,BID
758,1712461020.7818596,573268.67455183,793.0,0.0,793.4,BID
759,1712461050.7893803,573268.67455183,793.0,0.0,793.4,BID
760,1712461080.5538342,573268.67455183,793.0,0.0,793.4,BID
761,1712461110.560453,573268.67455183,793.0,0.0,793.4,BID
762,1712461117.8640552,573368.67455183,793.0,6.614295061476332e-08,793.4,BID
763,1712461140.77903,573368.67455183,793.0,0.0,793.4,BID
764,1712461170.8039472,573368.67455183,793.0,0.0,793.4,BID
765,1712461174.214074,573746.98476621,793.0,2.5021241428653736e-07,793.4,BID
766,1712461200.5540118,573746.98476621,793.0,0.0,793.4,BID
767,1712461230.5270257,573746.98476621,793.0,0.0,793.4,BID
768,1712461243.6855752,573872.83609023,793.0,8.322090061745726e-08,793.4,BID
769,1712461260.9359126,573872.83609023,793.0,0.0,793.4,BID
770,1712461290.7817178,573872.83609023,793.0,0.0,793.4,BID
771,1712461320.5695016,573872.83609023,793.0,0.0,793.4,BID
772,1712461350.4985032,573872.83609023,793.0,0.0,793.4,BID
773,1712461380.7810135,573872.83609023,793.0,0.0,793.4,BID
774,1712461408.0743463,574872.83609023,793.0,-6.61219971527652e-07,793.4,ASK
775,1712461410.7893689,574872.83609023,793.0,-0.0,793.4,ASK
776,1712461440.494255,574872.83609023,793.0,-0.0,793.4,ASK
777,1712461470.5526614,574872.83609023,793.0,-0.0,793.4,ASK
778,1712461471.1037858,574879.19984229,792.5,-4.205634742114376e-09,793.4,ASK
779,1712461474.8440337,574885.50580773,792.9,4.167445099531661e-09,793.4,BID
780,1712461500.5666018,574885.50580773,792.9,0.0,793.4,BID
781,1712461513.4643006,575642.34537439,792.3,-5.002710354360112e-07,793.4,ASK
782,1712461513.4712842,578410.65323885,792.0,-1.829851797879348e-06,793.4,ASK
783,1712461513.4765291,578662.89185658,792.1,-1.6672975360638217e-07,793.4,ASK
784,1712461530.5137997,578662.89185658,792.1,-0.0,793.4,ASK
785,1712461560.778787,578662.89185658,792.1,-0.0,793.4,ASK
786,1712461579.1843936,578672.89185658,792.1,-6.596954456456435e-09,793.4,ASK
787,1712461590.7803662,578672.89185658,792.1,-0.0,793.4,ASK
788,1712461617.1121414,584975.2261578,792.1,-4.157599510132604e-06,793.4,ASK
789,1712461617.2039626,584999.8285258,792.1,1.6229985312812608e-08,793.4,BID
790,1712461620.4944606,584999.8285258,792.1,0.0,793.4,BID
791,1712461647.9241233,584999.82852593,792.1,8.54244331454778e-17,793.4,BID
792,1712461650.529186,584999.82852593,792.1,0.0,793.4,BID
793,1712461669.41602,587931.82852593,791.8,-1.927843315315342e-06,793.4,ASK
794,1712461669.584119,589440.9104928,791.8,9.922488342746438e-07,793.4,BID
795,1712461669.5884426,590053.8945598,791.8,4.0304817051874265e-07,793.4,BID
796,1712461680.7878025,590053.8945598,791.8,0.0,793.4,BID
797,1712461696.034917,590102.40327412,791.8,-3.1811656924839405e-08,793.4,ASK
798,1712461696.184082,591318.47971312,791.8,7.974939557607845e-07,793.4,BID
799,1712461696.1873453,591868.30255012,791.8,3.605697595846013e-07,793.4,BID
800,1712461696.2939603,592418.9540755,791.8,3.611132073096227e-07,793.4,BID
801,1712461696.303928,592608.3958537,791.8,1.2423452032939913e-07,793.4,BID
802,1712461696.463942,592612.08988826,792.9,2.422520607664208e-09,793.4,BID
803,1712461697.1040337,592622.08988826,793.0,6.5579262140505084e-09,793.4,BID
804,1712461697.1103168,592717.39036288,793.0,6.249734807216813e-08,793.4,BID
805,1712461697.7439454,593255.40211118,793.0,3.528241347644044e-07,793.4,BID
1006,1712461699.0340066,593274.83802205,793.5,1.2745926938813761e-08,793.5,BID
806,1712461699.0340066,593274.83802205,793.5,1.274592693881376e-08,793.5,BID
807,1712461699.03968,593381.14047952,793.5,6.97123672460379e-08,793.5,BID
808,1712461700.3140247,593457.95197049,793.6,5.037240901730024e-08,793.6,BID
809,1712461701.5440452,593470.82363994,793.7,8.4411458504485e-09,793.7,BID
810,1712461702.864039,593518.73552832,793.8,3.1420262877155494e-08,793.8,BID
811,1712461710.7763157,593518.73552832,793.8,0.0,793.8,BID
812,1712461740.5321314,593518.73552832,793.8,0.0,793.8,BID
813,1712461770.5378716,593518.73552832,793.8,0.0,793.8,BID
814,1712461800.6181867,593518.73552832,793.8,0.0,793.8,BID
815,1712461818.474344,594086.81942449,792.1,-3.7196772089239204e-07,793.8,ASK
816,1712461818.4815793,594264.0148821,792.6,-1.1602333909492721e-07,793.8,ASK
817,1712461830.5781689,594264.0148821,792.6,-0.0,793.8,ASK
818,1712461860.7782896,594264.0148821,792.6,-0.0,793.8,ASK
819,1712461890.7805033,594264.0148821,792.6,-0.0,793.8,ASK
820,1712461920.52045,594264.0148821,792.6,-0.0,793.8,ASK
821,1712461924.304214,594277.0148821,792.6,-8.508798985313556e-09,793.8,ASK
822,1712461924.4652724,594485.53122467,792.6,1.3647874185234985e-07,793.8,BID
823,1712461950.5526943,594485.53122467,792.6,0.0,793.8,BID
824,1712461963.634232,594714.45022467,792.6,1.4981553400795173e-07,793.8,BID
825,1712461980.5538754,594714.45022467,792.6,0.0,793.8,BID
826,1712462010.5490663,594714.45022467,792.6,0.0,793.8,BID
827,1712462020.8742242,594978.70965922,792.3,-1.729234697651996e-07,793.8,ASK
828,1712462040.7988198,594978.70965922,792.3,-0.0,793.8,ASK
829,1712462057.2241273,595328.74865922,792.3,2.290236737553033e-07,793.8,BID
830,1712462070.7975588,595328.74865922,792.3,0.0,793.8,BID
831,1712462081.8766642,595363.79365922,792.3,2.2925098417769653e-08,793.8,BID
832,1712462089.0842998,595376.41514098,792.3,8.256490555771631e-09,793.8,BID
833,1712462090.3140082,595726.45414098,792.3,2.289821236994676e-07,793.8,BID
834,1712462096.1940677,596194.15314098,792.3,3.059507948317917e-07,793.8,BID
835,1712462098.6040804,596544.19214098,792.3,2.289821236994676e-07,793.8,BID
836,1712462100.47358,596544.19214098,792.3,0.0,793.8,BID
837,1712462124.534768,596734.46852404,792.3,1.2489067292951493e-07,793.8,BID
838,1712462130.5096226,596734.46852404,792.3,0.0,793.8,BID
839,1712462134.8141863,597084.50752404,792.3,2.297304593977952e-07,793.8,BID
840,1712462136.874081,597119.53352404,792.3,2.2987550161221094e-08,793.8,BID
841,1712462140.014161,597570.18252404,792.3,2.957607632211111e-07,793.8,BID
842,1712462142.0974162,597831.54752404,792.3,1.7153374772669433e-07,793.8,BID
843,1712462150.914204,597921.17052404,792.3,5.8819540001583044e-08,793.8,BID
844,1712462160.7741785,597921.17052404,792.3,0.0,793.8,BID
845,1712462161.1843846,598150.05652404,792.3,1.5012515514815825e-07,793.8,BID
846,1712462172.364108,598500.09552404,792.3,2.2958878735674442e-07,793.8,BID
847,1712462173.6539404,599509.81406499,792.3,6.622692196819691e-07,793.8,BID
848,1712462178.4743245,600077.16359081,792.3,3.721216482746146e-07,793.8,BID
849,1712462178.4799478,600086.91206499,792.3,6.393974287333788e-09,793.8,BID
850,1712462184.1741123,600319.13853917,792.3,1.5231615505444524e-07,793.8,BID
851,1712462184.18082,600579.39006499,792.3,1.7069764289332945e-07,793.8,BID
852,1712462190.7866154,600579.39006499,792.3,0.0,793.8,BID
853,1712462220.5278523,600579.39006499,792.3,0.0,793.8,BID
854,1712462232.5141993,600590.16359081,792.3,7.0565525921132394e-09,793.8,BID
855,1712462237.3763573,600600.16359081,793.8,6.549900849557723e-09,793.8,BID
856,1712462237.383906,600606.69133308,794.0,4.275606463940748e-09,794.0,BID
857,1712462237.38729,600637.65859381,793.9,2.02832487364581e-08,794.0,BID
858,1712462237.3906884,602305.72668492,794.0,1.0925680607081368e-06,794.0,BID
859,1712462250.5208683,602305.72668492,794.0,0.0,794.0,BID
860,1712462269.3040552,606085.01617849,793.0,2.4731767606183784e-06,794.0,BID
861,1712462280.7791038,606085.01617849,793.0,0.0,794.0,BID
862,1712462310.7647865,606085.01617849,793.0,0.0,794.0,BID
863,1712462340.5180972,606085.01617849,793.0,0.0,794.0,BID
864,1712462348.562977,606100.76901581,793.0,1.0288519096758449e-08,794.0,BID
865,1712462354.55418,606113.37935628,793.0,8.236086370137683e-09,794.0,BID
866,1712462370.492697,606113.37935628,793.0,0.0,794.0,BID
867,1712462383.764272,606138.60003723,793.0,1.6471930773951273e-08,794.0,BID
868,1712462400.694064,606138.60003723,793.0,0.0,794.0,BID
869,1712462415.8939798,606322.54413817,792.5,-1.20194119157763e-07,794.0,ASK
870,1712462415.903876,606963.21732428,792.5,-4.186334265625484e-07,794.0,ASK
871,1712462419.2542412,607076.37946939,792.5,7.394324843254578e-08,794.0,BID
872,1712462430.5624926,607076.37946939,792.5,0.0,794.0,BID
873,1712462460.783998,607076.37946939,792.5,0.0,794.0,BID
874,1712462468.1741772,607423.94708093,792.1,-2.2699997149251602e-07,794.0,ASK
875,1712462481.8240418,607443.94708093,792.1,-1.306220510517342e-08,794.0,ASK
1075,1712462481.8240418,607443.94708093,792.1,-1.3062205105173421e-08,794.0,ASK
876,1712462481.8277774,608563.34323658,792.1,-7.310891089521655e-07,794.0,ASK
877,1712462489.6940627,608569.65809581,792.1,4.124299323598414e-09,794.0,BID
878,1712462490.791347,608569.65809581,792.1,0.0,794.0,BID
879,1712462497.0440576,608673.15515028,792.1,6.75428097763195e-08,794.0,BID
880,1712462520.54335,608673.15515028,792.1,0.0,794.0,BID
881,1712462550.5282078,608673.15515028,792.1,0.0,794.0,BID
882,1712462580.7922835,608673.15515028,792.1,0.0,794.0,BID
883,1712462600.4643445,608700.2427616,792.1,-1.7676594854815952e-08,794.0,ASK
884,1712462600.4702425,608716.74570713,792.1,-1.0769346864846616e-08,794.0,ASK
885,1712462610.78401,608716.74570713,792.1,-0.0,794.0,ASK
886,1712462640.5522168,608716.74570713,792.1,-0.0,794.0,ASK
887,1712462670.4921126,608716.74570713,792.1,-0.0,794.0,ASK
888,1712462680.5643482,608765.24455793,792.2,-3.164823986286059e-08,794.0,ASK
889,1712462680.5718582,608872.29758541,792.1,-6.985814789085276e-08,794.0,ASK
890,1712462699.0945888,608993.03268642,792.0,-7.878647377404876e-08,794.0,ASK
891,1712462700.784164,608993.03268642,792.0,-0.0,794.0,ASK
892,1712462730.7931664,608993.03268642,792.0,-0.0,794.0,ASK
893,1712462752.444369,613385.45632809,791.8,-2.866973028191097e-06,794.0,ASK
894,1712462752.4521527,614026.05545262,791.8,-4.181246076737728e-07,794.0,ASK
895,1712462760.5085614,614026.05545262,791.8,-0.0,794.0,ASK
896,1712462790.541214,614026.05545262,791.8,-0.0,794.0,ASK
897,1712462794.2542655,614490.84132416,791.7,-3.025827116591313e-07,794.0,ASK
898,1712462808.7143772,615287.08950053,791.7,-5.183697420952516e-07,794.0,ASK
899,1712462820.7616708,615287.08950053,791.7,-0.0,794.0,ASK
900,1712462850.7799368,615287.08950053,791.7,-0.0,794.0,ASK
901,1712462868.3860536,616842.48192258,791.0,-1.0119265580748692e-06,794.0,ASK
902,1712462868.389543,616968.95213884,790.7,-8.228056715760023e-08,794.0,ASK
903,1712462868.4641547,617446.3515328,790.7,3.105924387366336e-07,794.0,BID
904,1712462868.4876626,618621.3515328,790.7,7.644461223302434e-07,794.0,BID
905,1712462868.5040848,619441.5735328,790.7,5.336302360424844e-07,794.0,BID
906,1712462868.5097303,620211.12420497,790.7,5.006638530016975e-07,794.0,BID
907,1712462868.526793,620495.52050449,790.7,1.8502608372184374e-07,794.0,BID
908,1712462868.644253,622509.59175719,790.7,1.3103395397644986e-06,794.0,BID
909,1712462869.9341936,622846.2675173,790.7,2.190387057861243e-07,794.0,BID
910,1712462877.30418,623705.0315173,790.7,5.587053700398915e-07,794.0,BID
911,1712462878.9650075,623911.5631333,790.7,1.3436790892748378e-07,794.0,BID
912,1712462879.0240717,624066.50690362,790.7,1.00805246298121e-07,794.0,BID
913,1712462879.0448575,624484.50690362,790.7,2.7194764181620573e-07,794.0,BID
914,1712462879.3243122,624676.13496499,790.7,1.2467176888847054e-07,794.0,BID
915,1712462879.7147017,626003.66356068,790.7,8.636800742619229e-07,794.0,BID
916,1712462880.7722323,626003.66356068,790.7,0.0,794.0,BID
917,1712462881.1145318,626129.5148847,791.8,8.142898945130043e-08,794.0,BID
918,1712462882.6445284,626750.91056068,792.5,4.020587176058493e-07,794.0,BID
919,1712462910.7946048,626750.91056068,792.5,0.0,794.0,BID
920,1712462940.5441134,626750.91056068,792.5,0.0,794.0,BID
921,1712462970.546228,626750.91056068,792.5,0.0,794.0,BID
922,1712463000.6071117,626750.91056068,792.5,0.0,794.0,BID
923,1712463030.5272026,626750.91056068,792.5,0.0,794.0,BID
924,1712463060.7756858,626750.91056068,792.5,0.0,794.0,BID
925,1712463090.814087,626750.91056068,792.5,0.0,794.0,BID
926,1712463120.529248,626750.91056068,792.5,0.0,794.0,BID
927,1712463142.844394,626894.70743196,792.5,9.302272014531468e-08,794.0,BID
928,1712463150.581743,626894.70743196,792.5,0.0,794.0,BID
929,1712463156.2505946,628156.53708495,792.5,8.162220293650307e-07,794.0,BID
930,1712463180.5962925,628156.53708495,792.5,0.0,794.0,BID
931,1712463210.5662963,628156.53708495,792.5,0.0,794.0,BID
932,1712463213.7941525,628282.79971121,792.0,8.162093511552906e-08,794.0,BID
933,1712463222.5444014,629003.88487569,792.0,4.661367117584643e-07,794.0,BID
934,1712463228.0841858,629130.14750195,792.0,8.16209351156043e-08,794.0,BID
935,1712463240.7665775,629130.14750195,792.0,0.0,794.0,BID
936,1712463249.644374,629230.14750195,790.7,-6.46115738214321e-08,794.0,ASK
937,1712463249.6570482,629280.14750195,790.0,-3.230578691071605e-08,794.0,ASK
938,1712463249.6603858,630688.38525735,789.9,-9.098845769115572e-07,794.0,ASK
939,1712463249.6637805,631954.20804216,790.0,-8.178680230560063e-07,794.0,ASK
940,1712463249.66717,632092.99946639,790.6,-8.96753235241666e-08,794.0,ASK
941,1712463249.6705544,632731.49271046,790.3,-4.125405337371304e-07,794.0,ASK
942,1712463249.6739504,635192.49435856,790.0,-1.5900918966087768e-06,794.0,ASK
943,1712463249.6773791,636392.49435856,790.6,-7.753388858571852e-07,794.0,ASK
944,1712463249.680798,637868.49435856,790.0,-9.536668296043376e-07,794.0,ASK
945,1712463270.7939012,637868.49435856,790.0,-0.0,794.0,ASK
946,1712463300.5963285,637868.49435856,790.0,-0.0,794.0,ASK
947,1712463330.5394862,637868.49435856,790.0,-0.0,794.0,ASK
948,1712463360.7758448,637868.49435856,790.0,-0.0,794.0,ASK
949,1712463390.7667174,637868.49435856,790.0,-0.0,794.0,ASK
950,1712463398.00414,638247.5715709,791.0,2.440245082842901e-07,794.0,BID
951,1712463420.5203617,638247.5715709,791.0,0.0,794.0,BID
952,1712463421.6344144,638459.50500909,791.0,1.3640221755669882e-07,794.0,BID
953,1712463421.6400769,638879.68282248,791.0,2.704301218534873e-07,794.0,BID
954,1712463430.0444148,639260.38152607,791.0,2.4502102091176284e-07,794.0,BID
955,1712463430.0513349,639387.43018571,791.0,8.176963041091927e-08,794.0,BID
956,1712463430.1641717,639511.16227771,791.0,-7.963505842158183e-08,794.0,ASK
957,1712463430.1840844,639511.1622787,791.0,-6.371700324927724e-16,794.0,ASK
958,1712463431.231771,639588.24652138,790.0,-4.9612093919827966e-08,794.0,ASK
959,1712463431.2355597,639634.1622787,789.8,-2.9551783676684013e-08,794.0,ASK
960,1712463444.4841435,639908.51878944,791.0,1.765782539351869e-07,794.0,BID
961,1712463450.5374303,639908.51878944,791.0,0.0,794.0,BID
962,1712463472.5052102,640462.70223897,789.8,-3.563760094870061e-07,794.0,ASK
963,1712463480.7758486,640462.70223897,789.8,-0.0,794.0,ASK
964,1712463484.4341924,640658.67743275,789.8,-1.2598933673955794e-07,794.0,ASK
965,1712463484.442092,641324.72155332,789.8,-4.281891772694335e-07,794.0,ASK
966,1712463484.4750345,641956.51690722,789.8,-4.061711896167196e-07,794.0,ASK
967,1712463510.7867024,641956.51690722,789.8,-0.0,794.0,ASK
968,1712463526.5644746,642394.88968696,789.8,-2.816092952529771e-07,794.0,ASK
969,1712463526.5700705,642407.51690722,789.8,-8.111686589039072e-09,794.0,ASK
970,1712463540.53778,642407.51690722,789.8,-0.0,794.0,ASK
971,1712463553.6042707,642407.55112023,789.8,-2.197330206809831e-11,794.0,ASK
972,1712463569.2842743,642426.55112023,789.7,-1.2202748002278998e-08,794.0,ASK
973,1712463570.5386837,642426.55112023,789.7,-0.0,794.0,ASK
974,1712463575.2642202,645583.94716362,789.7,-2.027817700610955e-06,794.0,ASK
975,1712463585.504136,646972.62649687,789.7,-8.91870545772059e-07,794.0,ASK
976,1712463600.537577,646972.62649687,789.7,-0.0,794.0,ASK
977,1712463613.7441134,647227.07942307,789.8,-1.630982401988486e-07,794.0,ASK
978,1712463630.5077074,647227.07942307,789.8,-0.0,794.0,ASK
979,1712463631.514116,647380.44950181,789.8,-9.829389074751189e-08,794.0,ASK
980,1712463632.0140786,648106.29443048,789.8,-4.651893166152948e-07,794.0,ASK
981,1712463659.6741583,648577.29443048,789.8,-3.018608513629571e-07,794.0,ASK
982,1712463659.693927,648871.29443048,789.8,-1.8842269702910697e-07,794.0,ASK
983,1712463659.7980037,648871.841488,789.8,-3.5060562364451556e-10,794.0,ASK
984,1712463659.856836,650868.96177685,789.7,-1.2799414663832446e-06,794.0,ASK
985,1712463659.8616314,651018.255179,789.7,-9.568117510795841e-08,794.0,ASK
986,1712463659.878114,651018.2551794,789.7,-2.563593629557609e-16,794.0,ASK
987,1712463659.995383,651030.92302839,789.4,-8.118742422672382e-09,794.0,ASK
988,1712463660.0007784,652524.92302839,789.2,-9.574949298009722e-07,794.0,ASK
989,1712463660.0050447,652531.93092839,789.1,-4.49131775001431e-09,794.0,ASK
990,1712463660.0086982,652544.60198769,789.2,-8.120799889503397e-09,794.0,ASK
991,1712463660.012408,652550.93912331,789.0,-4.061429200585208e-09,794.0,ASK
992,1712463660.0161011,652689.5836885,789.2,-8.885640442693644e-08,794.0,ASK
993,1712463660.0197802,653151.58251434,788.9,-2.960920571056689e-07,794.0,ASK
994,1712463660.0236104,653164.2551794,789.1,-8.121829010666171e-09,794.0,ASK
995,1712463660.755819,653164.2551794,789.1,-0.0,794.0,ASK
996,1712463680.5492682,653311.11528573,788.9,-9.383977679936137e-08,794.0,ASK
997,1712463690.795709,653311.11528573,788.9,-0.0,794.0,ASK
998,1712463696.6742065,653317.4435986,790.1,4.0433275086321835e-09,794.0,BID
999,1712463720.5340767,653317.4435986,790.1,0.0,794.0,BID
1000,1712463750.5345354,653317.4435986,790.1,0.0,794.0,BID
1201,1712463780.5653813,653317.4435986,790.1,0.0,794.0,BID
1202,1712463802.434111,653660.11718005,788.9,-2.1894257135172973e-07,794.0,ASK
1203,1712463810.5758345,653660.11718005,788.9,-0.0,794.0,ASK
1204,1712463840.7558234,653660.11718005,788.9,-0.0,794.0,ASK
1205,1712463870.764217,653660.11718005,788.9,-0.0,794.0,ASK
1206,1712463900.5105982,653660.11718005,788.9,-0.0,794.0,ASK
1207,1712463910.0942,653786.90810182,788.7,-8.107466758424955e-08,794.0,ASK
1208,1712463910.096385,653793.11718005,788.7,-3.9703075462448405e-09,794.0,ASK
1209,1712463930.5184283,653793.11718005,788.7,-0.0,794.0,ASK
1210,1712463946.7543983,653793.24891581,788.7,-8.42309249101137e-11,794.0,ASK
1211,1712463948.32421,653951.05311581,788.7,1.0089890337046222e-07,794.0,BID
1212,1712463948.414151,653971.95980281,788.7,1.3367589654802773e-08,794.0,BID
1213,1712463960.765838,653971.95980281,788.7,0.0,794.0,BID
1214,1712463973.5755076,654599.82872589,788.5,-4.0141880103506e-07,794.0,ASK
1215,1712463990.7939208,654599.82872589,788.5,-0.0,794.0,ASK
1216,1712464020.546131,654599.82872589,788.5,-0.0,794.0,ASK
1217,1712464043.8142562,654611.72743203,788.6,7.604856438464742e-09,794.0,BID
1218,1712464043.815915,654611.72743292,788.7,5.68825312245194e-16,794.0,BID
1219,1712464043.8174667,654615.67509553,789.5,2.5230816748610432e-09,794.0,BID
1220,1712464050.536319,654615.67509553,789.5,0.0,794.0,BID
1221,1712464073.7941942,654621.92158145,788.5,-3.992303751070251e-09,794.0,ASK
1222,1712464080.7564182,654621.92158145,788.5,-0.0,794.0,ASK
1223,1712464082.1842911,656156.582279,788.5,9.808414604771703e-07,794.0,BID
1224,1712464110.7740672,656156.582279,788.5,0.0,794.0,BID
1225,1712464140.3051064,656537.19633634,788.2,-2.430723265138549e-07,794.0,ASK
1226,1712464140.3064451,656600.63201256,788.2,-4.051205441683216e-08,794.0,ASK
1227,1712464140.4032538,656715.92524356,788.2,7.362994968265092e-08,794.0,BID
1228,1712464140.4740703,656715.92524356,788.2,0.0,794.0,BID
1229,1712464140.6239288,657433.83292595,788.2,4.583497863064767e-07,794.0,BID
1230,1712464164.8539925,660989.11634,788.2,-2.2698787505154965e-06,794.0,ASK
1231,1712464170.517112,660989.11634,788.2,-0.0,794.0,ASK
1232,1712464173.1857357,661337.99774086,788.2,-2.222661619288271e-07,794.0,ASK
1233,1712464193.334173,661592.04212041,788.2,-1.618471751803973e-07,794.0,ASK
1234,1712464193.3506875,661718.91347285,788.2,-8.082749179531934e-08,794.0,ASK
1235,1712464193.352166,662586.41918351,788.0,-5.52672525059878e-07,794.0,ASK
1236,1712464193.8241746,662876.71068351,788.0,1.8493957369616e-07,794.0,BID
1237,1712464200.6340413,662876.71068351,788.0,0.0,794.0,BID
1238,1712464230.5406437,662876.71068351,788.0,0.0,794.0,BID
1239,1712464243.6241083,663028.39564543,788.0,9.669759366527765e-08,794.0,BID
1240,1712464250.954245,666990.13299533,788.0,2.525566566522753e-06,794.0,BID
1241,1712464260.744264,666990.13299533,788.0,0.0,794.0,BID
1242,1712464277.7341309,670852.57516668,788.0,2.4571895184458784e-06,794.0,BID
1243,1712464290.7641766,670852.57516668,788.0,0.0,794.0,BID
1244,1712464320.5388124,670852.57516668,788.0,0.0,794.0,BID
1245,1712464325.9442654,670937.90206778,787.7,-5.41779466028205e-08,794.0,ASK
1246,1712464326.043996,672548.54340053,787.7,1.0226697442083728e-06,794.0,BID
1247,1712464335.094316,672570.71494493,789.3,1.4077726169850584e-08,794.0,BID
1248,1712464350.5468314,672570.71494493,789.3,0.0,794.0,BID
1249,1712464378.8841798,672644.5392196,789.3,4.68341570543723e-08,794.0,BID
1250,1712464380.7573848,672644.5392196,789.3,0.0,794.0,BID
1251,1712464410.7634704,672644.5392196,789.3,0.0,794.0,BID
1252,1712464440.5762808,672644.5392196,789.3,0.0,794.0,BID
1253,1712464470.5040376,672644.5392196,789.3,0.0,794.0,BID
1254,1712464500.7839985,672644.5392196,789.3,0.0,794.0,BID
1255,1712464523.1845129,672685.44211176,789.0,2.5974462957203618e-08,794.0,BID
1256,1712464523.187507,675179.39346548,789.0,1.5837277912005582e-06,794.0,BID
1257,1712464530.8103614,675179.39346548,789.0,0.0,794.0,BID
1258,1712464538.8369682,678681.49057332,789.0,2.221107180206185e-06,794.0,BID
1259,1712464538.934044,679024.85096486,789.0,-2.17766728781044e-07,794.0,ASK
1260,1712464539.2944715,679367.85096486,787.6,-2.175381605225114e-07,794.0,ASK
1261,1712464560.54457,679367.85096486,787.6,-0.0,794.0,ASK
1262,1712464590.5267737,679367.85096486,787.6,-0.0,794.0,ASK
1263,1712464620.7565312,679367.85096486,787.6,-0.0,794.0,ASK
1264,1712464621.264376,679380.51720931,787.6,-8.016412193844937e-09,794.0,ASK
1265,1712464634.7543316,680019.17554672,787.6,-4.042041430603086e-07,794.0,ASK
1266,1712464650.7759547,680019.17554672,787.6,-0.0,794.0,ASK
1267,1712464680.5362685,680019.17554672,787.6,-0.0,794.0,ASK
1268,1712464710.5396254,680019.17554672,787.6,-0.0,794.0,ASK
1269,1712464740.744066,680019.17554672,787.6,-0.0,794.0,ASK
1270,1712464770.7739031,680019.17554672,787.6,-0.0,794.0,ASK
1271,1712464800.5654776,680019.17554672,787.6,-0.0,794.0,ASK
1272,1712464830.5293715,680019.17554672,787.6,-0.0,794.0,ASK
1273,1712464833.7341173,680024.85096486,787.6,-3.593285855807963e-09,794.0,ASK
1274,1712464833.7372162,680033.75644778,787.6,-5.638341533042489e-09,794.0,ASK
1275,1712464860.746331,680033.75644778,787.6,-0.0,794.0,ASK
1276,1712464890.7883306,680033.75644778,787.6,-0.0,794.0,ASK
1277,1712464901.634159,680151.43324334,787.6,-7.450434138911658e-08,794.0,ASK
1278,1712464901.6379125,680254.26589951,787.6,-6.510611786102077e-08,794.0,ASK
1279,1712464901.7539868,680690.49908051,787.6,2.761909490125239e-07,794.0,BID
1280,1712464901.85389,680690.49908071,787.6,1.266263384337475e-16,794.0,BID
1281,1712464920.5139909,680690.49908071,787.6,0.0,794.0,BID
1282,1712464950.5034935,680690.49908071,787.6,0.0,794.0,BID
1283,1712464980.7939262,680690.49908071,787.6,0.0,794.0,BID
1284,1712465010.7940106,680690.49908071,787.6,0.0,794.0,BID
1285,1712465019.0442328,681867.75992821,788.2,7.451114640285692e-07,794.0,BID
1286,1712465040.5258768,681867.75992821,788.2,0.0,794.0,BID
1287,1712465070.5240154,681867.75992821,788.2,0.0,794.0,BID
1288,1712465071.3539867,682384.34000406,788.2,3.267617485347234e-07,794.0,BID
1289,1712465083.1840146,683304.98346309,788.2,5.823512762368673e-07,794.0,BID
1290,1712465086.9941492,683417.55614752,787.7,-7.120763831445535e-08,794.0,ASK
1291,1712465088.4445734,683577.72799787,788.2,1.013164005605432e-07,794.0,BID
1292,1712465100.5742364,683577.72799787,788.2,0.0,794.0,BID
1293,1712465113.0541413,683896.59799702,788.2,2.019185122757242e-07,794.0,BID
1294,1712465126.3140464,684074.49091853,788.2,1.1264739282915813e-07,794.0,BID
1295,1712465130.516401,684074.49091853,788.2,0.0,794.0,BID
1296,1712465137.5743475,684417.04357001,788.2,2.168613437914829e-07,794.0,BID
1297,1712465144.3142784,686002.30533701,788.2,1.0035887784479377e-06,794.0,BID
1298,1712465153.9742458,687068.73592554,788.2,6.751299967750957e-07,794.0,BID
1299,1712465157.5641184,687707.36124901,788.2,-4.042973984543058e-07,794.0,ASK
1300,1712465160.774916,687707.36124901,788.2,-0.0,794.0,ASK
1301,1712465161.1844716,688026.67391075,788.2,-2.017829145361461e-07,794.0,ASK
1302,1712465164.0963142,688186.33024162,788.2,-1.0089145726807305e-07,794.0,ASK
1303,1712465167.1642065,688266.15840705,788.2,-5.0445728630873176e-08,794.0,ASK
1304,1712465170.1942413,688306.07248977,788.2,-2.5222864318636722e-08,794.0,ASK
1305,1712465173.5855577,688326.02953113,788.2,-1.2611432159281576e-08,794.0,ASK
1306,1712465190.7779653,688326.02953113,788.2,-0.0,794.0,ASK
1307,1712465192.1140227,688536.90935887,790.1,1.3322001599524428e-07,794.0,BID
1308,1712465192.1162026,689214.59923228,789.2,4.2811992376436834e-07,794.0,BID
1309,1712465220.5123427,689214.59923228,789.2,0.0,794.0,BID
1310,1712465250.550024,689214.59923228,789.2,0.0,794.0,BID
1311,1712465280.7670937,689214.59923228,789.2,0.0,794.0,BID
1312,1712465310.7672892,689214.59923228,789.2,0.0,794.0,BID
1313,1712465340.5493214,689214.59923228,789.2,0.0,794.0,BID
1314,1712465370.5543647,689214.59923228,789.2,0.0,794.0,BID
1315,1712465391.8053756,690693.8891731,788.5,-9.34104235603232e-07,794.0,ASK
1316,1712465400.612066,690693.8891731,788.5,-0.0,794.0,ASK
1317,1712465430.574273,690693.8891731,788.5,-0.0,794.0,ASK
1318,1712465460.7672908,690693.8891731,788.5,-0.0,794.0,ASK
1319,1712465490.7905126,690693.8891731,788.5,-0.0,794.0,ASK
1320,1712465498.1569011,690703.86769378,788.6,-6.2991487477566855e-09,794.0,ASK
1321,1712465520.8164148,690703.86769378,788.6,-0.0,794.0,ASK
1322,1712465550.5340369,690703.86769378,788.6,-0.0,794.0,ASK
1323,1712465556.3140414,690844.8297671,791.0,8.898479897757665e-08,794.0,BID
1324,1712465580.784681,690844.8297671,791.0,0.0,794.0,BID
1325,1712465610.7743454,690844.8297671,791.0,0.0,794.0,BID
1326,1712465640.5248415,690844.8297671,791.0,0.0,794.0,BID
1327,1712465668.1947055,690864.45087961,790.9,1.238530212873086e-08,794.0,BID
1328,1712465670.5142531,690864.45087961,790.9,0.0,794.0,BID
1329,1712465700.7843962,690864.45087961,790.9,0.0,794.0,BID
1330,1712465730.7662337,690864.45087961,790.9,0.0,794.0,BID
1331,1712465760.510207,690864.45087961,790.9,0.0,794.0,BID
1332,1712465790.4745033,690864.45087961,790.9,0.0,794.0,BID
1333,1712465820.786441,690864.45087961,790.9,0.0,794.0,BID
1334,1712465849.4542625,690883.06971534,790.0,1.1791822239288771e-08,794.0,BID
1335,1712465850.7965038,690883.06971534,790.0,0.0,794.0,BID
1336,1712465880.5214922,690883.06971534,790.0,0.0,794.0,BID
1337,1712465910.4889922,690883.06971534,790.0,0.0,794.0,BID
1338,1712465917.5745723,690897.38946217,790.0,9.069006172528038e-09,794.0,BID
1339,1712465940.766946,690897.38946217,790.0,0.0,794.0,BID
1340,1712465952.074411,690910.04929252,789.9,8.017687629867357e-09,794.0,BID
1341,1712465970.7841003,690910.04929252,789.9,0.0,794.0,BID
1342,1712466000.1144514,692176.03232834,789.9,8.017636857940957e-07,794.0,BID
1343,1712466000.69515,692176.03232834,789.9,0.0,794.0,BID
1344,1712466030.4746375,692176.03232834,789.9,0.0,794.0,BID
1345,1712466060.7369733,692176.03232834,789.9,0.0,794.0,BID
1346,1712466090.7667727,692176.03232834,789.9,0.0,794.0,BID
1347,1712466120.5341177,692176.03232834,789.9,0.0,794.0,BID
1348,1712466149.1343913,693786.18686621,789.9,-1.0191098104512315e-06,794.0,ASK
1349,1712466149.5446422,694176.20834553,788.6,-2.468550108162524e-07,794.0,ASK
1350,1712466149.5482268,694176.8696149,788.5,-4.1853504522008416e-10,794.0,ASK
1351,1712466149.5517762,695178.59228799,788.6,-6.340170334507072e-07,794.0,ASK
1352,1712466149.724493,695345.98651015,789.0,1.059482739102599e-07,794.0,BID
1353,1712466149.7280731,695400.85728799,789.1,3.472918076412496e-08,794.0,BID
1354,1712466150.5075886,695400.85728799,789.1,0.0,794.0,BID
1355,1712466150.589893,696666.75928799,788.2,-7.999345077395725e-07,794.0,ASK
1356,1712466180.7666025,696666.75928799,788.2,-0.0,794.0,ASK
1357,1712466197.8726623,698172.61760859,788.2,9.509654065930276e-07,794.0,BID
1358,1712466210.7845013,698172.61760859,788.2,0.0,794.0,BID
1359,1712466217.4345176,699172.61760859,788.8,-6.310375487938874e-07,794.0,ASK
1360,1712466240.5412352,699172.61760859,788.8,-0.0,794.0,ASK
1361,1712466270.5280187,699172.61760859,788.8,-0.0,794.0,ASK
1362,1712466300.7862153,699172.61760859,788.8,-0.0,794.0,ASK
1363,1712466330.7952724,699172.61760859,788.8,-0.0,794.0,ASK
1364,1712466354.8548317,699578.83944496,789.2,2.567729020384474e-07,794.0,BID
1365,1712466354.8587406,699635.76307329,789.2,3.5981436575310525e-08,794.0,BID
1366,1712466354.861609,700063.93865681,789.1,2.706498698959699e-07,794.0,BID
1367,1712466354.994568,700341.00700077,789.2,1.7513495428345206e-07,794.0,BID
1368,1712466354.9982204,700734.29034581,789.2,2.485944791440364e-07,794.0,BID
1369,1712466355.0142894,701082.85867915,789.2,2.203301115228673e-07,794.0,BID
1370,1712466360.5367398,701082.85867915,789.2,0.0,794.0,BID
1371,1712466390.5279157,701082.85867915,789.2,0.0,794.0,BID
1372,1712466412.5747018,701951.67894385,789.2,5.486586402111605e-07,794.0,BID
1373,1712466412.5794432,702348.9135532,789.2,2.508530353928049e-07,794.0,BID
1374,1712466420.7376814,702348.9135532,789.2,0.0,794.0,BID
1375,1712466450.7667897,702348.9135532,789.2,0.0,794.0,BID
1376,1712466480.5517373,702348.9135532,789.2,0.0,794.0,BID
1377,1712466510.5067012,702348.9135532,789.2,0.0,794.0,BID
1378,1712466540.7950814,702348.9135532,789.2,0.0,794.0,BID
1379,1712466570.7746842,702348.9135532,789.2,0.0,794.0,BID
1380,1712466600.5215354,702348.9135532,789.2,0.0,794.0,BID
1381,1712466630.5420165,702348.9135532,789.2,0.0,794.0,BID
1382,1712466660.7743504,702348.9135532,789.2,0.0,794.0,BID
1383,1712466690.7646096,702348.9135532,789.2,0.0,794.0,BID
1384,1712466720.532383,702348.9135532,789.2,0.0,794.0,BID
1385,1712466750.5188646,702348.9135532,789.2,0.0,794.0,BID
1386,1712466778.2748444,702368.9135532,792.5,1.2647829491556209e-08,794.0,BID
1387,1712466780.7747788,702368.9135532,792.5,0.0,794.0,BID
1388,1712466791.7846756,702400.6907242,792.4,-2.0095410602179483e-08,794.0,ASK
1389,1712466795.2382047,702400.69072455,792.4,-2.2137329258585263e-16,794.0,ASK
1390,1712466797.364442,702450.69072455,792.4,3.1619256796277895e-08,794.0,BID
1391,1712466801.9845695,702576.88961399,792.4,7.98063018521218e-08,794.0,BID
1392,1712466810.7972572,702576.88961399,792.4,0.0,794.0,BID
1393,1712466831.144548,703743.05943165,792.4,7.3739160975238e-07,794.0,BID
1394,1712466840.5343957,703743.05943165,792.4,0.0,794.0,BID
1395,1712466870.5373864,703743.05943165,792.4,0.0,794.0,BID
1396,1712466900.5148473,703743.05943165,792.4,0.0,794.0,BID
1397,1712466919.7397108,703793.05943165,790.6,-3.1617745978728585e-08,794.0,ASK
1398,1712466919.7424026,706271.50443797,790.6,-1.5672568926414952e-06,794.0,ASK
1399,1712466930.4869337,706271.50443797,790.6,-0.0,794.0,ASK
1400,1712466960.54677,706271.50443797,790.6,-0.0,794.0,ASK
1401,1712466989.374584,706308.27560624,790.6,-2.3223073556749925e-08,794.0,ASK
1402,1712466990.5314856,706308.27560624,790.6,-0.0,794.0,ASK
1403,1712467020.7448337,706308.27560624,790.6,-0.0,794.0,ASK
1404,1712467024.9954827,707587.64582173,790.6,-8.079798530027643e-07,794.0,ASK
1405,1712467047.464657,710532.95270573,790.2,-1.860093813635393e-06,794.0,ASK
1406,1712467047.5246344,710532.95270606,790.2,-2.084334908774261e-16,794.0,ASK
1407,1712467047.534472,712173.95170573,790.0,-1.036364700754943e-06,794.0,ASK
1408,1712467047.6143682,712173.95170606,790.0,-2.0835996936388912e-16,794.0,ASK
1409,1712467050.7781396,712173.95170606,790.0,-0.0,794.0,ASK
1410,1712467077.3045278,712904.24099106,790.0,-4.598643509961916e-07,794.0,ASK
1411,1712467080.5446296,712904.24099106,790.0,-0.0,794.0,ASK
1412,1712467110.5444431,712904.24099106,790.0,-0.0,794.0,ASK
1413,1712467140.7882557,712904.24099106,790.0,-0.0,794.0,ASK
1414,1712467170.7943833,712904.24099106,790.0,-0.0,794.0,ASK
1415,1712467200.5865972,712904.24099106,790.0,-0.0,794.0,ASK
1416,1712467230.5245132,712904.24099106,790.0,-0.0,794.0,ASK
1417,1712467247.8670864,712904.24099179,790.0,-4.606875075187232e-16,794.0,ASK
1418,1712467247.871159,713030.82327027,790.0,-7.989169961252894e-08,794.0,ASK
1419,1712467247.9445257,713057.15239727,790.0,1.6617481772310447e-08,794.0,BID
1420,1712467247.9643505,714088.77356481,790.0,6.511019506101335e-07,794.0,BID
1421,1712467258.2844386,714101.43179266,790.0,7.989169962501965e-09,794.0,BID
1422,1712467260.7848592,714101.43179266,790.0,0.0,794.0,BID
1423,1712467282.4146934,714859.19890556,791.8,4.779751752603335e-07,794.0,BID
1424,1712467290.7679214,714859.19890556,791.8,0.0,794.0,BID
1425,1712467316.334354,715586.43179266,791.8,4.585416255776734e-07,794.0,BID
1426,1712467316.434349,719791.0318458,791.8,-2.651123426167948e-06,794.0,ASK
1427,1712467316.4545672,721180.97531449,791.8,-8.764000485947348e-07,794.0,ASK
1428,1712467316.4593935,721191.1213505,791.8,-6.397372736742053e-09,794.0,ASK
1429,1712467320.5394654,721191.1213505,791.8,-0.0,794.0,ASK
1430,1712467350.5243962,721191.1213505,791.8,-0.0,794.0,ASK
1431,1712467380.7908628,721191.1213505,791.8,-0.0,794.0,ASK
1432,1712467410.7742286,721191.1213505,791.8,-0.0,794.0,ASK
1433,1712467440.5341291,721191.1213505,791.8,-0.0,794.0,ASK
1434,1712467470.5294363,721191.1213505,791.8,-0.0,794.0,ASK
1435,1712467499.7952795,721237.54755303,790.0,-2.9180832480101624e-08,794.0,ASK
1436,1712467500.5489864,721237.54755303,790.0,-0.0,794.0,ASK
1437,1712467530.5445914,721237.54755303,790.0,-0.0,794.0,ASK
1438,1712467532.864537,721278.76356721,789.3,-2.5945426487756923e-08,794.0,ASK
1439,1712467532.8688188,721291.41218851,789.3,-7.962290401920342e-09,794.0,ASK
1440,1712467532.944494,721393.56145138,789.3,6.430282605690077e-08,794.0,BID
1441,1712467560.744364,721393.56145138,789.3,0.0,794.0,BID
1442,1712467590.7939155,721393.56145138,789.3,0.0,794.0,BID
1443,1712467620.5384572,721393.56145138,789.3,0.0,794.0,BID
1444,1712467635.4742713,721402.78891376,790.9,5.808225140890235e-09,794.0,BID
1445,1712467643.8843038,722302.78891375,790.8,5.665048971747232e-07,794.0,BID
1446,1712467650.5381496,722302.78891375,790.8,0.0,794.0,BID
1447,1712467654.6643555,723212.78891375,790.8,5.725402724425303e-07,794.0,BID
1448,1712467655.62413,723374.87964896,790.8,1.0198183922806304e-07,794.0,BID
1449,1712467655.6441312,723536.60073309,790.8,1.01749267656582e-07,794.0,BID
1450,1712467655.7945626,724660.05180335,790.9,7.068362437829958e-07,794.0,BID
1451,1712467655.798761,725526.23998402,790.8,5.44975403238809e-07,794.0,BID
1452,1712467655.802873,725860.87903428,791.0,2.105432230832345e-07,794.0,BID
1453,1712467655.8052588,726602.21216779,790.9,4.664209606928973e-07,794.0,BID
1454,1712467660.2642803,726843.12816779,791.1,1.515759475557654e-07,794.0,BID
1455,1712467660.624315,727061.23301422,791.1,1.3722396505063162e-07,794.0,BID
1456,1712467660.629331,727070.62049201,791.1,5.906273726854895e-09,794.0,BID
1457,1712467661.8774562,727109.30849201,791.1,2.4341140725535035e-08,794.0,BID
1458,1712467663.6547172,727304.33729298,791.1,1.22705321803888e-07,794.0,BID
1459,1712467663.6642652,728094.75579601,791.1,4.973037638114244e-07,794.0,BID
1460,1712467680.776491,728094.75579601,791.1,0.0,794.0,BID
1461,1712467692.064101,728241.16186807,792.0,-9.184886937207876e-08,794.0,ASK
1462,1712467692.067674,728517.16186807,791.9,-1.7315052299405645e-07,794.0,ASK
1463,1712467705.734219,728751.07668106,791.9,1.467480877002724e-07,794.0,BID
1464,1712467705.814154,728930.212954,791.9,1.1238238893754278e-07,794.0,BID
1465,1712467707.888523,732193.24433131,791.9,2.047085469301636e-06,794.0,BID
1466,1712467709.2643442,732227.66133131,792.1,2.1591744745975296e-08,794.0,BID
1467,1712467710.753228,732227.66133131,792.1,0.0,794.0,BID
1468,1712467730.724398,732227.66192036,792.1,3.687874082297608e-13,794.0,BID
1469,1712467731.1441767,732403.55958083,792.3,1.1012450887356405e-07,794.0,BID
1470,1712467731.853985,732515.96899178,792.3,7.037632644203412e-08,794.0,BID
1471,1712467733.614016,732755.11004219,792.3,1.4971939170505485e-07,794.0,BID
1472,1712467740.5960145,732755.11004219,792.3,0.0,794.0,BID
1473,1712467742.4039423,733429.17203414,792.3,4.219006064379006e-07,794.0,BID
1474,1712467757.4239323,733619.97596552,792.3,1.1942565419998044e-07,794.0,BID
1475,1712467758.1141064,733880.51061052,792.3,1.630706463742203e-07,794.0,BID
1476,1712467759.0147312,734183.0400161,792.3,1.893554913402821e-07,794.0,BID
1477,1712467764.4741693,734349.98587465,792.3,1.044927021633996e-07,794.0,BID
1478,1712467764.6362035,738137.86466252,792.3,2.3708625865291394e-06,794.0,BID
1479,1712467764.6572993,740663.11718777,792.3,1.5805750576881332e-06,794.0,BID
1480,1712467764.6618855,740874.19844715,792.3,1.3211739039380576e-07,794.0,BID
1481,1712467764.754146,743399.4509724,792.3,1.580575057688206e-06,794.0,BID
1482,1712467764.7593966,747187.32976027,792.3,2.3708625865290666e-06,794.0,BID
1483,1712467764.761387,747382.84819384,792.3,1.2237649753007606e-07,794.0,BID
1484,1712467764.7938972,747581.06221319,792.3,1.240636854873459e-07,794.0,BID
1485,1712467764.8541093,747626.77411331,792.3,2.8611431311045383e-08,794.0,BID
1486,1712467764.8587372,747730.13806857,792.5,6.469629786106666e-08,794.0,BID
1487,1712467768.8140483,747892.51383246,792.5,1.0163224462161952e-07,794.0,BID
1488,1712467770.034033,748074.82946082,792.5,1.141127597858309e-07,794.0,BID
1489,1712467770.5242956,748074.82946082,792.5,0.0,794.0,BID
1490,1712467771.1641872,748247.49121673,792.5,1.0725548430304913e-07,794.0,BID
1491,1712467781.3640313,748757.7532523,792.5,3.1696887048361626e-07,794.0,BID
1492,1712467787.1441064,749985.7532523,793.0,7.628193865512266e-07,794.0,BID
1493,1712467787.1640766,750230.91693927,793.0,1.5229284470611124e-07,794.0,BID
1494,1712467787.1683614,751288.91693927,793.0,6.572173542110732e-07,794.0,BID
1495,1712467787.1838946,751289.31849324,793.0,2.4944067842894755e-10,794.0,BID
1496,1712467787.18764,751798.87253078,793.2,3.165290703020795e-07,794.0,BID
1497,1712467787.204379,752030.01173726,793.5,1.4358099975163884e-07,794.0,BID
1498,1712467787.2079291,752595.24724238,793.5,3.5111775347933365e-07,794.0,BID
1499,1712467788.4842455,756495.24724238,793.5,2.422634859568228e-06,794.0,BID
1500,1712467788.724218,757566.14621359,793.6,6.652300458279745e-07,794.0,BID
1501,1712467788.7293527,759155.24724238,793.5,9.87131166082663e-07,794.0,BID
1502,1712467789.3445244,759419.30506783,793.6,1.6402966484022594e-07,794.0,BID
1503,1712467790.674131,759713.3447628,793.6,1.826540551618333e-07,794.0,BID
1504,1712467791.554074,759889.34915069,793.6,1.0933188859980893e-07,794.0,BID
1505,1712467795.3140416,762411.09924525,793.6,1.5664819708206337e-06,794.0,BID
1506,1712467795.3543255,762565.76485785,794.9,9.607648837470377e-08,794.9,BID
1507,1712467795.3592367,762689.49734793,794.9,7.686119069970516e-08,794.9,BID
1508,1712467795.363836,762701.75731793,795.0,7.615751461357411e-09,795.0,BID
1509,1712467795.3658423,764209.73975122,793.6,9.367412334627808e-07,795.0,BID
1510,1712467795.368008,764222.49810794,794.0,7.925343523236185e-09,795.0,BID
1511,1712467795.370165,764499.78293492,794.2,1.722461250952072e-07,795.0,BID
1512,1712467795.372272,764699.78293492,795.0,1.24237685106063e-07,795.0,BID
1513,1712467795.3743565,764728.81593025,794.6,1.8034960657432533e-08,795.0,BID
1514,1712467795.3764975,764808.83433957,795.0,4.9706509698954e-08,795.0,BID
1515,1712467795.378599,764954.20516559,794.0,9.030267453341877e-08,795.0,BID
1516,1712467795.380715,764964.20516559,794.9,6.211884255303149e-09,795.0,BID
1517,1712467795.3828151,765271.09924525,795.1,1.906390501485388e-07,795.1,BID
1518,1712467800.1485312,765512.49790825,794.5,-1.4995405539407497e-07,795.1,ASK
1519,1712467800.1507533,765512.49790922,794.5,-6.026079819938301e-16,795.1,ASK
1520,1712467800.6371224,765512.49790922,794.5,-0.0,795.1,ASK
1521,1712467810.3440387,765518.87139551,793.2,-3.927484265200146e-09,795.1,ASK
1522,1712467810.8641891,767039.87139551,795.2,9.372740907521884e-07,795.2,BID
1523,1712467810.8691163,768498.53946944,795.3,8.988637690348136e-07,795.3,BID
1524,1712467830.5350788,768498.53946944,795.3,0.0,795.3,BID
1525,1712467860.7573922,768498.53946944,795.3,0.0,795.3,BID
1526,1712467887.9541876,768652.3006085,795.3,9.461259318115432e-08,795.3,BID
1527,1712467890.7667146,768652.3006085,795.3,0.0,795.3,BID
1528,1712467891.4441214,768664.87447999,795.3,7.73639611784451e-09,795.3,BID
1529,1712467916.5141644,769108.88102023,795.3,2.731863831241087e-07,795.3,BID
1530,1712467917.424131,769177.20408923,795.4,4.203751614552448e-08,795.4,BID
1531,1712467917.5178556,769215.52805448,796.0,2.357980008119564e-08,796.0,BID
1532,1712467917.5244422,769221.87068342,796.0,3.902464721989384e-09,796.0,BID
1533,1712467917.528575,769462.539519,795.5,1.480776582418113e-07,796.0,BID
1534,1712467917.5306664,771975.10233308,796.0,1.5459185515141396e-06,796.0,BID
1535,1712467920.5574522,771975.10233308,796.0,0.0,796.0,BID
1536,1712467933.5144565,772009.26386758,796.1,2.098461448172932e-08,796.1,BID
1537,1712467933.5206616,772026.34463483,796.1,1.0492307240900414e-08,796.1,BID
1538,1712467933.7541802,772160.12018825,796.4,8.217512640133498e-08,796.4,BID
1539,1712467933.7591598,772182.85945088,796.4,1.3968185764310192e-08,796.4,BID
1540,1712467938.4944546,772281.35396004,796.4,6.050282382055597e-08,796.4,BID
1541,1712467938.4994922,772774.19624612,796.5,3.027412417230688e-07,796.5,BID
1542,1712467938.5040865,773028.58922679,796.9,1.5626753026049878e-07,796.9,BID
1543,1712467938.5062232,773542.85945088,796.7,3.159039121024681e-07,796.9,BID
1544,1712467938.6543362,773561.75874623,796.9,1.1609385605850209e-08,796.9,BID
1545,1712467938.6594324,776071.16903482,797.0,1.5414707873444462e-06,797.0,BID
1546,1712467950.544834,776071.16903482,797.0,0.0,797.0,BID
1547,1712467969.0942478,776243.07522261,795.0,-1.0538656834332304e-07,797.0,ASK
1548,1712467969.1742706,776847.01289624,797.0,3.702421636786539e-07,797.0,BID
1549,1712467974.8542607,776857.01289624,795.0,-6.130469746212682e-09,797.0,ASK
1550,1712467980.5680869,776857.01289624,795.0,-0.0,797.0,ASK
1551,1712468010.5495815,776857.01289624,795.0,-0.0,797.0,ASK
1552,1712468040.7771912,776857.01289624,795.0,-0.0,797.0,ASK
1553,1712468041.084116,777518.25740884,795.0,-4.052184497914935e-07,797.0,ASK
1554,1712468070.7881515,777518.25740884,795.0,-0.0,797.0,ASK
1555,1712468100.5295756,777518.25740884,795.0,-0.0,797.0,ASK
1556,1712468117.003914,778152.02223082,795.0,-3.883734860780346e-07,797.0,ASK
1557,1712468130.5091448,778152.02223082,795.0,-0.0,797.0,ASK
1558,1712468160.7837994,778152.02223082,795.0,-0.0,797.0,ASK
1559,1712468177.1642518,778874.29242116,797.0,4.424732947196558e-07,797.0,BID
1560,1712468184.2744904,778899.38022849,797.2,1.536915812813899e-08,797.2,BID
1561,1712468184.2802978,780353.78076489,797.6,8.909870652145021e-07,797.6,BID
1562,1712468184.2847204,780420.33891786,797.3,4.077449911257572e-08,797.6,BID
1563,1712468184.289145,780494.29242116,797.6,4.530499901407603e-08,797.6,BID
1564,1712468184.2936234,782474.29242116,797.6,1.2129769929069134e-06,797.6,BID
1565,1712468187.763918,782866.0018178,797.6,2.3996691213621933e-07,797.6,BID
1566,1712468188.124051,783159.7064214,797.6,1.7992774084727497e-07,797.6,BID
1567,1712468188.3240016,783837.2178214,797.6,4.150534043597197e-07,797.6,BID
1568,1712468190.7639732,783837.2178214,797.6,0.0,797.6,BID
1569,1712468199.7171726,784039.8918844,797.6,1.2381718107974378e-07,797.6,BID
1570,1712468200.7339396,784039.89188476,797.6,2.1990361397032446e-16,797.6,BID
1571,1712468200.7392545,784127.94391476,798.0,5.3792547411214096e-08,798.0,BID
1572,1712468200.7446222,784187.84625243,798.0,3.6595400914141726e-08,798.0,BID
1573,1712468200.748507,784226.0496774,797.9,2.333915014760032e-08,798.0,BID
1574,1712468200.7507665,784709.39752689,798.0,2.952857771682643e-07,798.0,BID
1575,1712468200.8713684,788457.51092489,798.0,-2.289788976636599e-06,798.0,ASK
1576,1712468215.2741544,788584.5434446,798.0,-7.760642019564145e-08,798.0,ASK
1577,1712468215.2796178,788584.54344521,798.0,-3.726697727052069e-16,798.0,ASK
1578,1712468219.7440252,788628.21224937,798.0,-2.667804726552764e-08,798.0,ASK
1579,1712468220.5418544,788628.21224937,798.0,-0.0,798.0,ASK
1580,1712468230.0641055,789534.02084293,798.0,-5.520850819549463e-07,798.0,ASK
1581,1712468230.0838246,789835.95704078,798.0,-1.840283606496384e-07,798.0,ASK
1582,1712468250.5184193,789835.95704078,798.0,-0.0,798.0,ASK
1583,1712468280.805142,789835.95704078,798.0,-0.0,798.0,ASK
1584,1712468310.7936926,789835.95704078,798.0,-0.0,798.0,ASK
1585,1712468340.5465007,789835.95704078,798.0,-0.0,798.0,ASK
1586,1712468370.5204043,789835.95704078,798.0,-0.0,798.0,ASK
1587,1712468371.8339436,790670.65950043,797.9,5.08447634359046e-07,798.0,BID
1588,1712468371.839346,790750.32757436,797.9,4.852872212766245e-08,798.0,BID
1589,1712468371.8542233,791052.26377353,797.9,1.839203232487864e-07,798.0,BID
1590,1712468371.9343526,791077.30132987,798.8,1.5251286424309228e-08,798.8,BID
1591,1712468371.9395926,791098.16384247,798.0,1.2708115395654793e-08,798.8,BID
1592,1712468371.9444118,791104.42950664,798.3,3.816643988585931e-09,798.8,BID
1593,1712468371.9467232,791877.06422554,798.8,4.706399154653714e-07,798.8,BID
1594,1712468371.9491184,793586.7432002,797.9,1.0414276609940468e-06,798.8,BID
1595,1712468371.9514933,793645.74664179,798.0,3.5941142797228094e-08,798.8,BID
1596,1712468371.953858,793652.26377353,798.3,3.969822033824974e-09,798.8,BID
1597,1712468372.033851,795572.26377353,798.8,1.169541848934662e-06,798.8,BID
1598,1712468372.0540235,797664.83028479,798.8,1.2746583888530057e-06,798.8,BID
1599,1712468372.0588777,797763.08509417,798.8,5.985057886923044e-08,798.8,BID
1600,1712468372.06368,798158.35166962,798.9,2.407712507676853e-07,798.9,BID
1601,1712468372.066013,798212.26377353,798.8,3.2839823795238545e-08,798.9,BID
1602,1712468392.3138611,798245.26595114,797.7,-2.0102826990003088e-08,798.9,ASK
