,time,acc_trade_volume,trade_price,dev,high,ask_bid
0,1712451675.0454092,19557103.29414205,7.728,0.0,7.781,BID
1,1712451690.424591,19557103.29414205,7.728,0.0,7.781,BID
2,1712451697.6443107,19557879.79213609,7.727,-6.205430250837043e-07,7.781,ASK
3,1712451698.1045363,19565699.86731641,7.728,6.24945994195105e-06,7.781,BID
4,1712451698.1059024,19570819.75072822,7.727,4.091585509317707e-06,7.781,BID
5,1712451716.4542286,19571596.44975734,7.725,-6.20703683471477e-07,7.781,ASK
6,1712451720.2871225,19571596.44975734,7.725,-0.0,7.781,ASK
7,1712451732.7643404,19572475.74866997,7.724,-7.026341084819697e-07,7.781,ASK
8,1712451737.4576662,19706122.08320279,7.724,-0.0001067947108401,7.781,ASK
9,1712451748.0564468,19924052.41058475,7.724,-0.0001741447408746,7.781,ASK
10,1712451750.2943242,19924052.41058475,7.724,-0.0,7.781,ASK
11,1712451768.4942887,19924829.00908332,7.725,6.192207472399202e-07,7.781,BID
12,1712451780.4347012,19924829.00908332,7.725,0.0,7.781,BID
13,1712451798.7043746,19925605.70811244,7.725,6.192979428688568e-07,7.781,BID
14,1712451810.4369068,19925605.70811244,7.725,0.0,7.781,BID
15,1712451831.4444282,19954657.0996982,7.725,2.316390300467116e-05,7.781,BID
16,1712451840.3002777,19954657.0996982,7.725,0.0,7.781,BID
17,1712451870.297752,19954657.0996982,7.725,0.0,7.781,BID
18,1712451900.4443214,19954657.0996982,7.725,0.0,7.781,BID
19,1712451902.9553611,20053586.08934122,7.725,7.907178213615746e-05,7.781,BID
20,1712451902.956849,20056379.1617902,7.725,2.232441845137561e-06,7.781,BID
21,1712451924.6444216,20056379.16179021,7.725,8.932629675189712e-18,7.781,BID
22,1712451930.4257245,20056379.16179021,7.725,0.0,7.781,BID
23,1712451947.894446,20073087.34949246,7.725,-1.3346107389000255e-05,7.781,ASK
24,1712451947.896102,20073864.04852158,7.725,-6.20408917847083e-07,7.781,ASK
25,1712451960.274505,20073864.04852158,7.725,-0.0,7.781,ASK
26,1712451980.904842,20074640.34558458,7.725,6.20020941876812e-07,7.781,BID
27,1712451989.1943643,20074911.01926334,7.725,2.161844443891832e-07,7.781,BID
28,1712451989.196025,20075287.44858937,7.728,3.006504550898516e-07,7.781,BID
29,1712451989.774306,20076063.84610489,7.728,6.201011723311108e-07,7.781,BID
30,1712451990.284502,20076063.84610489,7.728,0.0,7.781,BID
31,1712452020.4443235,20076063.84610489,7.728,0.0,7.781,BID
32,1712452030.7487895,20132743.10335968,7.728,4.526855901346788e-05,7.781,BID
33,1712452030.750205,20134559.32529289,7.728,1.45057916682651e-06,7.781,BID
34,1712452050.4443426,20134559.32529289,7.728,0.0,7.781,BID
35,1712452080.2686236,20134559.32529289,7.728,0.0,7.781,BID
36,1712452107.049618,20134559.32529355,7.728,5.26440309541242e-16,7.781,BID
37,1712452110.2969596,20134559.32529355,7.728,0.0,7.781,BID
38,1712452111.9080353,20193989.31488543,7.738,4.744838142763047e-05,7.781,BID
39,1712452111.9096217,20729362.45351364,7.739,0.0004274372090956,7.781,BID
40,1712452140.427599,20729362.45351364,7.739,0.0,7.781,BID
41,1712452170.4542515,20729362.45351364,7.739,0.0,7.781,BID
42,1712452200.359864,20729362.45351364,7.739,0.0,7.781,BID
43,1712452207.9243698,20730654.61012302,7.739,1.0279630052893485e-06,7.781,BID
44,1712452215.957702,20742778.57492633,7.728,-9.64510586779944e-06,7.781,ASK
45,1712452215.9584374,20742778.57492634,7.728,-5.927239133379191e-18,7.781,ASK
46,1712452230.2960324,20742778.57492634,7.728,-0.0,7.781,ASK
47,1712452237.7243924,20743425.57492634,7.728,-5.146722919071371e-07,7.781,ASK
48,1712452260.4351797,20743425.57492634,7.728,-0.0,7.781,ASK
49,1712452268.4371996,20744072.57492634,7.729,-5.14670244864153e-07,7.781,ASK
50,1712452290.4442964,20744072.57492634,7.729,-0.0,7.781,ASK
51,1712452320.2773497,20744072.57492634,7.729,-0.0,7.781,ASK
52,1712452350.3043008,20744072.57492634,7.729,-0.0,7.781,ASK
53,1712452380.445238,20744072.57492634,7.729,-0.0,7.781,ASK
54,1712452410.426066,20744072.57492634,7.729,-0.0,7.781,ASK
55,1712452440.3492005,20744072.57492634,7.729,-0.0,7.781,ASK
56,1712452470.2962697,20744072.57492634,7.729,-0.0,7.781,ASK
57,1712452500.302858,20744072.57492634,7.729,-0.0,7.781,ASK
58,1712452530.285103,20744072.57492634,7.729,-0.0,7.781,ASK
59,1712452560.423944,20744072.57492634,7.729,-0.0,7.781,ASK
60,1712452565.7540894,20808755.62796644,7.73,-5.1651750007114686e-05,7.781,ASK
61,1712452565.755842,20901412.20280356,7.729,-7.398961575043793e-05,7.781,ASK
62,1712452590.4507358,20901412.20280356,7.729,-0.0,7.781,ASK
63,1712452614.4641588,20951112.18936745,7.729,-3.964872699212218e-05,7.781,ASK
64,1712452614.4661317,20989927.04251792,7.729,-3.096498856843437e-05,7.781,ASK
65,1712452620.2844489,20989927.04251792,7.729,-0.0,7.781,ASK
66,1712452643.6139705,20991980.193488,7.729,1.637030984491158e-06,7.781,BID
67,1712452650.2850895,20991980.193488,7.729,0.0,7.781,BID
68,1712452655.134451,20992627.193488,7.731,5.158635002684112e-07,7.781,BID
69,1712452655.1358614,20993274.193488,7.732,5.158635002684112e-07,7.781,BID
70,1712452655.137234,20993921.193488,7.733,5.158635002684112e-07,7.781,BID
71,1712452655.138614,20994568.193488,7.735,5.158635002684112e-07,7.781,BID
72,1712452655.1400318,20995215.193488,7.734,5.158635002684112e-07,7.781,BID
73,1712452655.1413794,20995862.193488,7.737,5.158635002684112e-07,7.781,BID
74,1712452655.1427374,20996509.193488,7.738,5.158635002684112e-07,7.781,BID
75,1712452655.1441386,20997156.193488,7.736,5.158635002684112e-07,7.781,BID
76,1712452676.8140285,20998512.95792785,7.739,1.0817700973405704e-06,7.781,BID
77,1712452680.438035,20998512.95792785,7.739,0.0,7.781,BID
78,1712452687.4742885,21447569.3321566,7.739,0.0003580254402335,7.781,BID
79,1712452687.475688,21448216.3321566,7.739,5.158427162490094e-07,7.781,BID
80,1712452705.1940572,21450525.10116779,7.739,1.8407444790182888e-06,7.781,BID
81,1712452705.2060792,21451172.10116779,7.744,5.158427162490094e-07,7.781,BID
82,1712452705.2070365,21451819.10116779,7.741,5.158427162490094e-07,7.781,BID
83,1712452705.2079473,21452466.10116779,7.745,5.158427162490094e-07,7.781,BID
84,1712452705.2092524,21472196.83243698,7.742,1.5730995380954124e-05,7.781,BID
85,1712452705.2100968,21472843.83243698,7.747,5.158427162490094e-07,7.781,BID
86,1712452705.2114892,21473490.83243698,7.749,5.158427162490094e-07,7.781,BID
87,1712452705.212901,21474137.83243698,7.755,5.158427162490094e-07,7.781,BID
88,1712452705.2143238,21474784.83243698,7.751,5.158427162490094e-07,7.781,BID
89,1712452705.2157583,21475431.83243698,7.753,5.158427162490094e-07,7.781,BID
90,1712452705.2171805,21476078.83243698,7.752,5.158427162490094e-07,7.781,BID
91,1712452705.218545,21476725.83243698,7.75,5.158427162490094e-07,7.781,BID
92,1712452705.2193987,21477372.83243698,7.757,5.158427162490094e-07,7.781,BID
93,1712452705.2202466,21478019.83243698,7.742,5.158427162490094e-07,7.781,BID
94,1712452705.221111,21478666.83243698,7.756,5.158427162490094e-07,7.781,BID
95,1712452705.2219765,21479313.83243698,7.74,5.158427162490094e-07,7.781,BID
96,1712452705.2228308,21479960.83243698,7.745,5.158427162490094e-07,7.781,BID
97,1712452705.223703,21480607.83243698,7.746,5.158427162490094e-07,7.781,BID
98,1712452705.2245717,21481254.83243698,7.743,5.158427162490094e-07,7.781,BID
99,1712452705.2254424,21486254.83243698,7.77,3.9864197546291294e-06,7.781,BID
100,1712452705.226321,21486901.83243698,7.759,5.158427162490094e-07,7.781,BID
101,1712452705.2272184,21487548.83243698,7.758,5.158427162490094e-07,7.781,BID
102,1712452705.2280986,21488842.83243698,7.761,1.0316854324980188e-06,7.781,BID
103,1712452705.2289827,21489489.83243698,7.748,5.158427162490094e-07,7.781,BID
104,1712452705.2298827,21490783.83243698,7.763,1.0316854324980188e-06,7.781,BID
105,1712452705.2307837,21492077.83243698,7.762,1.0316854324980188e-06,7.781,BID
106,1712452705.2316992,21492724.83243698,7.754,5.158427162490094e-07,7.781,BID
107,1712452705.2325945,21493371.83243698,7.76,5.158427162490094e-07,7.781,BID
108,1712452705.233498,21498327.21390467,7.774,3.9508461149065376e-06,7.781,BID
109,1712452705.2344146,21499630.21390467,7.77,1.0388609880563513e-06,7.781,BID
110,1712452710.4439456,21499630.21390467,7.77,0.0,7.781,BID
111,1712452711.8042858,21500279.39760437,7.773,5.159880423444489e-07,7.781,BID
112,1712452716.0229232,21501566.06770215,7.772,-1.022678765976268e-06,7.781,ASK
113,1712452738.4246328,21557322.47459225,7.771,4.43166383456621e-05,7.781,BID
114,1712452738.4256032,21671449.47109447,7.772,9.071109692263502e-05,7.781,BID
115,1712452738.4972398,21758900.08725947,7.772,-6.950801792749537e-05,7.781,ASK
116,1712452738.5176055,21758900.08725953,7.772,-4.73753176283272e-17,7.781,ASK
117,1712452740.2761176,21758900.08725953,7.772,-0.0,7.781,ASK
118,1712452770.2679737,21759544.06564347,7.772,5.110322701593723e-07,7.781,BID
119,1712452770.2948575,21759544.06564347,7.772,0.0,7.781,BID
120,1712452775.343819,21760193.07914295,7.748,-5.150258657503305e-07,7.781,ASK
121,1712452800.3171575,21760193.07914295,7.748,-0.0,7.781,ASK
122,1712452807.3441358,21761479.74924073,7.772,1.0268143582587724e-06,7.781,BID
123,1712452830.275882,21761479.74924073,7.772,0.0,7.781,BID
124,1712452860.4542513,21761479.74924073,7.772,0.0,7.781,BID
125,1712452885.8940558,21772318.36742061,7.738,-8.64958311756106e-06,7.781,ASK
126,1712452885.8963532,21827425.76081123,7.748,-4.397755983406745e-05,7.781,ASK
127,1712452890.4339006,21827425.76081123,7.748,-0.0,7.781,ASK
128,1712452920.3008225,21827425.76081123,7.748,-0.0,7.781,ASK
129,1712452937.4797423,21886467.669268,7.738,-4.709823517719468e-05,7.781,ASK
130,1712452950.2854283,21886467.669268,7.738,-0.0,7.781,ASK
131,1712452980.4237916,21886467.669268,7.738,-0.0,7.781,ASK
132,1712453010.4469378,21886467.669268,7.738,-0.0,7.781,ASK
133,1712453040.266943,21886467.669268,7.738,-0.0,7.781,ASK
134,1712453056.2262566,21887223.34876738,7.738,-6.025923851535779e-07,7.781,ASK
135,1712453057.7141497,21888223.34876738,7.738,-7.974179339888741e-07,7.781,ASK
136,1712453070.2739546,21888223.34876738,7.738,-0.0,7.781,ASK
137,1712453100.4517117,21888223.34876738,7.738,-0.0,7.781,ASK
138,1712453130.4438243,21888223.34876738,7.738,-0.0,7.781,ASK
139,1712453160.312385,21888223.34876738,7.738,-0.0,7.781,ASK
140,1712453190.295257,21888223.34876738,7.738,-0.0,7.781,ASK
141,1712453220.4437854,21888223.34876738,7.738,-0.0,7.781,ASK
142,1712453240.635631,22015491.66669392,7.741,-0.0001018619798456,7.781,ASK
143,1712453250.4443054,22015491.66669392,7.741,-0.0,7.781,ASK
144,1712453280.4437945,22015491.66669392,7.741,-0.0,7.781,ASK
145,1712453310.4350705,22015491.66669392,7.741,-0.0,7.781,ASK
146,1712453340.259985,22015491.66669392,7.741,-0.0,7.781,ASK
147,1712453351.1644244,22016135.08452946,7.771,5.145677836121336e-07,7.781,BID
148,1712453368.214038,22029003.44124031,7.771,1.0291355672266506e-05,7.781,BID
149,1712453368.2163532,22791678.40047829,7.771,0.0006099426247044,7.781,BID
150,1712453368.3326583,23045603.6213973,7.771,-0.0002030744734044,7.781,ASK
151,1712453370.3204234,23045603.6213973,7.771,-0.0,7.781,ASK
152,1712453386.1739533,23053876.92651542,7.771,6.574414438451114e-06,7.781,BID
153,1712453400.468446,23053876.92651542,7.771,0.0,7.781,BID
154,1712453407.738326,23054527.5446026,7.769,5.172190219168105e-07,7.781,BID
155,1712453407.7493424,23055164.01153705,7.77,5.059693417769233e-07,7.781,BID
156,1712453430.286961,23055164.01153705,7.77,0.0,7.781,BID
157,1712453430.7295833,23055884.30904245,7.77,5.726072129565475e-07,7.781,BID
158,1712453430.803704,23092391.61474245,7.77,-2.9021822806105607e-05,7.781,ASK
159,1712453430.8236198,23145962.11764245,7.77,-4.258637039867256e-05,7.781,ASK
160,1712453439.6584446,23191411.13582912,7.771,3.613012045764277e-05,7.781,BID
161,1712453439.659824,23231644.61892912,7.771,3.19839822471658e-05,7.781,BID
162,1712453439.733752,23238197.4115091,7.772,5.209203514060026e-06,7.781,BID
163,1712453439.7360554,23280580.76552243,7.771,3.369304216014307e-05,7.781,BID
164,1712453441.7241256,23300202.15492243,7.772,1.5598206316724483e-05,7.781,BID
165,1712453441.732964,23357691.83088527,7.772,4.570195354005358e-05,7.781,BID
166,1712453444.8149736,23366218.70428527,7.772,6.7785174545206605e-06,7.781,BID
167,1712453444.817504,23383220.27792032,7.772,1.3515559365460064e-05,7.781,BID
168,1712453447.9938076,23384737.70422032,7.773,1.2062921751011494e-06,7.781,BID
169,1712453447.9958506,23392905.03752032,7.773,6.492697702173922e-06,7.781,BID
170,1712453450.2137506,23400882.92040855,7.774,6.342092332223578e-06,7.781,BID
171,1712453450.224723,23418727.31726793,7.78,1.41855695402545e-05,7.781,BID
172,1712453450.22708,23431590.70805775,7.78,1.022587235704698e-05,7.781,BID
173,1712453450.2294118,23448278.27323481,7.78,1.3265935416153925e-05,7.781,BID
174,1712453450.2317443,23528026.40647263,7.781,6.339652153365272e-05,7.781,BID
175,1712453450.2340662,23535623.80907003,7.78,6.039625980076541e-06,7.781,BID
176,1712453450.2359238,23548452.5454395,7.795,1.019832350271346e-05,7.795,BID
177,1712453450.2369614,23561294.46145337,7.787,1.0208800783823184e-05,7.795,BID
178,1712453450.2379966,23575433.05913592,7.79,1.123960995757058e-05,7.795,BID
179,1712453450.2390652,23576075.79703241,7.787,5.109504792247093e-07,7.795,BID
180,1712453450.240123,23649286.00865077,7.797,5.819913982821033e-05,7.797,BID
181,1712453450.2411816,23668591.46173659,7.796,1.5347049800179572e-05,7.797,BID
182,1712453450.2422476,23670546.98582033,7.795,1.554562090058676e-06,7.797,BID
183,1712453460.4436886,23670546.98582033,7.795,0.0,7.797,BID
184,1712453465.7963483,23700546.98582033,7.795,2.375837446012568e-05,7.797,BID
185,1712453471.4064703,23701829.85945727,7.795,1.0159664083803775e-06,7.797,BID
186,1712453490.433611,23701829.85945727,7.795,0.0,7.797,BID
187,1712453520.2838943,23701829.85945727,7.795,0.0,7.797,BID
188,1712453544.654121,23751829.85945727,7.777,-3.958964537343209e-05,7.797,ASK
189,1712453544.656841,23937923.28372699,7.771,-0.0001473474534633,7.797,ASK
190,1712453544.6594975,24228427.80065655,7.77,-0.0002300194160924,7.797,ASK
191,1712453544.66214,24367974.60930408,7.771,-0.0001104921733469,7.797,ASK
192,1712453544.664522,24423731.01619418,7.777,-4.414752752151531e-05,7.797,ASK
193,1712453550.2840104,24423731.01619418,7.777,-0.0,7.797,ASK
194,1712453580.4241233,24423731.01619418,7.777,-0.0,7.797,ASK
195,1712453610.4605637,24423731.01619418,7.777,-0.0,7.797,ASK
196,1712453640.287953,24423731.01619418,7.777,-0.0,7.797,ASK
197,1712453656.7529209,24536549.50630829,7.79,8.893382322352086e-05,7.797,BID
198,1712453656.7543144,24552100.72094385,7.79,1.2258885683640191e-05,7.797,BID
199,1712453670.3158236,24552100.72094385,7.79,0.0,7.797,BID
200,1712453685.5294502,24592305.9131884,7.771,-3.1668435387642615e-05,7.797,ASK
201,1712453690.447259,24595100.72094385,7.771,2.2013870319517765e-06,7.797,BID
202,1712453700.4539092,24595100.72094385,7.771,0.0,7.797,BID
203,1712453730.45378,24595100.72094385,7.771,0.0,7.797,BID
204,1712453739.1236558,24922520.55107599,7.771,-0.0002601685607799,7.797,ASK
205,1712453749.2471771,24964765.97577599,7.771,3.35683130105477e-05,7.797,BID
206,1712453749.2499464,25026756.64217599,7.771,4.925792812417121e-05,7.797,BID
207,1712453760.2750351,25026756.64217599,7.771,0.0,7.797,BID
208,1712453768.533625,25728805.34891169,7.77,-0.0005563665934767,7.797,ASK
209,1712453777.2164547,25883952.97134291,7.771,0.0001229529423669,7.797,BID
210,1712453777.2789886,26119793.83019491,7.771,0.0001869015268929,7.797,BID
211,1712453780.4636722,26126228.83662992,7.77,-5.0996783768676175e-06,7.797,ASK
212,1712453790.286842,26126228.83662992,7.77,-0.0,7.797,ASK
213,1712453820.4284856,26126228.83662992,7.77,-0.0,7.797,ASK
214,1712453850.4385903,26126228.83662992,7.77,-0.0,7.797,ASK
215,1712453880.2958565,26126228.83662992,7.77,-0.0,7.797,ASK
216,1712453910.2752762,26126228.83662992,7.77,-0.0,7.797,ASK
217,1712453927.2139134,26235240.3553467,7.77,-8.580956933481946e-05,7.797,ASK
218,1712453940.4435656,26235240.3553467,7.77,-0.0,7.797,ASK
219,1712453970.4491148,26235240.3553467,7.77,-0.0,7.797,ASK
220,1712454000.3335054,26235240.3553467,7.77,-0.0,7.797,ASK
221,1712454018.1263027,26250791.56998226,7.772,-1.2265908615581002e-05,7.797,ASK
222,1712454018.1314418,26263954.3553467,7.77,-1.0382052218448171e-05,7.797,ASK
223,1712454018.134894,26265240.3553467,7.772,-1.014323244151338e-06,7.797,ASK
224,1712454030.298465,26265240.3553467,7.772,-0.0,7.797,ASK
225,1712454060.4486072,26265240.3553467,7.772,-0.0,7.797,ASK
226,1712454071.4035642,26269092.43546996,7.788,3.037741884687853e-06,7.797,BID
227,1712454072.0836298,26290664.7757918,7.77,-1.7011899973392183e-05,7.797,ASK
228,1712454090.4613712,26290664.7757918,7.77,-0.0,7.797,ASK
229,1712454109.8835716,26316443.77228661,7.788,2.0326092122164272e-05,7.797,BID
230,1712454120.3083444,26316443.77228661,7.788,0.0,7.797,BID
231,1712454127.0536566,26341944.43830999,7.788,2.010345315809859e-05,7.797,BID
232,1712454150.291747,26341944.43830999,7.788,0.0,7.797,BID
233,1712454180.4337337,26341944.43830999,7.788,0.0,7.797,BID
234,1712454208.1564577,26368155.14019242,7.788,2.065997537049e-05,7.797,BID
235,1712454208.1609998,26380465.23954265,7.788,9.703149138272565e-06,7.797,BID
236,1712454210.4300685,26380465.23954265,7.788,0.0,7.797,BID
237,1712454240.273786,26380465.23954265,7.788,0.0,7.797,BID
238,1712454251.2837634,26396828.55664265,7.788,1.2894954394948812e-05,7.797,BID
239,1712454251.2868738,26474675.06837245,7.788,6.13461935881816e-05,7.797,BID
240,1712454268.664442,26496856.25667245,7.788,1.7479671744196407e-05,7.797,BID
241,1712454268.6676831,26498401.29972276,7.788,1.2175562907104805e-06,7.797,BID
242,1712454268.7396426,26500355.60252756,7.788,-1.5400694973871854e-06,7.797,ASK
243,1712454270.273041,26500355.60252756,7.788,-0.0,7.797,ASK
244,1712454300.311638,26500355.60252756,7.788,-0.0,7.797,ASK
245,1712454330.2937205,26500355.60252756,7.788,-0.0,7.797,ASK
246,1712454360.4461248,26500355.60252756,7.788,-0.0,7.797,ASK
247,1712454383.214606,26556112.00941766,7.771,-4.414825175680048e-05,7.797,ASK
248,1712454383.217728,26771620.46877407,7.77,-0.0001706408689164,7.797,ASK
249,1712454390.425354,26771620.46877407,7.77,-0.0,7.797,ASK
250,1712454420.2981365,26771620.46877407,7.77,-0.0,7.797,ASK
251,1712454450.300351,26771620.46877407,7.77,-0.0,7.797,ASK
252,1712454480.4558494,26771620.46877407,7.77,-0.0,7.797,ASK
253,1712454510.4538531,26771620.46877407,7.77,-0.0,7.797,ASK
254,1712454540.3084283,26771620.46877407,7.77,-0.0,7.797,ASK
255,1712454570.2964823,26771620.46877407,7.77,-0.0,7.797,ASK
256,1712454592.883544,27128282.02444567,7.77,-0.0002819361839448,7.797,ASK
257,1712454600.313458,27128282.02444567,7.77,-0.0,7.797,ASK
258,1712454610.8538132,27184038.43133577,7.786,4.3993620919172886e-05,7.797,BID
259,1712454610.8570642,27453491.24105493,7.786,0.0002126070424472,7.797,BID
260,1712454630.297955,27453491.24105493,7.786,0.0,7.797,BID
261,1712454647.7637105,27456632.71095493,7.786,2.4737797163583945e-06,7.797,BID
262,1712454647.7660854,27513491.24105493,7.786,4.4773778817137016e-05,7.797,BID
263,1712454660.416659,27513491.24105493,7.786,0.0,7.797,BID
264,1712454690.43636,27513491.24105493,7.786,0.0,7.797,BID
265,1712454720.288934,27513491.24105493,7.786,0.0,7.797,BID
266,1712454750.296141,27513491.24105493,7.786,0.0,7.797,BID
267,1712454780.4334283,27513491.24105493,7.786,0.0,7.797,BID
268,1712454810.4384246,27513491.24105493,7.786,0.0,7.797,BID
269,1712454840.2949357,27513491.24105493,7.786,0.0,7.797,BID
270,1712454864.36359,27514491.24105493,7.777,-7.871697331627242e-07,7.797,ASK
271,1712454870.296454,27514491.24105493,7.777,-0.0,7.797,ASK
272,1712454900.3143926,27514491.24105493,7.777,-0.0,7.797,ASK
273,1712454912.5237105,27522313.50542422,7.777,6.1777085895903285e-06,7.797,BID
274,1712454930.3090055,27522313.50542422,7.777,0.0,7.797,BID
275,1712454960.4434268,27522313.50542422,7.777,0.0,7.797,BID
276,1712454990.4269288,27522313.50542422,7.777,0.0,7.797,BID
277,1712455020.321475,27522313.50542422,7.777,0.0,7.797,BID
278,1712455050.2993898,27522313.50542422,7.777,0.0,7.797,BID
279,1712455068.643869,27533491.24105493,7.777,8.82730022182863e-06,7.797,BID
280,1712455080.4356344,27533491.24105493,7.777,0.0,7.797,BID
281,1712455110.4337225,27533491.24105493,7.777,0.0,7.797,BID
282,1712455140.303661,27533491.24105493,7.777,0.0,7.797,BID
283,1712455170.4812987,27533491.24105493,7.777,0.0,7.797,BID
284,1712455178.1439762,27537930.6555905,7.788,3.505661266110394e-06,7.797,BID
285,1712455178.1478343,27545047.48142472,7.788,5.6199258854444695e-06,7.797,BID
286,1712455187.5937264,27600803.88831482,7.778,-4.40290210355372e-05,7.797,ASK
287,1712455187.5976365,27670894.90142825,7.777,-5.534859333486008e-05,7.797,ASK
288,1712455200.599485,27670894.90142825,7.777,-0.0,7.797,ASK
289,1712455207.6375954,28017502.00455501,7.777,-0.0002763591989212,7.797,ASK
290,1712455207.6401231,28153802.13442513,7.777,-0.0001086757725504,7.797,ASK
291,1712455212.8938968,30209102.99979225,7.77,-0.0016387468565156,7.797,ASK
292,1712455212.8964884,30214289.31896856,7.77,-4.135192268089098e-06,7.797,ASK
293,1712455212.898983,30271863.67167124,7.771,-4.590558545334404e-05,7.797,ASK
294,1712455212.9961982,30327620.07855135,7.739,4.445608817912035e-05,7.797,BID
295,1712455213.1138182,30332449.5068139,7.739,3.850633509371232e-06,7.797,BID
296,1712455213.1542609,30337134.0521139,7.77,3.7351144126600257e-06,7.797,BID
297,1712455213.9141934,30355623.1137139,7.763,1.4741827869328424e-05,7.797,BID
298,1712455222.5137746,30392890.45899401,7.763,2.9714260309791928e-05,7.797,BID
299,1712455230.433592,30392890.45899401,7.763,0.0,7.797,BID
300,1712455239.273595,30394176.46722446,7.776,1.0083637028431211e-06,7.797,BID
301,1712455243.9045434,30397395.7089119,7.776,2.5242190457471977e-06,7.797,BID
302,1712455260.2971945,30397395.7089119,7.776,0.0,7.797,BID
303,1712455290.293941,30397395.7089119,7.776,0.0,7.797,BID
304,1712455320.4336083,30397395.7089119,7.776,0.0,7.797,BID
305,1712455350.9733255,30397395.7089119,7.776,0.0,7.797,BID
306,1712455380.307728,30397395.7089119,7.776,0.0,7.797,BID
307,1712455386.6137838,30430732.04725358,7.742,-2.613842540971829e-05,7.797,ASK
308,1712455410.298941,30430732.04725358,7.742,-0.0,7.797,ASK
309,1712455424.5437849,30431375.17996962,7.776,5.041668107858856e-07,7.797,BID
310,1712455440.443574,30431375.17996962,7.776,0.0,7.797,BID
311,1712455470.4198534,30431375.17996962,7.776,0.0,7.797,BID
312,1712455500.3042517,30431375.17996962,7.776,0.0,7.797,BID
313,1712455514.5689375,30435312.76878837,7.775,3.0873556255079e-06,7.797,BID
314,1712455517.778451,30563913.59183363,7.775,0.0001008323856932,7.797,BID
315,1712455530.2737207,30563913.59183363,7.775,0.0,7.797,BID
316,1712455560.49133,30563913.59183363,7.775,0.0,7.797,BID
317,1712455590.4237306,30563913.59183363,7.775,0.0,7.797,BID
318,1712455620.307903,30563913.59183363,7.775,0.0,7.797,BID
319,1712455640.423927,30576770.36735432,7.774,1.0072507466441764e-05,7.797,BID
320,1712455650.3097942,30576770.36735432,7.774,0.0,7.797,BID
321,1712455680.4392717,30576770.36735432,7.774,0.0,7.797,BID
322,1712455710.4938638,30576770.36735432,7.774,0.0,7.797,BID
323,1712455740.3331938,30576770.36735432,7.774,0.0,7.797,BID
324,1712455770.3086662,30576770.36735432,7.774,0.0,7.797,BID
325,1712455800.342081,30576770.36735432,7.774,0.0,7.797,BID
326,1712455830.3248708,30576770.36735432,7.774,0.0,7.797,BID
327,1712455830.7369945,30578056.7064333,7.774,1.008422833293207e-06,7.797,BID
328,1712455860.4409375,30578056.7064333,7.774,0.0,7.797,BID
329,1712455890.4431014,30578056.7064333,7.774,0.0,7.797,BID
330,1712455890.954792,30618481.93312635,7.746,-3.1691023560511423e-05,7.797,ASK
331,1712455891.253579,30625434.81203159,7.746,5.450652160158324e-06,7.797,BID
332,1712455891.6340222,30646943.98543159,7.746,1.686193935688488e-05,7.797,BID
333,1712455891.815583,30772460.57923159,7.746,9.839770006867828e-05,7.797,BID
334,1712455891.893829,30826614.87463259,7.746,4.245381391395051e-05,7.797,BID
335,1712455892.013799,30850578.17663259,7.746,1.8785833262878487e-05,7.797,BID
336,1712455901.4038858,30950578.17663259,7.746,7.83941764906925e-05,7.797,BID
337,1712455920.33454,30950578.17663259,7.746,0.0,7.797,BID
338,1712455920.6439545,31050578.17663259,7.742,-7.821724094259744e-05,7.797,ASK
339,1712455920.6455593,31053857.28843223,7.742,-2.5648307771005595e-06,7.797,ASK
340,1712455949.6837716,31157136.40023186,7.746,8.078207171969217e-05,7.797,BID
341,1712455950.3964453,31157136.40023186,7.746,0.0,7.797,BID
342,1712455952.055681,31158427.38912935,7.746,1.0085140913375229e-06,7.797,BID
343,1712455972.1937048,31258427.38912935,7.746,7.811950151526079e-05,7.797,BID
344,1712455972.254117,31329507.97275718,7.746,5.552779760419688e-05,7.797,BID
345,1712455980.4555366,31329507.97275718,7.746,0.0,7.797,BID
346,1712456010.4360073,31329507.97275718,7.746,0.0,7.797,BID
347,1712456011.6437986,31336460.85166242,7.762,5.425894895003223e-06,7.797,BID
348,1712456011.7256677,31351060.19587262,7.762,-1.1393051468337012e-05,7.797,ASK
349,1712456040.3261054,31351060.19587262,7.762,-0.0,7.797,ASK
350,1712456070.3064337,31351060.19587262,7.762,-0.0,7.797,ASK
351,1712456100.3556726,31351060.19587262,7.762,-0.0,7.797,ASK
352,1712456100.734027,31492705.42582141,7.762,-0.0001113981196004,7.797,ASK
353,1712456100.7377474,32050973.59124262,7.762,-0.0004390548406267,7.797,ASK
354,1712456100.814749,32050973.59124268,7.762,-4.687658984231582e-17,7.797,ASK
355,1712456130.4475126,32050973.59124268,7.762,-0.0,7.797,ASK
356,1712456160.318078,32050973.59124268,7.762,-0.0,7.797,ASK
357,1712456190.3556366,32050973.59124268,7.762,-0.0,7.797,ASK
358,1712456220.413741,32050973.59124268,7.762,-0.0,7.797,ASK
359,1712456250.4272394,32050973.59124268,7.762,-0.0,7.797,ASK
360,1712456280.3441992,32050973.59124268,7.762,-0.0,7.797,ASK
361,1712456289.023994,32063858.52875073,7.76,1.0090358629430098e-05,7.797,BID
362,1712456310.3251095,32063858.52875073,7.76,0.0,7.797,BID
363,1712456315.1336915,32065146.8565013,7.743,-1.0088268737084564e-06,7.797,ASK
364,1712456315.143713,32074178.47156703,7.743,-7.072218996494457e-06,7.797,ASK
365,1712456340.4167492,32074178.47156703,7.743,-0.0,7.797,ASK
366,1712456342.1468658,32078071.27797281,7.743,-3.0480768585506182e-06,7.797,ASK
367,1712456342.1501732,32079039.66290708,7.743,-7.582477525551172e-07,7.797,ASK
368,1712456342.243877,32102024.84966373,7.743,1.7997456985892698e-05,7.797,BID
369,1712456353.3237436,32108456.40044244,7.743,5.035919860816796e-06,7.797,BID
370,1712456370.4436731,32108456.40044244,7.743,0.0,7.797,BID
371,1712456399.59382,32114939.7405329,7.743,-5.075416245512699e-06,7.797,ASK
372,1712456400.3723445,32114939.7405329,7.743,-0.0,7.797,ASK
373,1712456430.392326,32114939.7405329,7.743,-0.0,7.797,ASK
374,1712456447.42425,32170807.74515691,7.743,4.380052717502403e-05,7.797,BID
375,1712456447.527003,32237849.35070571,7.743,5.2560632610019495e-05,7.797,BID
376,1712456449.104054,32283884.96288089,7.743,3.609192946245603e-05,7.797,BID
377,1712456449.1087751,32293717.35532971,7.743,7.708597712562162e-06,7.797,BID
378,1712456456.6275134,32293717.35532972,7.743,5.841256728274584e-18,7.797,BID
379,1712456460.4282136,32293717.35532972,7.743,0.0,7.797,BID
380,1712456467.295568,32295008.84441662,7.743,-1.0114300344860231e-06,7.797,ASK
381,1712456467.299768,32560012.51492934,7.742,-0.000207537697627,7.797,ASK
382,1712456490.436453,32560012.51492934,7.742,-0.0,7.797,ASK
383,1712456520.341179,32560012.51492934,7.742,-0.0,7.797,ASK
384,1712456550.356557,32560012.51492934,7.742,-0.0,7.797,ASK
385,1712456580.4337397,32560012.51492934,7.742,-0.0,7.797,ASK
386,1712456610.4260323,32560012.51492934,7.742,-0.0,7.797,ASK
387,1712456640.3342,32560012.51492934,7.742,-0.0,7.797,ASK
388,1712456670.3074186,32560012.51492934,7.742,-0.0,7.797,ASK
389,1712456700.3480952,32560012.51492934,7.742,-0.0,7.797,ASK
390,1712456730.322199,32560012.51492934,7.742,-0.0,7.797,ASK
391,1712456760.4379349,32560012.51492934,7.742,-0.0,7.797,ASK
392,1712456780.4241962,32560656.84482624,7.76,5.044733266603311e-07,7.797,BID
393,1712456790.434026,32560656.84482624,7.76,0.0,7.797,BID
394,1712456816.1086144,32572224.22481467,7.759,9.056559144022317e-06,7.797,BID
395,1712456820.3430948,32572224.22481467,7.759,0.0,7.797,BID
396,1712456850.313972,32572224.22481467,7.759,0.0,7.797,BID
397,1712456858.3442073,32608694.95740972,7.76,2.855237215783785e-05,7.797,BID
398,1712456858.3483834,32638351.68769666,7.76,2.321779519866917e-05,7.797,BID
399,1712456880.4675596,32638351.68769666,7.76,0.0,7.797,BID
400,1712456910.4886725,32638351.68769666,7.76,0.0,7.797,BID
401,1712456925.4440536,32951385.63478081,7.76,-0.0002449710191187,7.797,ASK
402,1712456940.3187451,32951385.63478081,7.76,-0.0,7.797,ASK
403,1712456970.340136,32951385.63478081,7.76,-0.0,7.797,ASK
404,1712457000.3873124,32951385.63478081,7.76,-0.0,7.797,ASK
405,1712457030.3445473,32951385.63478081,7.76,-0.0,7.797,ASK
406,1712457060.4511304,32951385.63478081,7.76,-0.0,7.797,ASK
407,1712457072.604222,33080534.54347253,7.761,0.0001009479526795,7.797,BID
408,1712457072.6081357,33081516.44147181,7.761,7.67490749800717e-07,7.797,BID
409,1712457072.784362,33081516.44147253,7.761,5.619843286885352e-16,7.797,BID
410,1712457083.3242097,33281516.44147253,7.774,0.0001563279995195,7.797,BID
411,1712457083.3272884,33467225.31073226,7.774,0.000145157480122,7.797,BID
412,1712457090.433128,33467225.31073226,7.774,0.0,7.797,BID
413,1712457106.2245054,33507255.35996986,7.774,3.119136001611595e-05,7.797,BID
414,1712457106.345264,33507255.35997036,7.774,-3.889673131136893e-16,7.797,ASK
415,1712457106.3544643,33543742.20036436,7.774,-2.843049649588532e-05,7.797,ASK
416,1712457108.1545825,33564945.31145132,7.775,1.652143537095584e-05,7.797,BID
417,1712457108.1595578,33607821.8533161,7.775,3.340934320645372e-05,7.797,BID
418,1712457108.229234,33612594.7148331,7.775,-3.719007213813713e-06,7.797,ASK
419,1712457120.3528154,33612594.7148331,7.775,-0.0,7.797,ASK
420,1712457122.8343136,33612594.71483381,7.775,-5.51035560090533e-16,7.797,ASK
421,1712457122.8375492,33674558.5347691,7.775,-4.823964321227733e-05,7.797,ASK
422,1712457122.941857,33674558.5347695,7.775,-3.0741983878735e-16,7.797,ASK
423,1712457134.9840071,33684981.67392807,7.76,-8.114549985562134e-06,7.797,ASK
424,1712457150.3619983,33684981.67392807,7.76,-0.0,7.797,ASK
425,1712457151.7242186,33870468.99608421,7.76,-0.0001443410771674,7.797,ASK
426,1712457151.7284842,33877836.10855829,7.76,-5.732882106234321e-06,7.797,ASK
427,1712457180.4092357,33877836.10855829,7.76,-0.0,7.797,ASK
428,1712457210.4367244,33877836.10855829,7.76,-0.0,7.797,ASK
429,1712457219.104097,33933592.51544839,7.776,4.333761584014326e-05,7.797,BID
430,1712457219.106571,33936106.28065248,7.776,1.953866771611807e-06,7.797,BID
431,1712457219.2243898,34070101.34425248,7.776,-0.0001041499428436,7.797,ASK
432,1712457219.2291217,34070101.34425319,7.776,-5.501535999537128e-16,7.797,ASK
433,1712457226.3043282,34125857.75114329,7.761,-4.333761584014326e-05,7.797,ASK
434,1712457226.3145487,34185121.24433931,7.76,-4.606355833754279e-05,7.797,ASK
435,1712457226.3181126,34633230.19965918,7.759,-0.0003483003092085,7.797,ASK
436,1712457240.306237,34633230.19965918,7.759,-0.0,7.797,ASK
437,1712457270.3512442,34633230.19965918,7.759,-0.0,7.797,ASK
438,1712457300.4338827,34633230.19965918,7.759,-0.0,7.797,ASK
439,1712457330.4491117,34633230.19965918,7.759,-0.0,7.797,ASK
440,1712457341.404061,34634003.49518695,7.759,6.145326853775947e-07,7.797,BID
441,1712457360.336832,34634003.49518695,7.759,0.0,7.797,BID
442,1712457373.824126,34635450.66144079,7.751,-1.1500476748936963e-06,7.797,ASK
443,1712457373.8270075,34636513.03659941,7.751,-8.442582721888752e-07,7.797,ASK
444,1712457373.943947,34661016.82016341,7.751,1.9472896938445465e-05,7.797,BID
445,1712457386.2761378,34694375.83483146,7.743,-2.6510055188115835e-05,7.797,ASK
446,1712457386.2832055,34733110.50235889,7.745,-3.07820295072689e-05,7.797,ASK
447,1712457386.4557295,34733110.50235962,7.743,5.802479440052451e-16,7.797,BID
448,1712457386.4627542,34751421.05624762,7.743,1.4551202993435636e-05,7.797,BID
449,1712457390.3363333,34751421.05624762,7.743,0.0,7.797,BID
450,1712457420.42442,34751421.05624762,7.743,0.0,7.797,BID
451,1712457450.4398968,34751421.05624762,7.743,0.0,7.797,BID
452,1712457453.5249074,34751421.05624851,7.751,7.04077926382128e-16,7.797,BID
453,1712457463.7441664,34756421.05624851,7.751,-3.97057729470422e-06,7.797,ASK
454,1712457480.342594,34756421.05624851,7.751,-0.0,7.797,ASK
455,1712457486.5596328,34757871.83679206,7.751,-1.1520518016818852e-06,7.797,ASK
456,1712457510.3599973,34757871.83679206,7.751,-0.0,7.797,ASK
457,1712457532.3641784,34758516.9148465,7.751,5.12246116128691e-07,7.797,BID
458,1712457540.4378383,34758516.9148465,7.751,0.0,7.797,BID
459,1712457570.4328215,34758516.9148465,7.751,0.0,7.797,BID
460,1712457600.3984776,34758516.9148465,7.751,0.0,7.797,BID
461,1712457630.359862,34758516.9148465,7.751,0.0,7.797,BID
462,1712457660.4482038,34758516.9148465,7.751,0.0,7.797,BID
463,1712457690.444694,34758516.9148465,7.751,0.0,7.797,BID
464,1712457720.4425118,34758516.9148465,7.751,0.0,7.797,BID
465,1712457750.3220408,34758516.9148465,7.751,0.0,7.797,BID
466,1712457780.424472,34758516.9148465,7.751,0.0,7.797,BID
467,1712457810.446218,34758516.9148465,7.751,0.0,7.797,BID
468,1712457813.884099,34759041.36749804,7.751,4.165750933918654e-07,7.797,BID
469,1712457813.8894775,34849669.62849707,7.751,7.19864341974475e-05,7.797,BID
470,1712457840.3474944,34849669.62849707,7.751,0.0,7.797,BID
471,1712457870.3427408,34849669.62849707,7.751,0.0,7.797,BID
472,1712457900.3708515,34849669.62849707,7.751,0.0,7.797,BID
473,1712457918.1136932,34870443.5776377,7.752,-1.6628816297295255e-05,7.797,ASK
474,1712457930.3447213,34870443.5776377,7.752,-0.0,7.797,ASK
475,1712457960.4539251,34870443.5776377,7.752,-0.0,7.797,ASK
476,1712457990.4373188,34870443.5776377,7.752,-0.0,7.797,ASK
477,1712458020.3502822,34870443.5776377,7.752,-0.0,7.797,ASK
478,1712458047.58389,35772985.08294283,7.752,-0.0007223596430694,7.797,ASK
479,1712458047.588447,36752211.1338022,7.752,-0.0007837350154261,7.797,ASK
480,1712458050.34048,36752211.1338022,7.752,-0.0,7.797,ASK
481,1712458080.371778,36752211.1338022,7.752,-0.0,7.797,ASK
482,1712458110.3484306,36752211.1338022,7.752,-0.0,7.797,ASK
483,1712458114.883994,36753498.96380863,7.765,1.018834653368902e-06,7.797,BID
484,1712458140.4610877,36753498.96380863,7.765,0.0,7.797,BID
485,1712458165.2541738,36781462.45843204,7.751,-2.212244769735924e-05,7.797,ASK
486,1712458170.439057,36781462.45843204,7.751,-0.0,7.797,ASK
487,1712458200.394694,36781462.45843204,7.751,-0.0,7.797,ASK
488,1712458230.3256252,36781462.45843204,7.751,-0.0,7.797,ASK
489,1712458241.3840218,36920249.16555625,7.751,-0.0001101434026662,7.797,ASK
490,1712458241.388666,37387820.95272914,7.751,-0.0003710726242957,7.797,ASK
491,1712458260.4583218,37387820.95272914,7.751,-0.0,7.797,ASK
492,1712458280.8340874,37394307.86765919,7.751,-5.128991224938622e-06,7.797,ASK
493,1712458280.839144,37440906.55325999,7.742,-3.684405485775477e-05,7.797,ASK
494,1712458290.4371824,37440906.55325999,7.742,-0.0,7.797,ASK
495,1712458320.3801074,37440906.55325999,7.742,-0.0,7.797,ASK
496,1712458334.8744297,37513521.85620707,7.742,-5.739588854555161e-05,7.797,ASK
497,1712458334.8855698,37579461.94587356,7.742,-5.211973073966777e-05,7.797,ASK
498,1712458350.362789,37579461.94587356,7.742,-0.0,7.797,ASK
499,1712458380.473481,37579461.94587356,7.742,-0.0,7.797,ASK
500,1712458410.4431782,37579461.94587356,7.742,-0.0,7.797,ASK
501,1712458437.5744932,37581461.94587356,7.743,-1.5794815471789206e-06,7.797,ASK
502,1712458437.5784624,37709079.57387096,7.742,-0.0001007848442583,7.797,ASK
503,1712458440.3235629,37709079.57387096,7.742,-0.0,7.797,ASK
504,1712458470.3527489,37709079.57387096,7.742,-0.0,7.797,ASK
505,1712458500.4342103,37709079.57387096,7.742,-0.0,7.797,ASK
506,1712458530.4664388,37709079.57387096,7.742,-0.0,7.797,ASK
507,1712458536.943955,37719079.57387096,7.742,-7.891153947545974e-06,7.797,ASK
508,1712458550.9757302,37725537.85338529,7.742,-5.096327788390069e-06,7.797,ASK
509,1712458550.9844508,37764313.99002261,7.742,-3.0598846369613155e-05,7.797,ASK
510,1712458560.34722,37764313.99002261,7.742,-0.0,7.797,ASK
511,1712458590.3428302,37764313.99002261,7.742,-0.0,7.797,ASK
512,1712458592.1136696,37768401.99002261,7.742,3.2248155347429142e-06,7.797,BID
513,1712458620.4440424,37768401.99002261,7.742,0.0,7.797,BID
514,1712458628.507794,38007493.8590487,7.742,0.0001886027211545,7.797,BID
515,1712458650.4338038,38007493.8590487,7.742,0.0,7.797,BID
516,1712458680.399818,38007493.8590487,7.742,0.0,7.797,BID
517,1712458682.343844,38072076.65419207,7.742,5.0870535213003215e-05,7.797,BID
518,1712458710.355275,38072076.65419207,7.742,0.0,7.797,BID
519,1712458740.4671872,38072076.65419207,7.742,0.0,7.797,BID
520,1712458770.4490972,38072076.65419207,7.742,0.0,7.797,BID
521,1712458800.3939557,38072076.65419207,7.742,0.0,7.797,BID
522,1712458802.3239243,38223565.4183693,7.742,0.0001193500851375,7.797,BID
523,1712458802.3283873,38243475.75963007,7.742,1.5686317975436e-05,7.797,BID
524,1712458823.165697,38253308.15207821,7.742,7.746428470552533e-06,7.797,BID
525,1712458823.1682637,38253308.15207907,7.742,6.750411810446164e-16,7.797,BID
526,1712458830.369492,38253308.15207907,7.742,0.0,7.797,BID
527,1712458837.1476223,38253308.15207976,7.742,5.453000799815483e-16,7.797,BID
528,1712458837.1550431,38265321.48883307,7.742,9.454229640523095e-06,7.797,BID
529,1712458837.164204,38331304.07446118,7.742,5.192683178816162e-05,7.797,BID
530,1712458860.4337692,38331304.07446118,7.742,0.0,7.797,BID
531,1712458876.997174,38331369.86663193,7.741,-5.1752386141626393e-08,7.797,ASK
532,1712458877.0036316,38332077.86863193,7.741,-5.569172208802459e-07,7.797,ASK
533,1712458890.4598298,38332077.86863193,7.741,-0.0,7.797,ASK
534,1712458909.8839917,38348201.51708417,7.741,-1.268286696608638e-05,7.797,ASK
535,1712458920.3663316,38348201.51708417,7.741,-0.0,7.797,ASK
536,1712458950.3779683,38348201.51708417,7.741,-0.0,7.797,ASK
537,1712458980.4747052,38348201.51708417,7.741,-0.0,7.797,ASK
538,1712458989.283939,38354660.63089376,7.741,-5.0802421947084e-06,7.797,ASK
539,1712459010.4439766,38354660.63089376,7.741,-0.0,7.797,ASK
540,1712459040.3876257,38354660.63089376,7.741,-0.0,7.797,ASK
541,1712459070.3849547,38354660.63089376,7.741,-0.0,7.797,ASK
542,1712459100.4239445,38354660.63089376,7.741,-0.0,7.797,ASK
543,1712459130.4454632,38354660.63089376,7.741,-0.0,7.797,ASK
544,1712459140.8081503,38386591.4392768,7.741,-2.5353102442013605e-05,7.797,ASK
545,1712459140.813619,38406591.4392768,7.742,-1.5880025421141395e-05,7.797,ASK
546,1712459146.3859286,38443711.99578197,7.741,-2.9473769047453497e-05,7.797,ASK
547,1712459146.3917437,38680796.80187696,7.74,-0.0001882456373877,7.797,ASK
548,1712459146.3967652,38736806.07716439,7.741,-4.447143576920237e-05,7.797,ASK
549,1712459160.3545763,38736806.07716439,7.741,-0.0,7.797,ASK
550,1712459190.315737,38736806.07716439,7.741,-0.0,7.797,ASK
551,1712459220.3639383,38736806.07716439,7.741,-0.0,7.797,ASK
552,1712459224.394055,38737488.89256371,7.742,-5.408859525826604e-07,7.797,ASK
553,1712459224.399515,38737953.52409496,7.741,-3.680536037011397e-07,7.797,ASK
554,1712459250.3514366,38737953.52409496,7.741,-0.0,7.797,ASK
555,1712459280.4340308,38737953.52409496,7.741,-0.0,7.797,ASK
556,1712459310.4597225,38737953.52409496,7.741,-0.0,7.797,ASK
557,1712459340.3226435,38737953.52409496,7.741,-0.0,7.797,ASK
558,1712459370.3449934,38737953.52409496,7.741,-0.0,7.797,ASK
559,1712459400.3648143,38737953.52409496,7.741,-0.0,7.797,ASK
560,1712459430.3447106,38737953.52409496,7.741,-0.0,7.797,ASK
561,1712459445.4240918,38858555.93489792,7.742,-9.625808357461396e-05,7.797,ASK
562,1712459445.429472,38868555.93489792,7.742,-7.981439420135633e-06,7.797,ASK
563,1712459460.4190826,38868555.93489792,7.742,-0.0,7.797,ASK
564,1712459490.4441516,38868555.93489792,7.742,-0.0,7.797,ASK
565,1712459520.3318012,38868555.93489792,7.742,-0.0,7.797,ASK
566,1712459550.3741193,38868555.93489792,7.742,-0.0,7.797,ASK
567,1712459551.2747164,39121932.9221833,7.742,-0.000202068233859,7.797,ASK
568,1712459551.2795925,39197219.22090197,7.741,-6.004084892971243e-05,7.797,ASK
569,1712459580.44934,39197219.22090197,7.741,-0.0,7.797,ASK
570,1712459610.4440837,39197219.22090197,7.741,-0.0,7.797,ASK
571,1712459637.8040736,39368305.61701766,7.741,-0.0001361651545457,7.797,ASK
572,1712459637.813883,39499273.39236133,7.741,-0.0001042353324113,7.797,ASK
573,1712459640.3610458,39499273.39236133,7.741,-0.0,7.797,ASK
574,1712459641.9963107,39947929.83119685,7.741,-0.0003564158138708,7.797,ASK
575,1712459641.9989588,40400438.08386963,7.74,-0.0003594757217309,7.797,ASK
576,1712459642.001399,40408043.23298921,7.741,-6.041583667223768e-06,7.797,ASK
577,1712459642.0040228,40429335.22265329,7.74,-1.6914505550729725e-05,7.797,ASK
578,1712459642.0064876,40445387.05704161,7.741,-1.2751689538837889e-05,7.797,ASK
579,1712459642.009401,40493643.64183537,7.741,-3.833536856962425e-05,7.797,ASK
580,1712459670.3308213,40493643.64183537,7.741,-0.0,7.797,ASK
581,1712459700.340539,40493643.64183537,7.741,-0.0,7.797,ASK
582,1712459716.8645096,40506742.93447356,7.754,1.0472700130075294e-05,7.797,BID
583,1712459716.8697684,40518369.33933082,7.759,9.295147075803423e-06,7.797,BID
584,1712459716.874149,40552468.62299594,7.761,2.726189744277096e-05,7.797,BID
585,1712459716.8765314,40558098.3735219,7.74,4.500906323262871e-06,7.797,BID
586,1712459730.3428776,40558098.3735219,7.74,0.0,7.797,BID
587,1712459760.445021,40558098.3735219,7.74,0.0,7.797,BID
588,1712459790.425352,40558098.3735219,7.74,0.0,7.797,BID
589,1712459820.3402674,40558098.3735219,7.74,0.0,7.797,BID
590,1712459850.33487,40558098.3735219,7.74,0.0,7.797,BID
591,1712459880.4413607,40558098.3735219,7.74,0.0,7.797,BID
592,1712459910.4439268,40558098.3735219,7.74,0.0,7.797,BID
593,1712459940.3436046,40558098.3735219,7.74,0.0,7.797,BID
594,1712459970.33198,40558098.3735219,7.74,0.0,7.797,BID
595,1712460000.3749976,40558098.3735219,7.74,0.0,7.797,BID
596,1712460030.329623,40558098.3735219,7.74,0.0,7.797,BID
597,1712460060.4440267,40558098.3735219,7.74,0.0,7.797,BID
598,1712460090.4355235,40558098.3735219,7.74,0.0,7.797,BID
599,1712460117.0944395,40564801.94910841,7.745,-5.357294489181808e-06,7.797,ASK
600,1712460120.4119778,40564801.94910841,7.745,-0.0,7.797,ASK
601,1712460150.3806028,40564801.94910841,7.745,-0.0,7.797,ASK
602,1712460180.449749,40564801.94910841,7.745,-0.0,7.797,ASK
603,1712460210.4445748,40564801.94910841,7.745,-0.0,7.797,ASK
604,1712460240.309641,40564801.94910841,7.745,-0.0,7.797,ASK
605,1712460270.355149,40564801.94910841,7.745,-0.0,7.797,ASK
606,1712460300.4392288,40564801.94910841,7.745,-0.0,7.797,ASK
607,1712460330.4521632,40564801.94910841,7.745,-0.0,7.797,ASK
608,1712460360.4245758,40564801.94910841,7.745,-0.0,7.797,ASK
609,1712460365.4342215,40568025.62483981,7.759,2.580218531556409e-06,7.797,BID
610,1712460385.183872,40569313.16253764,7.759,1.0305405707068769e-06,7.797,BID
611,1712460390.4490716,40569313.16253764,7.759,0.0,7.797,BID
612,1712460420.3303435,40569313.16253764,7.759,0.0,7.797,BID
613,1712460422.901601,40571364.99066735,7.759,1.6422298917144804e-06,7.797,BID
614,1712460422.9076965,40595076.79831222,7.759,1.8978314380800825e-05,7.797,BID
615,1712460450.3294144,40595076.79831222,7.759,0.0,7.797,BID
616,1712460480.4173727,40595076.79831222,7.759,0.0,7.797,BID
617,1712460501.9643726,40595721.85566497,7.759,5.162045449355216e-07,7.797,BID
618,1712460510.4355233,40595721.85566497,7.759,0.0,7.797,BID
619,1712460538.4525368,40621498.37325744,7.759,2.06274716253936e-05,7.797,BID
620,1712460540.308772,40621498.37325744,7.759,0.0,7.797,BID
621,1712460570.3467317,40621498.37325744,7.759,0.0,7.797,BID
622,1712460600.399102,40621498.37325744,7.759,0.0,7.797,BID
623,1712460630.3189912,40621498.37325744,7.759,0.0,7.797,BID
624,1712460660.4139278,40621498.37325744,7.759,0.0,7.797,BID
625,1712460689.8142445,40625835.05846847,7.759,3.4699789627401805e-06,7.797,BID
626,1712460689.8200798,40745835.05846847,7.759,9.601745463798295e-05,7.797,BID
627,1712460689.9137716,40794158.24482532,7.759,-3.8665577949846994e-05,7.797,ASK
628,1712460690.4439514,40794158.24482532,7.759,-0.0,7.797,ASK
629,1712460720.369602,40794158.24482532,7.759,-0.0,7.797,ASK
630,1712460750.35907,40794158.24482532,7.759,-0.0,7.797,ASK
631,1712460759.41439,40879263.54918217,7.759,-6.80237059066795e-05,7.797,ASK
632,1712460759.4197507,40986718.07998788,7.759,-8.588718948961452e-05,7.797,ASK
633,1712460759.4943182,41008146.13714453,7.759,-1.712720340042811e-05,7.797,ASK
634,1712460780.4399664,41008146.13714453,7.759,-0.0,7.797,ASK
635,1712460810.4487302,41008146.13714453,7.759,-0.0,7.797,ASK
636,1712460840.3361392,41008146.13714453,7.759,-0.0,7.797,ASK
637,1712460855.1040804,41009522.62322249,7.747,-1.0987515963007015e-06,7.797,ASK
638,1712460870.383868,41009522.62322249,7.747,-0.0,7.797,ASK
639,1712460891.8953922,41035286.25899707,7.747,-2.05651153556381e-05,7.797,ASK
640,1712460900.4381616,41035286.25899707,7.747,-0.0,7.797,ASK
641,1712460930.4383647,41035286.25899707,7.747,-0.0,7.797,ASK
642,1712460960.3723483,41035286.25899707,7.747,-0.0,7.797,ASK
643,1712460990.3505857,41035286.25899707,7.747,-0.0,7.797,ASK
644,1712461020.5801768,41035286.25899707,7.747,-0.0,7.797,ASK
645,1712461050.424527,41035286.25899707,7.747,-0.0,7.797,ASK
646,1712461080.3453207,41035286.25899707,7.747,-0.0,7.797,ASK
647,1712461110.3647115,41035286.25899707,7.747,-0.0,7.797,ASK
648,1712461140.4458194,41035286.25899707,7.747,-0.0,7.797,ASK
649,1712461170.4540632,41035286.25899707,7.747,-0.0,7.797,ASK
650,1712461200.3695588,41035286.25899707,7.747,-0.0,7.797,ASK
651,1712461230.4084823,41035286.25899707,7.747,-0.0,7.797,ASK
652,1712461260.4038973,41035286.25899707,7.747,-0.0,7.797,ASK
653,1712461290.4339893,41035286.25899707,7.747,-0.0,7.797,ASK
654,1712461320.3849287,41035286.25899707,7.747,-0.0,7.797,ASK
655,1712461350.3310344,41035286.25899707,7.747,-0.0,7.797,ASK
656,1712461371.8140209,41096953.86916983,7.747,-5.046550450411641e-05,7.797,ASK
657,1712461371.818786,41132101.27214367,7.747,-2.8762772192972413e-05,7.797,ASK
658,1712461380.449446,41132101.27214367,7.747,-0.0,7.797,ASK
659,1712461410.4505055,41132101.27214367,7.747,-0.0,7.797,ASK
660,1712461440.3396077,41132101.27214367,7.747,-0.0,7.797,ASK
661,1712461470.345373,41132101.27214367,7.747,-0.0,7.797,ASK
662,1712461500.338606,41132101.27214367,7.747,-0.0,7.797,ASK
663,1712461530.3508933,41132101.27214367,7.747,-0.0,7.797,ASK
664,1712461550.128456,41133101.27214367,7.747,-8.178450335905771e-07,7.797,ASK
665,1712461560.4387658,41133101.27214367,7.747,-0.0,7.797,ASK
666,1712461590.4243407,41133101.27214367,7.747,-0.0,7.797,ASK
667,1712461620.3422167,41133101.27214367,7.747,-0.0,7.797,ASK
668,1712461650.3615758,41133101.27214367,7.747,-0.0,7.797,ASK
669,1712461656.5742126,41178068.02043597,7.759,3.677559876306175e-05,7.797,BID
670,1712461680.4438994,41178068.02043597,7.759,0.0,7.797,BID
671,1712461710.4384136,41178068.02043597,7.759,0.0,7.797,BID
672,1712461740.3624191,41178068.02043597,7.759,0.0,7.797,BID
673,1712461770.4194713,41178068.02043597,7.759,0.0,7.797,BID
674,1712461800.386167,41178068.02043597,7.759,0.0,7.797,BID
675,1712461830.3565488,41178068.02043597,7.759,0.0,7.797,BID
676,1712461843.2743192,41370435.2985832,7.759,0.0001585878996067,7.797,BID
677,1712461857.8241165,41371613.70422573,7.759,9.714795444038643e-07,7.797,BID
678,1712461860.4484084,41371613.70422573,7.759,0.0,7.797,BID
679,1712461890.4240398,41371613.70422573,7.759,0.0,7.797,BID
680,1712461920.3476014,41371613.70422573,7.759,0.0,7.797,BID
681,1712461939.7640886,41391322.88559328,7.759,1.622819060013019e-05,7.797,BID
682,1712461950.360511,41391322.88559328,7.759,0.0,7.797,BID
683,1712461980.357726,41391322.88559328,7.759,0.0,7.797,BID
684,1712462010.333984,41391322.88559328,7.759,0.0,7.797,BID
685,1712462037.104345,41520598.04300391,7.759,0.0001064294722407,7.797,BID
686,1712462037.110012,41685130.05541886,7.76,0.0001354556869144,7.797,BID
687,1712462037.1145935,41685774.59724126,7.759,5.306374973314272e-07,7.797,BID
688,1712462040.4474332,41685774.59724126,7.759,0.0,7.797,BID
689,1712462070.445414,41685774.59724126,7.759,0.0,7.797,BID
690,1712462100.3336256,41685774.59724126,7.759,0.0,7.797,BID
691,1712462130.3379793,41685774.59724126,7.759,0.0,7.797,BID
692,1712462160.4341066,41685774.59724126,7.759,0.0,7.797,BID
693,1712462190.433936,41685774.59724126,7.759,0.0,7.797,BID
694,1712462220.3497896,41685774.59724126,7.759,0.0,7.797,BID
695,1712462250.377963,41685774.59724126,7.759,0.0,7.797,BID
696,1712462280.4437351,41685774.59724126,7.759,0.0,7.797,BID
697,1712462310.424198,41685774.59724126,7.759,0.0,7.797,BID
698,1712462322.38401,41691858.80264403,7.76,-5.003368831161757e-06,7.797,ASK
699,1712462340.346599,41691858.80264403,7.76,-0.0,7.797,ASK
700,1712462354.964371,41777920.8237376,7.76,-7.077067381738168e-05,7.797,ASK
701,1712462354.9702773,41880644.59072007,7.76,-8.447199024649132e-05,7.797,ASK
702,1712462370.3454328,41880644.59072007,7.76,-0.0,7.797,ASK
703,1712462400.4160783,41880644.59072007,7.76,-0.0,7.797,ASK
704,1712462401.5040548,41970667.36283916,7.76,7.405185280315192e-05,7.797,BID
705,1712462430.3385808,41970667.36283916,7.76,0.0,7.797,BID
706,1712462460.4346485,41970667.36283916,7.76,0.0,7.797,BID
707,1712462490.4440274,41970667.36283916,7.76,0.0,7.797,BID
708,1712462520.3588314,41970667.36283916,7.76,0.0,7.797,BID
709,1712462550.359759,41970667.36283916,7.76,0.0,7.797,BID
710,1712462550.5379288,41983625.76636384,7.75,-1.0653334275644682e-05,7.797,ASK
711,1712462580.4440846,41983625.76636384,7.75,-0.0,7.797,ASK
712,1712462610.4440613,41983625.76636384,7.75,-0.0,7.797,ASK
713,1712462640.3760288,41983625.76636384,7.75,-0.0,7.797,ASK
714,1712462670.3370805,41983625.76636384,7.75,-0.0,7.797,ASK
715,1712462700.4795458,41983625.76636384,7.75,-0.0,7.797,ASK
716,1712462720.583983,42293588.52277483,7.751,-0.0002554344086152,7.797,ASK
717,1712462730.4476357,42293588.52277483,7.751,-0.0,7.797,ASK
718,1712462760.3424754,42293588.52277483,7.751,-0.0,7.797,ASK
719,1712462783.0941277,42551619.74455267,7.751,-0.000212218453844,7.797,ASK
720,1712462790.3505137,42551619.74455267,7.751,-0.0,7.797,ASK
721,1712462820.4169762,42551619.74455267,7.751,-0.0,7.797,ASK
722,1712462850.4343953,42551619.74455267,7.751,-0.0,7.797,ASK
723,1712462880.435901,42551619.74455267,7.751,-0.0,7.797,ASK
724,1712462910.4585216,42551619.74455267,7.751,-0.0,7.797,ASK
725,1712462940.3599684,42551619.74455267,7.751,-0.0,7.797,ASK
726,1712462970.3640478,42551619.74455267,7.751,-0.0,7.797,ASK
727,1712463000.3712451,42551619.74455267,7.751,-0.0,7.797,ASK
728,1712463030.342275,42551619.74455267,7.751,-0.0,7.797,ASK
729,1712463038.2641995,42680635.35544158,7.751,-0.0001070783505611,7.797,ASK
730,1712463060.5000184,42680635.35544158,7.751,-0.0,7.797,ASK
731,1712463090.467654,42680635.35544158,7.751,-0.0,7.797,ASK
732,1712463120.3124928,42680635.35544158,7.751,-0.0,7.797,ASK
733,1712463150.380264,42680635.35544158,7.751,-0.0,7.797,ASK
734,1712463167.714155,42882604.82232104,7.75,-0.0001674884368081,7.797,ASK
735,1712463167.7203,42973848.86159158,7.75,-7.566649425578665e-05,7.797,ASK
736,1712463167.794029,42973848.86159171,7.75,-1.112145815993741e-16,7.797,ASK
737,1712463167.8141098,43023848.86159171,7.748,-4.1463801285384994e-05,7.797,ASK
738,1712463167.8170686,43043727.91424971,7.748,-1.6485221783059578e-05,7.797,ASK
739,1712463167.882635,43043727.91425046,7.748,-6.240373745298213e-16,7.797,ASK
740,1712463167.8875418,43130194.72451655,7.747,-7.170485277308068e-05,7.797,ASK
741,1712463167.89229,43132776.3690241,7.747,-2.1408958970109296e-06,7.797,ASK
742,1712463167.9342194,43134067.35792159,7.746,-1.0705861421473953e-06,7.797,ASK
743,1712463167.9402893,43263166.24767113,7.746,-0.0001070586142147,7.797,ASK
744,1712463180.376288,43263166.24767113,7.746,-0.0,7.797,ASK
745,1712463210.3501153,43263166.24767113,7.746,-0.0,7.797,ASK
746,1712463240.4414823,43263166.24767113,7.746,-0.0,7.797,ASK
747,1712463270.4670656,43263166.24767113,7.746,-0.0,7.797,ASK
748,1712463287.3142805,43264457.40325537,7.745,-1.0667314978209243e-06,7.797,ASK
749,1712463287.31921,43267041.71595688,7.745,-2.135116629285034e-06,7.797,ASK
750,1712463300.382259,43267041.71595688,7.745,-0.0,7.797,ASK
751,1712463310.8796425,43292878.17119522,7.741,-2.1350910300810453e-05,7.797,ASK
752,1712463310.885017,43346398.83114642,7.74,-4.422877671557674e-05,7.797,ASK
753,1712463310.8897886,43471453.47215042,7.741,-0.0001033435275135,7.797,ASK
754,1712463310.892976,43518869.15944891,7.745,-3.9183706782620535e-05,7.797,ASK
755,1712463310.8958786,43527564.42421962,7.74,-7.185653621937377e-06,7.797,ASK
756,1712463316.0742977,43528854.5803285,7.751,1.0661682146642642e-06,7.797,BID
757,1712463330.355971,43528854.5803285,7.751,0.0,7.797,BID
758,1712463360.465793,43528854.5803285,7.751,0.0,7.797,BID
759,1712463390.435567,43528854.5803285,7.751,0.0,7.797,BID
760,1712463395.204211,43530144.73643738,7.751,1.0643854233501885e-06,7.797,BID
761,1712463420.3341815,43530144.73643738,7.751,0.0,7.797,BID
762,1712463450.3521583,43530144.73643738,7.751,0.0,7.797,BID
763,1712463480.432727,43530144.73643738,7.751,0.0,7.797,BID
764,1712463510.4551787,43530144.73643738,7.751,0.0,7.797,BID
765,1712463539.8543084,43568830.07703375,7.751,3.191534159510476e-05,7.797,BID
766,1712463540.3460605,43568830.07703375,7.751,0.0,7.797,BID
767,1712463570.345904,43568830.07703375,7.751,0.0,7.797,BID
768,1712463600.3549974,43568830.07703375,7.751,0.0,7.797,BID
769,1712463630.337191,43568830.07703375,7.751,0.0,7.797,BID
770,1712463660.444271,43568830.07703375,7.751,0.0,7.797,BID
771,1712463690.4540117,43568830.07703375,7.751,0.0,7.797,BID
772,1712463720.3644052,43568830.07703375,7.751,0.0,7.797,BID
773,1712463750.3293529,43568830.07703375,7.751,0.0,7.797,BID
774,1712463780.3750665,43568830.07703375,7.751,0.0,7.797,BID
775,1712463810.3377273,43568830.07703375,7.751,0.0,7.797,BID
776,1712463840.4341533,43568830.07703375,7.751,0.0,7.797,BID
777,1712463870.43665,43568830.07703375,7.751,0.0,7.797,BID
778,1712463900.3546102,43568830.07703375,7.751,0.0,7.797,BID
779,1712463921.0142312,43588699.39701681,7.74,-1.6388801674204732e-05,7.797,ASK
780,1712463930.3336143,43588699.39701681,7.74,-0.0,7.797,ASK
781,1712463953.6040676,43606252.30024261,7.75,1.4476316440080495e-05,7.797,BID
782,1712463960.4340432,43606252.30024261,7.75,0.0,7.797,BID
783,1712463965.0842595,43607542.78933797,7.749,1.0641791043858467e-06,7.797,BID
784,1712463990.444288,43607542.78933797,7.749,0.0,7.797,BID
785,1712464020.3624291,43607542.78933797,7.749,0.0,7.797,BID
786,1712464050.337784,43607542.78933797,7.749,0.0,7.797,BID
787,1712464080.4279814,43607542.78933797,7.749,0.0,7.797,BID
788,1712464110.4240246,43607542.78933797,7.749,0.0,7.797,BID
789,1712464140.331939,43607542.78933797,7.749,0.0,7.797,BID
790,1712464142.3140624,43614109.12805497,7.749,-5.414770924615613e-06,7.797,ASK
791,1712464170.3305385,43614109.12805497,7.749,-0.0,7.797,ASK
792,1712464176.1575005,43614109.1280553,7.749,-2.7032199134851794e-16,7.797,ASK
793,1712464200.4090707,43614109.1280553,7.749,-0.0,7.797,ASK
794,1712464230.3334448,43614109.1280553,7.749,-0.0,7.797,ASK
795,1712464260.4241986,43614109.1280553,7.749,-0.0,7.797,ASK
796,1712464290.4340262,43614109.1280553,7.749,-0.0,7.797,ASK
797,1712464320.3479376,43614109.1280553,7.749,-0.0,7.797,ASK
798,1712464350.337142,43614109.1280553,7.749,-0.0,7.797,ASK
799,1712464379.353965,43662482.38386925,7.74,-3.991600166323167e-05,7.797,ASK
800,1712464379.357592,43784718.02781554,7.74,-0.0001008647874733,7.797,ASK
801,1712464379.3609543,43807650.6183678,7.74,-1.892321091940941e-05,7.797,ASK
802,1712464380.4184585,43807650.6183678,7.74,-0.0,7.797,ASK
803,1712464388.7407792,44046980.9354528,7.739,-0.0001972436022556,7.797,ASK
804,1712464394.0544536,44048167.98201657,7.739,-9.783020518910869e-07,7.797,ASK
805,1712464401.514081,44049460.13862596,7.739,-1.0649282858018183e-06,7.797,ASK
806,1712464401.5195022,44305738.83783312,7.739,-0.0002112115774912,7.797,ASK
807,1712464401.5249698,44306385.04535347,7.739,-5.325706357268294e-07,7.797,ASK
808,1712464410.42771,44306385.04535347,7.739,-0.0,7.797,ASK
809,1712464440.405152,44306385.04535347,7.739,-0.0,7.797,ASK
810,1712464470.3327591,44306385.04535347,7.739,-0.0,7.797,ASK
811,1712464499.4743738,44312843.55504097,7.74,5.305889974127789e-06,7.797,BID
812,1712464500.4367218,44312843.55504097,7.74,0.0,7.797,BID
813,1712464502.7641716,44317729.01637703,7.74,-4.020001126675864e-06,7.797,ASK
814,1712464511.814293,44320171.74704506,7.739,-2.010000563337932e-06,7.797,ASK
815,1712464514.3844016,44349215.27734506,7.748,2.3898464545575e-05,7.797,BID
816,1712464514.391434,44393728.37664506,7.748,3.662759707399218e-05,7.797,BID
817,1712464514.5242834,44398224.72304506,7.748,-3.699817959975474e-06,7.797,ASK
818,1712464514.530754,44407562.09936502,7.748,-7.683258702584754e-06,7.797,ASK
819,1712464530.4663577,44407562.09936502,7.748,-0.0,7.797,ASK
820,1712464560.3633175,44407562.09936502,7.748,-0.0,7.797,ASK
821,1712464590.3336773,44407562.09936502,7.748,-0.0,7.797,ASK
822,1712464595.4143484,44408207.3439127,7.749,5.306189796321107e-07,7.797,BID
823,1712464620.4194672,44408207.3439127,7.749,0.0,7.797,BID
824,1712464632.3643372,44414128.43808235,7.749,4.869211277219302e-06,7.797,BID
825,1712464632.3740706,44470508.23435017,7.749,4.636392057426361e-05,7.797,BID
826,1712464634.69409,44526575.92050322,7.749,4.610725684844149e-05,7.797,BID
827,1712464637.7845151,44539479.14630967,7.749,1.0610966623576e-05,7.797,BID
828,1712464650.4442592,44539479.14630967,7.749,0.0,7.797,BID
829,1712464680.3374102,44539479.14630967,7.749,0.0,7.797,BID
830,1712464710.3409593,44539479.14630967,7.749,0.0,7.797,BID
831,1712464740.4343324,44539479.14630967,7.749,0.0,7.797,BID
832,1712464770.437384,44539479.14630967,7.749,0.0,7.797,BID
833,1712464800.3446746,44539479.14630967,7.749,0.0,7.797,BID
834,1712464830.3347497,44539479.14630967,7.749,0.0,7.797,BID
835,1712464860.4220498,44539479.14630967,7.749,0.0,7.797,BID
836,1712464873.4253972,44558838.98110574,7.748,1.5943084910703427e-05,7.797,BID
837,1712464890.4441707,44558838.98110574,7.748,0.0,7.797,BID
838,1712464891.9340355,44576120.41770702,7.74,-1.4229738224850724e-05,7.797,ASK
839,1712464920.3388853,44576120.41770702,7.74,-0.0,7.797,ASK
840,1712464939.634173,44623363.43587409,7.74,-3.889617305017122e-05,7.797,ASK
841,1712464950.326718,44623363.43587409,7.74,-0.0,7.797,ASK
842,1712464980.4486332,44623363.43587409,7.74,-0.0,7.797,ASK
843,1712465010.4362805,44623363.43587409,7.74,-0.0,7.797,ASK
844,1712465040.3426828,44623363.43587409,7.74,-0.0,7.797,ASK
845,1712465043.114477,44630685.68705616,7.739,-6.026749408007363e-06,7.797,ASK
846,1712465043.1234262,44698012.90575156,7.739,-5.541523574181517e-05,7.797,ASK
847,1712465070.3388677,44698012.90575156,7.739,-0.0,7.797,ASK
848,1712465100.3580697,44698012.90575156,7.739,-0.0,7.797,ASK
849,1712465122.4541843,44736772.59567404,7.74,3.189034236660066e-05,7.797,BID
850,1712465130.3564937,44736772.59567404,7.74,0.0,7.797,BID
851,1712465160.4341145,44736772.59567404,7.74,0.0,7.797,BID
852,1712465172.4259872,44754966.41996344,7.74,1.4965653976034782e-05,7.797,BID
853,1712465176.4695165,44775824.52858844,7.74,1.715720847419739e-05,7.797,BID
854,1712465190.4464347,44775824.52858844,7.74,0.0,7.797,BID
855,1712465220.3116252,44775824.52858844,7.74,0.0,7.797,BID
856,1712465250.3527582,44775824.52858844,7.74,0.0,7.797,BID
857,1712465280.4266398,44775824.52858844,7.74,0.0,7.797,BID
858,1712465310.4294977,44775824.52858844,7.74,0.0,7.797,BID
859,1712465327.9942377,44835409.38464871,7.739,-4.900040080458673e-05,7.797,ASK
860,1712465328.1340091,44848869.51680371,7.739,1.1069119136758229e-05,7.797,BID
861,1712465336.174006,44971802.59722678,7.739,0.0001010956577083,7.797,BID
862,1712465340.3498378,44971802.59722678,7.739,0.0,7.797,BID
863,1712465370.3416607,44971802.59722678,7.739,0.0,7.797,BID
864,1712465400.3613362,44971802.59722678,7.739,0.0,7.797,BID
865,1712465430.345432,44971802.59722678,7.739,0.0,7.797,BID
866,1712465460.4387174,44971802.59722678,7.739,0.0,7.797,BID
867,1712465483.234598,44971802.59722683,7.74,3.672602533920274e-17,7.797,BID
868,1712465483.243132,44972447.92505331,7.748,5.301673205031261e-07,7.797,BID
869,1712465486.1240177,44973093.25287984,7.748,5.301673205398521e-07,7.797,BID
870,1712465490.444343,44973093.25287984,7.748,0.0,7.797,BID
871,1712465520.3753126,44973093.25287984,7.748,0.0,7.797,BID
872,1712465550.336116,44973093.25287984,7.748,0.0,7.797,BID
873,1712465580.44438,44973093.25287984,7.748,0.0,7.797,BID
874,1712465610.4343011,44973093.25287984,7.748,0.0,7.797,BID
875,1712465640.3221729,44973093.25287984,7.748,0.0,7.797,BID
876,1712465665.5342526,44973738.58070637,7.748,5.30162965000434e-07,7.797,BID
877,1712465670.3230722,44973738.58070637,7.748,0.0,7.797,BID
878,1712465700.4451988,44973738.58070637,7.748,0.0,7.797,BID
879,1712465730.4347284,44973738.58070637,7.748,0.0,7.797,BID
880,1712465760.3095012,44973738.58070637,7.748,0.0,7.797,BID
881,1712465790.316001,44973738.58070637,7.748,0.0,7.797,BID
882,1712465820.4344578,44973738.58070637,7.748,0.0,7.797,BID
883,1712465821.954666,44975187.85659008,7.74,-1.1943956211908118e-06,7.797,ASK
884,1712465821.9622717,44978126.47121917,7.738,-2.4218083560327743e-06,7.797,ASK
885,1712465821.9656026,44998537.87089001,7.733,-1.6821701556857025e-05,7.797,ASK
886,1712465821.9687498,44999601.7644643,7.74,-8.767894648857269e-07,7.797,ASK
887,1712465845.134815,45000247.09229083,7.748,5.31835752540407e-07,7.797,BID
888,1712465850.4443388,45000247.09229083,7.748,0.0,7.797,BID
889,1712465880.3479502,45000247.09229083,7.748,0.0,7.797,BID
890,1712465910.3317597,45000247.09229083,7.748,0.0,7.797,BID
891,1712465940.4351864,45000247.09229083,7.748,0.0,7.797,BID
892,1712465970.4471917,45000247.09229083,7.748,0.0,7.797,BID
893,1712465970.8267667,45010332.42976174,7.734,8.310252005212212e-06,7.797,BID
894,1712465977.874463,45035260.76080997,7.733,-2.054078147388185e-05,7.797,ASK
895,1712466000.4082797,45035260.76080997,7.733,-0.0,7.797,ASK
896,1712466007.8144524,45075260.76080997,7.735,-3.304585916036271e-05,7.797,ASK
897,1712466007.8191378,45176905.99075876,7.733,-8.397384883025899e-05,7.797,ASK
898,1712466025.5145366,45177551.31858529,7.748,5.331353116941202e-07,7.797,BID
899,1712466030.308257,45177551.31858529,7.748,0.0,7.797,BID
900,1712466060.407263,45177551.31858529,7.748,0.0,7.797,BID
901,1712466090.4274173,45177551.31858529,7.748,0.0,7.797,BID
902,1712466120.325986,45177551.31858529,7.748,0.0,7.797,BID
903,1712466150.328754,45177551.31858529,7.748,0.0,7.797,BID
904,1712466180.434352,45177551.31858529,7.748,0.0,7.797,BID
905,1712466204.954468,45178196.64641182,7.748,5.326510731566211e-07,7.797,BID
906,1712466210.4446125,45178196.64641182,7.748,0.0,7.797,BID
907,1712466240.3282366,45178196.64641182,7.748,0.0,7.797,BID
908,1712466270.3220894,45178196.64641182,7.748,0.0,7.797,BID
909,1712466300.430329,45178196.64641182,7.748,0.0,7.797,BID
910,1712466330.4490736,45178196.64641182,7.748,0.0,7.797,BID
911,1712466347.5546837,45179661.29624482,7.748,1.2123285907329249e-06,7.797,BID
912,1712466360.321391,45179661.29624482,7.748,0.0,7.797,BID
913,1712466384.934526,45180306.62407135,7.748,5.341495340633208e-07,7.797,BID
914,1712466390.3358228,45180306.62407135,7.748,0.0,7.797,BID
915,1712466420.4153852,45180306.62407135,7.748,0.0,7.797,BID
916,1712466450.4276116,45180306.62407135,7.748,0.0,7.797,BID
917,1712466457.0944436,45210306.62407135,7.735,-2.4831440772604765e-05,7.797,ASK
918,1712466480.350129,45210306.62407135,7.735,-0.0,7.797,ASK
919,1712466510.3221848,45210306.62407135,7.735,-0.0,7.797,ASK
920,1712466515.4645748,45226856.33941624,7.733,-1.3695811975373537e-05,7.797,ASK
921,1712466540.4544256,45226856.33941624,7.733,-0.0,7.797,ASK
922,1712466554.7347798,45236396.14886888,7.735,7.893888058323836e-06,7.797,BID
923,1712466554.7422354,45239787.9312952,7.748,2.806591779897276e-06,7.797,BID
924,1712466564.874523,45240433.25912173,7.748,5.339881942965354e-07,7.797,BID
925,1712466570.43437,45240433.25912173,7.748,0.0,7.797,BID
926,1712466600.3625183,45240433.25912173,7.748,0.0,7.797,BID
927,1712466630.411033,45240433.25912173,7.748,0.0,7.797,BID
928,1712466646.744697,45244413.3841222,7.748,3.30254371687513e-06,7.797,BID
929,1712466646.7522786,45284598.19265909,7.748,3.334369823351672e-05,7.797,BID
930,1712466649.2745836,45291120.64273658,7.733,-5.4120603045137325e-06,7.797,ASK
931,1712466660.4320724,45291120.64273658,7.733,-0.0,7.797,ASK
932,1712466690.42444,45291120.64273658,7.733,-0.0,7.797,ASK
933,1712466720.3325143,45291120.64273658,7.733,-0.0,7.797,ASK
934,1712466744.6409345,45291765.97056311,7.748,5.352920475705935e-07,7.797,BID
935,1712466750.3244407,45291765.97056311,7.748,0.0,7.797,BID
936,1712466780.4345026,45291765.97056311,7.748,0.0,7.797,BID
937,1712466810.4486098,45291765.97056311,7.748,0.0,7.797,BID
938,1712466840.3485692,45291765.97056311,7.748,0.0,7.797,BID
939,1712466870.3416612,45291765.97056311,7.748,0.0,7.797,BID
940,1712466900.345384,45291765.97056311,7.748,0.0,7.797,BID
941,1712466925.107051,45292411.46501185,7.746,5.378116560532819e-07,7.797,BID
942,1712466930.3155591,45292411.46501185,7.746,0.0,7.797,BID
943,1712466960.359944,45292411.46501185,7.746,0.0,7.797,BID
944,1712466990.3164766,45292411.46501185,7.746,0.0,7.797,BID
945,1712467020.4209585,45292411.46501185,7.746,0.0,7.797,BID
946,1712467027.984721,45415344.54543492,7.734,-0.0001024246889644,7.797,ASK
947,1712467050.4449942,45415344.54543492,7.734,-0.0,7.797,ASK
948,1712467066.7747283,45415990.03988366,7.746,5.373837257132356e-07,7.797,BID
949,1712467080.35458,45415990.03988366,7.746,0.0,7.797,BID
950,1712467105.4746337,45416635.5343324,7.746,5.373814888290425e-07,7.797,BID
951,1712467110.322552,45416635.5343324,7.746,0.0,7.797,BID
952,1712467135.5547838,45417454.76448573,7.746,6.820156049891861e-07,7.797,BID
953,1712467140.4447737,45417454.76448573,7.746,0.0,7.797,BID
954,1712467170.4386077,45417454.76448573,7.746,0.0,7.797,BID
955,1712467200.3663988,45417454.76448573,7.746,0.0,7.797,BID
956,1712467230.3300705,45417454.76448573,7.746,0.0,7.797,BID
957,1712467260.4397748,45417454.76448573,7.746,0.0,7.797,BID
958,1712467284.9944234,45418100.25893447,7.746,5.375456253453006e-07,7.797,BID
959,1712467290.432653,45418100.25893447,7.746,0.0,7.797,BID
960,1712467320.3550117,45418100.25893447,7.746,0.0,7.797,BID
961,1712467350.3203144,45418100.25893447,7.746,0.0,7.797,BID
962,1712467380.4544935,45418100.25893447,7.746,0.0,7.797,BID
963,1712467389.7152429,45420038.24343059,7.74,-1.613880262249491e-06,7.797,ASK
964,1712467410.4362364,45420038.24343059,7.74,-0.0,7.797,ASK
965,1712467432.7123375,45433672.12553059,7.736,-1.1353640037781774e-05,7.797,ASK
966,1712467432.7248683,45440038.24343059,7.736,-5.30139622335908e-06,7.797,ASK
967,1712467440.315084,45440038.24343059,7.736,-0.0,7.797,ASK
968,1712467464.5446248,45440683.73787933,7.746,5.374674233944204e-07,7.797,BID
969,1712467470.330772,45440683.73787933,7.746,0.0,7.797,BID
970,1712467500.34159,45440683.73787933,7.746,0.0,7.797,BID
971,1712467530.3491302,45440683.73787933,7.746,0.0,7.797,BID
972,1712467534.7041547,45441974.72677682,7.746,1.0801845139142409e-06,7.797,BID
973,1712467547.6140578,45492503.06398312,7.746,4.22776117362318e-05,7.797,BID
974,1712467560.4254522,45492503.06398312,7.746,0.0,7.797,BID
975,1712467590.4489665,45492503.06398312,7.746,0.0,7.797,BID
976,1712467620.3322916,45492503.06398312,7.746,0.0,7.797,BID
977,1712467644.7790835,45493148.55843186,7.746,5.399109281380419e-07,7.797,BID
978,1712467650.341593,45493148.55843186,7.746,0.0,7.797,BID
979,1712467680.4270897,45493148.55843186,7.746,0.0,7.797,BID
980,1712467688.614138,45538539.97858581,7.746,3.796658722615804e-05,7.797,BID
981,1712467688.6220312,45564723.5648868,7.746,2.190064575680948e-05,7.797,BID
982,1712467710.443339,45564723.5648868,7.746,0.0,7.797,BID
983,1712467740.481046,45564723.5648868,7.746,0.0,7.797,BID
984,1712467744.1240337,45570889.80100149,7.736,-5.155212729519788e-06,7.797,ASK
985,1712467769.8841643,45580567.95746934,7.746,8.091314457207509e-06,7.797,BID
986,1712467770.345265,45580567.95746934,7.746,0.0,7.797,BID
987,1712467800.3984914,45580567.95746934,7.746,0.0,7.797,BID
988,1712467825.1743782,45581213.45191808,7.746,5.396796348292737e-07,7.797,BID
989,1712467830.388771,45581213.45191808,7.746,0.0,7.797,BID
990,1712467860.4200103,45581213.45191808,7.746,0.0,7.797,BID
991,1712467890.439191,45581213.45191808,7.746,0.0,7.797,BID
992,1712467920.34226,45581213.45191808,7.746,0.0,7.797,BID
993,1712467927.044536,45581967.8540184,7.736,-6.307316024807932e-07,7.797,ASK
994,1712467950.3279605,45581967.8540184,7.736,-0.0,7.797,ASK
995,1712467953.1041615,45582967.8540184,7.736,-8.360641157771077e-07,7.797,ASK
996,1712467980.3509436,45582967.8540184,7.736,-0.0,7.797,ASK
997,1712468010.3517623,45582967.8540184,7.736,-0.0,7.797,ASK
998,1712468015.3675609,45584324.96917931,7.737,-1.134627948478261e-06,7.797,ASK
999,1712468015.37567,45769330.8038266,7.736,-0.0001546757391474,7.797,ASK
1000,1712468020.9848,45771593.19251028,7.736,-1.89148976059997e-06,7.797,ASK
1201,1712468023.0341492,46276079.03700862,7.736,-0.0004217797835186,7.797,ASK
1202,1712468038.7999587,46287623.45020835,7.746,9.6518071881167e-06,7.797,BID
1203,1712468038.80151,46291079.03700862,7.746,2.88907343673254e-06,7.797,BID
1204,1712468040.4375184,46291079.03700862,7.746,0.0,7.797,BID
1205,1712468070.4520829,46291079.03700862,7.746,0.0,7.797,BID
1206,1712468100.3120797,46291079.03700862,7.746,0.0,7.797,BID
1207,1712468130.349794,46291079.03700862,7.746,0.0,7.797,BID
1208,1712468148.5541744,46292370.02590612,7.745,1.075459046068122e-06,7.797,BID
1209,1712468148.556931,46303988.92598357,7.745,9.679131414551031e-06,7.797,BID
1210,1712468160.4441972,46303988.92598357,7.745,0.0,7.797,BID
1211,1712468190.424891,46303988.92598357,7.745,0.0,7.797,BID
1212,1712468209.0879796,46368546.70519596,7.745,5.377541604207583e-05,7.797,BID
1213,1712468220.3417785,46368546.70519596,7.745,0.0,7.797,BID
1214,1712468250.3288076,46368546.70519596,7.745,0.0,7.797,BID
1215,1712468280.423836,46368546.70519596,7.745,0.0,7.797,BID
1216,1712468310.5192337,46368546.70519596,7.745,0.0,7.797,BID
1217,1712468340.3278058,46368546.70519596,7.745,0.0,7.797,BID
1218,1712468370.335744,46368546.70519596,7.745,0.0,7.797,BID
1219,1712468395.023955,46407281.37272339,7.744,3.225181704669649e-05,7.797,BID
1220,1712468400.3674424,46407281.37272339,7.744,0.0,7.797,BID
1221,1712468430.336534,46407281.37272339,7.744,0.0,7.797,BID
1222,1712468460.43815,46407281.37272339,7.744,0.0,7.797,BID
1223,1712468490.4538343,46407281.37272339,7.744,0.0,7.797,BID
1224,1712468520.3445468,46407281.37272339,7.744,0.0,7.797,BID
1225,1712468550.3193867,46407281.37272339,7.744,0.0,7.797,BID
1226,1712468580.4515262,46407281.37272339,7.744,0.0,7.797,BID
1227,1712468610.4543908,46407281.37272339,7.744,0.0,7.797,BID
1228,1712468640.320732,46407281.37272339,7.744,0.0,7.797,BID
1229,1712468670.353824,46407281.37272339,7.744,0.0,7.797,BID
1230,1712468700.3698876,46407281.37272339,7.744,0.0,7.797,BID
1231,1712468730.3865163,46407281.37272339,7.744,0.0,7.797,BID
1232,1712468760.444176,46407281.37272339,7.744,0.0,7.797,BID
1233,1712468790.4388723,46407281.37272339,7.744,0.0,7.797,BID
1234,1712468820.3249073,46407281.37272339,7.744,0.0,7.797,BID
1235,1712468850.3323655,46407281.37272339,7.744,0.0,7.797,BID
1236,1712468880.446111,46407281.37272339,7.744,0.0,7.797,BID
1237,1712468910.4470892,46407281.37272339,7.744,0.0,7.797,BID
1238,1712468926.0141125,46665529.01593185,7.736,-0.0002156559707637,7.797,ASK
1239,1712468926.016074,47053276.20476473,7.737,-0.00032379771362,7.797,ASK
1240,1712468940.345037,47053276.20476473,7.737,-0.0,7.797,ASK
1241,1712468951.2543223,47121047.01628706,7.737,-5.6358449123768325e-05,7.797,ASK
1242,1712468970.3363986,47121047.01628706,7.737,-0.0,7.797,ASK
1243,1712469000.4129813,47121047.01628706,7.737,-0.0,7.797,ASK
1244,1712469030.3222413,47121047.01628706,7.737,-0.0,7.797,ASK
1245,1712469060.4399838,47121047.01628706,7.737,-0.0,7.797,ASK
1246,1712469090.4394767,47121047.01628706,7.737,-0.0,7.797,ASK
1247,1712469120.3198817,47121047.01628706,7.737,-0.0,7.797,ASK
1248,1712469150.3262558,47121047.01628706,7.737,-0.0,7.797,ASK
1249,1712469180.473253,47121047.01628706,7.737,-0.0,7.797,ASK
1250,1712469210.4474497,47121047.01628706,7.737,-0.0,7.797,ASK
1251,1712469240.3260005,47121047.01628706,7.737,-0.0,7.797,ASK
1252,1712469270.3315637,47121047.01628706,7.737,-0.0,7.797,ASK
1253,1712469300.3764572,47121047.01628706,7.737,-0.0,7.797,ASK
1254,1712469302.7921698,47261108.49614243,7.744,0.0001170070618684,7.797,BID
1255,1712469325.6540034,47262399.81845647,7.744,1.0787679099701792e-06,7.797,BID
1256,1712469330.3257804,47262399.81845647,7.744,0.0,7.797,BID
1257,1712469346.6338897,47268415.14756877,7.744,5.0206020017157545e-06,7.797,BID
1258,1712469360.4337697,47268415.14756877,7.744,0.0,7.797,BID
1259,1712469390.455389,47268415.14756877,7.744,0.0,7.797,BID
1260,1712469420.3367963,47268415.14756877,7.744,0.0,7.797,BID
1261,1712469450.320494,47268415.14756877,7.744,0.0,7.797,BID
1262,1712469480.4410644,47268415.14756877,7.744,0.0,7.797,BID
1263,1712469510.4336922,47268415.14756877,7.744,0.0,7.797,BID
1264,1712469540.369202,47268415.14756877,7.744,0.0,7.797,BID
1265,1712469570.3294184,47268415.14756877,7.744,0.0,7.797,BID
1266,1712469600.4647076,47268415.14756877,7.744,0.0,7.797,BID
1267,1712469615.9340968,47274862.42622494,7.741,-5.389076177477669e-06,7.797,ASK
1268,1712469630.3092012,47274862.42622494,7.741,-0.0,7.797,ASK
1269,1712469631.0939744,47278086.06555303,7.741,-2.694425685823365e-06,7.797,ASK
1270,1712469654.4437568,47286145.16387325,7.741,-6.736064214545957e-06,7.797,ASK
1271,1712469660.4726183,47286145.16387325,7.741,-0.0,7.797,ASK
1272,1712469690.438412,47286145.16387325,7.741,-0.0,7.797,ASK
1273,1712469720.3320951,47286145.16387325,7.741,-0.0,7.797,ASK
1274,1712469750.3575094,47286145.16387325,7.741,-0.0,7.797,ASK
1275,1712469780.5282762,47286145.16387325,7.741,-0.0,7.797,ASK
1276,1712469800.004344,47294204.26219347,7.742,-6.735572508178956e-06,7.797,ASK
1277,1712469800.36366,47369543.27365328,7.742,-6.296627168683388e-05,7.797,ASK
1278,1712469800.3735597,47400543.01532147,7.742,-2.5908730659970752e-05,7.797,ASK
1279,1712469800.4235597,47400543.01532208,7.742,-5.106131921036165e-16,7.797,ASK
1280,1712469800.4334998,47897594.25796092,7.741,-0.0004154217447221,7.797,ASK
1281,1712469800.5035253,47906874.25796092,7.74,-7.755968520578627e-06,7.797,ASK
1282,1712469800.513518,47919474.25796092,7.739,-1.0530733120613224e-05,7.797,ASK
1283,1712469810.4327,47919474.25796092,7.739,-0.0,7.797,ASK
1284,1712469840.324606,47919474.25796092,7.739,-0.0,7.797,ASK
1285,1712469870.3050983,47919474.25796092,7.739,-0.0,7.797,ASK
1286,1712469900.4602485,47919474.25796092,7.739,-0.0,7.797,ASK
1287,1712469930.43372,47919474.25796092,7.739,-0.0,7.797,ASK
1288,1712469960.3742523,47919474.25796092,7.739,-0.0,7.797,ASK
1289,1712469990.3586357,47919474.25796092,7.739,-0.0,7.797,ASK
1290,1712470020.4335852,47919474.25796092,7.739,-0.0,7.797,ASK
1291,1712470050.4737616,47919474.25796092,7.739,-0.0,7.797,ASK
1292,1712470076.2439344,47920370.25796092,7.739,7.461909385450998e-07,7.797,BID
1293,1712470080.327243,47920370.25796092,7.739,0.0,7.797,BID
1294,1712470094.9970767,48075517.88039214,7.739,-0.0001292065641238,7.797,ASK
1295,1712470110.3549309,48075517.88039214,7.739,-0.0,7.797,ASK
1296,1712470140.44477,48075517.88039214,7.739,-0.0,7.797,ASK
1297,1712470170.468853,48075517.88039214,7.739,-0.0,7.797,ASK
1298,1712470200.3796694,48075517.88039214,7.739,-0.0,7.797,ASK
1299,1712470222.97393,48140092.334738,7.743,5.383674042972078e-05,7.797,BID
1300,1712470230.3168433,48140092.334738,7.743,0.0,7.797,BID
1301,1712470234.5038085,48140738.07928145,7.743,5.381430751064064e-07,7.797,BID
1302,1712470260.4460075,48140738.07928145,7.743,0.0,7.797,BID
1303,1712470290.5097702,48140738.07928145,7.743,0.0,7.797,BID
1304,1712470309.9962606,48311708.64029645,7.742,0.000142480863393,7.797,BID
1305,1712470310.097924,48389532.13534274,7.742,6.485536867067065e-05,7.797,BID
1306,1712470310.10028,48482679.20131145,7.743,7.762549472236726e-05,7.797,BID
1307,1712470310.553886,48600749.77652153,7.743,9.839587235003172e-05,7.797,BID
1308,1712470310.557201,48983231.58678079,7.743,0.0003187469131196,7.797,BID
1309,1712470320.35942,48983231.58678079,7.743,0.0,7.797,BID
1310,1712470337.174047,49049036.09818279,7.744,5.454266546632736e-05,7.797,BID
1311,1712470337.1935625,49049036.09818312,7.744,2.717211741303858e-16,7.797,BID
1312,1712470350.3319943,49049036.09818312,7.744,0.0,7.797,BID
1313,1712470380.458403,49049036.09818312,7.744,0.0,7.797,BID
1314,1712470410.4371057,49049036.09818312,7.744,0.0,7.797,BID
1315,1712470423.6357565,49061945.98715807,7.746,1.0695960698073816e-05,7.797,BID
1316,1712470440.324859,49061945.98715807,7.746,0.0,7.797,BID
1317,1712470470.348493,49061945.98715807,7.746,0.0,7.797,BID
1318,1712470486.353626,49375610.65279194,7.746,0.0002598525057252,7.797,BID
1319,1712470500.4967442,49375610.65279194,7.746,0.0,7.797,BID
1320,1712470530.3302138,49375610.65279194,7.746,0.0,7.797,BID
1321,1712470531.6136062,49377067.95979183,7.744,1.2062632377216415e-06,7.797,BID
1322,1712470531.6167655,49506081.17792183,7.745,0.0001067886877795,7.797,BID
1323,1712470531.713713,49544319.02680818,7.745,3.1650785596017706e-05,7.797,BID
1324,1712470543.217174,49557185.54384017,7.745,1.0650059660976817e-05,7.797,BID
1325,1712470560.4390266,49557185.54384017,7.745,0.0,7.797,BID
1326,1712470577.4036894,49573309.19229241,7.744,1.3330582284557998e-05,7.797,BID
1327,1712470590.451293,49573309.19229241,7.744,0.0,7.797,BID
1328,1712470613.5462072,49574600.34787665,7.745,1.0673811933785786e-06,7.797,BID
1329,1712470618.6172616,49580955.85314531,7.745,5.2540118951997e-06,7.797,BID
1330,1712470620.511551,49580955.85314531,7.745,0.0,7.797,BID
1331,1712470638.5029378,49581627.25404912,7.744,-5.550110476705005e-07,7.797,ASK
1332,1712470638.6379552,49680462.96574912,7.744,-8.17021716627158e-05,7.797,ASK
1333,1712470638.6412885,49747817.67294912,7.744,-5.567851695801793e-05,7.797,ASK
1334,1712470648.827114,49757706.98714912,7.745,8.174964620554762e-06,7.797,BID
1335,1712470648.833543,49799463.89631903,7.745,3.4518192892262185e-05,7.797,BID
1336,1712470650.3599465,49799463.89631903,7.745,0.0,7.797,BID
1337,1712470662.9239502,49802534.92741903,7.744,-2.5351101856699887e-06,7.797,ASK
1338,1712470668.250531,49874742.89087203,7.744,-5.960706279931314e-05,7.797,ASK
1339,1712470668.2634757,49874742.89087289,7.744,-7.072949920467186e-16,7.797,ASK
1340,1712470674.973766,49879221.19077289,7.743,3.696798671622479e-06,7.797,BID
1341,1712470680.4489262,49879221.19077289,7.743,0.0,7.797,BID
1342,1712470699.4237876,49879980.04221586,7.744,-6.261062223703738e-07,7.797,ASK
1343,1712470704.203635,49906640.07057494,7.74,-2.199641286686173e-05,7.797,ASK
1344,1712470710.4473596,49906640.07057494,7.74,-0.0,7.797,ASK
1345,1712470740.337323,49906640.07057494,7.74,-0.0,7.797,ASK
1346,1712470770.3959491,49906640.07057494,7.74,-0.0,7.797,ASK
1347,1712470800.4101777,49906640.07057494,7.74,-0.0,7.797,ASK
1348,1712470816.3340251,50592112.08988711,7.74,-0.0005685216131058,7.797,ASK
1349,1712470816.339038,50708333.0491749,7.74,-9.639215808881397e-05,7.797,ASK
1350,1712470816.3408396,51427376.48841217,7.739,-0.0005963653139022,7.797,ASK
1351,1712470816.342399,51957467.63828297,7.74,-0.0004396507328192,7.797,ASK
1352,1712470821.1035843,52242300.66887384,7.739,-0.0002362368258004,7.797,ASK
1353,1712470830.3130617,52242300.66887384,7.739,-0.0,7.797,ASK
1354,1712470834.443986,52271132.30391684,7.738,-2.3559362921859265e-05,7.797,ASK
1355,1712470850.3936417,52312773.16613186,7.738,-3.4026241794458346e-05,7.797,ASK
1356,1712470860.4351718,52312773.16613186,7.738,-0.0,7.797,ASK
1357,1712470883.9136548,52396171.27591189,7.738,-6.811723336935768e-05,7.797,ASK
1358,1712470890.509513,52396171.27591189,7.738,-0.0,7.797,ASK
1359,1712470920.343132,52396171.27591189,7.738,-0.0,7.797,ASK
1360,1712470950.3628397,52396171.27591189,7.738,-0.0,7.797,ASK
1361,1712470955.9493494,52466704.61284955,7.738,-5.757929875138562e-05,7.797,ASK
1362,1712470964.753985,52473096.99484955,7.744,5.218367496723707e-06,7.797,BID
1363,1712470965.267037,52473807.25964955,7.744,5.798187195964983e-07,7.797,BID
1364,1712470967.976228,52514318.25415229,7.743,3.307081100176195e-05,7.797,BID
1365,1712470979.8139515,52601626.79675229,7.743,7.127359736796078e-05,7.797,BID
1366,1712470979.817723,52626135.60674955,7.743,2.000756173099416e-05,7.797,BID
1367,1712470980.44926,52626135.60674955,7.743,0.0,7.797,BID
1368,1712470988.8911138,52796236.40433055,7.743,-0.0001386588472876,7.797,ASK
1369,1712470993.347269,52805314.10093055,7.744,7.399747470223784e-06,7.797,BID
1370,1712470993.349812,52811498.95733055,7.744,5.0416286769922775e-06,7.797,BID
1371,1712470995.898306,52844587.61612134,7.744,-2.6972450167623825e-05,7.797,ASK
1372,1712470996.033598,52857578.78792134,7.743,-1.0589843976756876e-05,7.797,ASK
1373,1712470996.036464,52866432.03092134,7.743,-7.216782558314318e-06,7.797,ASK
1374,1712470997.1336634,53381028.72232134,7.743,-0.0004194770692571,7.797,ASK
1375,1712471010.4437802,53381028.72232134,7.743,-0.0,7.797,ASK
1376,1712471040.330955,53381028.72232134,7.743,-0.0,7.797,ASK
1377,1712471070.340753,53381028.72232134,7.743,-0.0,7.797,ASK
1378,1712471100.446288,53381028.72232134,7.743,-0.0,7.797,ASK
1379,1712471130.453763,53381028.72232134,7.743,-0.0,7.797,ASK
1380,1712471160.357864,53381028.72232134,7.743,-0.0,7.797,ASK
1381,1712471190.3518045,53381028.72232134,7.743,-0.0,7.797,ASK
1382,1712471220.3839111,53381028.72232134,7.743,-0.0,7.797,ASK
1383,1712471250.3623235,53381028.72232134,7.743,-0.0,7.797,ASK
1384,1712471280.4313006,53381028.72232134,7.743,-0.0,7.797,ASK
1385,1712471310.4763105,53381028.72232134,7.743,-0.0,7.797,ASK
1386,1712471340.3481042,53381028.72232134,7.743,-0.0,7.797,ASK
1387,1712471370.3817863,53381028.72232134,7.743,-0.0,7.797,ASK
1388,1712471373.7237186,53383234.82763969,7.741,1.789832256818222e-06,7.797,BID
1389,1712471400.4711924,53383234.82763969,7.741,0.0,7.797,BID
1390,1712471410.593865,53519383.26729975,7.738,-0.0001106041776499,7.797,ASK
1391,1712471430.3521955,53519383.26729975,7.738,-0.0,7.797,ASK
1392,1712471460.4436696,53519383.26729975,7.738,-0.0,7.797,ASK
1393,1712471490.4435833,53519383.26729975,7.738,-0.0,7.797,ASK
1394,1712471520.3613515,53519383.26729975,7.738,-0.0,7.797,ASK
1395,1712471550.3820257,53519383.26729975,7.738,-0.0,7.797,ASK
1396,1712471554.5607622,53524552.56169106,7.743,4.195836865128464e-06,7.797,BID
1397,1712471580.438268,53524552.56169106,7.743,0.0,7.797,BID
1398,1712471588.9243276,53537462.88089175,7.738,-1.047876737481355e-05,7.797,ASK
1399,1712471588.9293816,53615012.31865831,7.737,-6.294364266067934e-05,7.797,ASK
1400,1712471588.9331489,53634737.84443303,7.738,-1.6010386166767194e-05,7.797,ASK
1401,1712471588.93708,53777664.05444545,7.737,-0.0001160072406578,7.797,ASK
1402,1712471606.6766412,53781541.52633377,7.742,3.1471821330264075e-06,7.797,BID
1403,1712471610.4454887,53781541.52633377,7.742,0.0,7.797,BID
1404,1712471640.3509655,53781541.52633377,7.742,0.0,7.797,BID
1405,1712471670.3441894,53781541.52633377,7.742,0.0,7.797,BID
1406,1712471700.4237647,53781541.52633377,7.742,0.0,7.797,BID
1407,1712471730.443735,53781541.52633377,7.742,0.0,7.797,BID
1408,1712471760.31299,53781541.52633377,7.742,0.0,7.797,BID
1409,1712471771.5039625,53782698.93333377,7.741,9.38232428105002e-07,7.797,BID
1410,1712471790.3481505,53782698.93333377,7.741,0.0,7.797,BID
1411,1712471820.4476645,53782698.93333377,7.741,0.0,7.797,BID
1412,1712471850.4445243,53782698.93333377,7.741,0.0,7.797,BID
1413,1712471867.7441764,53782898.64149468,7.741,1.6188887044009405e-07,7.797,BID
1414,1712471867.7481031,53784550.78533377,7.741,1.3392727603131084e-06,7.797,BID
1415,1712471880.3468325,53784550.78533377,7.741,0.0,7.797,BID
1416,1712471910.341163,53784550.78533377,7.741,0.0,7.797,BID
1417,1712471940.4318144,53784550.78533377,7.741,0.0,7.797,BID
1418,1712471965.2141018,53794729.98047227,7.741,8.251436728016685e-06,7.797,BID
1419,1712471970.4616573,53794729.98047227,7.741,0.0,7.797,BID
1420,1712472000.376082,53794729.98047227,7.741,0.0,7.797,BID
1421,1712472007.5646026,53796021.46955918,7.743,1.0481824242341792e-06,7.797,BID
1422,1712472022.4040716,53798760.50203985,7.741,-2.22301971789298e-06,7.797,ASK
1423,1712472022.4073029,53837897.51646035,7.737,-3.176390034443556e-05,7.797,ASK
1424,1712472030.3750646,53837897.51646035,7.737,-0.0,7.797,ASK
1425,1712472047.082201,53972007.07670268,7.737,-0.0001088148474554,7.797,ASK
1426,1712472047.0862086,54733666.82131374,7.737,-0.0006180013473538,7.797,ASK
1427,1712472060.4439454,54733666.82131374,7.737,-0.0,7.797,ASK
1428,1712472090.4418635,54733666.82131374,7.737,-0.0,7.797,ASK
1429,1712472120.363351,54733666.82131374,7.737,-0.0,7.797,ASK
1430,1712472150.360459,54733666.82131374,7.737,-0.0,7.797,ASK
1431,1712472180.431083,54733666.82131374,7.737,-0.0,7.797,ASK
1432,1712472210.440067,54733666.82131374,7.737,-0.0,7.797,ASK
1433,1712472240.3484664,54733666.82131374,7.737,-0.0,7.797,ASK
1434,1712472270.3417144,54733666.82131374,7.737,-0.0,7.797,ASK
1435,1712472290.2539406,54824036.38371367,7.737,-7.291472428981431e-05,7.797,ASK
1436,1712472290.2582812,54862915.88425804,7.738,-3.136994345698551e-05,7.797,ASK
1437,1712472300.3840284,54862915.88425804,7.738,-0.0,7.797,ASK
1438,1712472330.3380508,54862915.88425804,7.738,-0.0,7.797,ASK
1439,1712472360.4359667,54862915.88425804,7.738,-0.0,7.797,ASK
1440,1712472390.443654,54862915.88425804,7.738,-0.0,7.797,ASK
1441,1712472420.3719437,54862915.88425804,7.738,-0.0,7.797,ASK
1442,1712472450.3371353,54862915.88425804,7.738,-0.0,7.797,ASK
1443,1712472480.4181151,54862915.88425804,7.738,-0.0,7.797,ASK
1444,1712472510.5213752,54862915.88425804,7.738,-0.0,7.797,ASK
1445,1712472540.3099835,54862915.88425804,7.738,-0.0,7.797,ASK
1446,1712472570.3558836,54862915.88425804,7.738,-0.0,7.797,ASK
1447,1712472584.3939602,54864944.35187244,7.737,-1.636248351527029e-06,7.797,ASK
1448,1712472584.3980546,54868785.40792671,7.736,-3.098359368577905e-06,7.797,ASK
1449,1712472584.400647,54875247.86107392,7.737,-5.212889884901895e-06,7.797,ASK
1450,1712472600.38448,54875247.86107392,7.737,-0.0,7.797,ASK
1451,1712472630.3379753,54875247.86107392,7.737,-0.0,7.797,ASK
1452,1712472660.368734,54875247.86107392,7.737,-0.0,7.797,ASK
1453,1712472690.322343,54875247.86107392,7.737,-0.0,7.797,ASK
1454,1712472720.450628,54875247.86107392,7.737,-0.0,7.797,ASK
1455,1712472750.5759358,54875247.86107392,7.737,-0.0,7.797,ASK
1456,1712472760.964651,55004496.92401821,7.737,-0.0001043729556101,7.797,ASK
1457,1712472760.9699197,55158737.88614044,7.737,-0.0001245547528634,7.797,ASK
1458,1712472780.3988616,55158737.88614044,7.737,-0.0,7.797,ASK
1459,1712472810.3215666,55158737.88614044,7.737,-0.0,7.797,ASK
1460,1712472840.4384477,55158737.88614044,7.737,-0.0,7.797,ASK
1461,1712472848.9747212,55172885.8549354,7.737,-1.1404759307473594e-05,7.797,ASK
1462,1712472862.3621063,55182566.77206661,7.737,-7.803843177571893e-06,7.797,ASK
1463,1712472862.3687234,55558484.35449761,7.737,-0.0003030293329881,7.797,ASK
1464,1712472862.3710396,55558484.35449839,7.737,-6.246194264769933e-16,7.797,ASK
1465,1712472862.7266138,56007943.05327723,7.736,-0.0003623112513543,7.797,ASK
1466,1712472862.7304924,56628951.45663856,7.735,-0.0005005984584005,7.797,ASK
1467,1712472862.7342887,56670171.30377276,7.736,-3.322755669520634e-05,7.797,ASK
1468,1712472862.8082385,56693797.24045735,7.733,-1.9045003929989084e-05,7.797,ASK
1469,1712472862.811453,56913537.36392981,7.733,-0.0001771337818677,7.797,ASK
1470,1712472862.889279,56932557.35099319,7.73,-1.5332121354868735e-05,7.797,ASK
1471,1712472862.893113,56947961.82706046,7.73,-1.241763707222384e-05,7.797,ASK
1472,1712472862.8969166,57332558.79446905,7.73,-0.0003100258353158,7.797,ASK
1473,1712472862.8996842,57334499.6665094,7.729,-1.5645481544067763e-06,7.797,ASK
1474,1712472862.90191,57374017.97181341,7.73,-3.185593400461721e-05,7.797,ASK
1475,1712472862.9041424,57507202.253007,7.729,-0.0001073606178077,7.797,ASK
1476,1712472870.4797132,57507202.253007,7.729,-0.0,7.797,ASK
1477,1712472882.1160789,57765354.42484964,7.728,-0.0002050950853942,7.797,ASK
1478,1712472882.1183577,57842973.66576152,7.728,-6.166643778138774e-05,7.797,ASK
1479,1712472900.3531044,57842973.66576152,7.728,-0.0,7.797,ASK
1480,1712472910.0775218,57843620.79309071,7.728,-5.163450458265568e-07,7.797,ASK
1481,1712472910.0821538,57920583.28935484,7.728,-6.140863145192652e-05,7.797,ASK
1482,1712472930.3360002,57920583.28935484,7.728,-0.0,7.797,ASK
1483,1712472960.4743824,57920583.28935484,7.728,-0.0,7.797,ASK
1484,1712472990.4496331,57920583.28935484,7.728,-0.0,7.797,ASK
1485,1712473020.3407085,57920583.28935484,7.728,-0.0,7.797,ASK
1486,1712473050.3504727,57920583.28935484,7.728,-0.0,7.797,ASK
1487,1712473058.0542705,57922538.9581006,7.728,-1.559688190833507e-06,7.797,ASK
1488,1712473058.0587747,57926327.82453694,7.728,-3.0217030620374445e-06,7.797,ASK
1489,1712473080.4364982,57926327.82453694,7.728,-0.0,7.797,ASK
1490,1712473110.437215,57926327.82453694,7.728,-0.0,7.797,ASK
1491,1712473111.35496,57928269.32078338,7.726,1.5483304969684995e-06,7.797,BID
1492,1712473114.3648512,57947235.15044944,7.726,1.5125124514765564e-05,7.797,BID
1493,1712473116.4139595,57965675.15044944,7.726,1.4705778811846244e-05,7.797,BID
1494,1712473116.774747,57966551.91444944,7.726,6.992135278833256e-07,7.797,BID
1495,1712473117.8387427,57981491.91444944,7.726,1.1914551813936164e-05,7.797,BID
1496,1712473119.284137,57982204.04644944,7.726,5.679205898496297e-07,7.797,BID
1497,1712473140.324579,57982204.04644944,7.726,0.0,7.797,BID
1498,1712473149.6272633,58054135.34774944,7.726,5.73449974505124e-05,7.797,BID
1499,1712473149.6320007,58082204.04644944,7.726,2.2376898878518856e-05,7.797,BID
1500,1712473166.1045074,58088354.10087717,7.724,-4.902940015058298e-06,7.797,ASK
1501,1712473170.3657174,58088354.10087717,7.724,-0.0,7.797,ASK
1502,1712473200.446653,58088354.10087717,7.724,-0.0,7.797,ASK
1503,1712473230.3346505,58088354.10087717,7.724,-0.0,7.797,ASK
1504,1712473260.4166431,58088354.10087717,7.724,-0.0,7.797,ASK
1505,1712473290.445995,58088354.10087717,7.724,-0.0,7.797,ASK
1506,1712473320.378609,58088354.10087717,7.724,-0.0,7.797,ASK
1507,1712473350.333285,58088354.10087717,7.724,-0.0,7.797,ASK
1508,1712473380.4386518,58088354.10087717,7.724,-0.0,7.797,ASK
1509,1712473410.4341557,58088354.10087717,7.724,-0.0,7.797,ASK
1510,1712473440.3468833,58088354.10087717,7.724,-0.0,7.797,ASK
1511,1712473470.388622,58088354.10087717,7.724,-0.0,7.797,ASK
1512,1712473500.4565506,58088354.10087717,7.724,-0.0,7.797,ASK
1513,1712473530.4619212,58088354.10087717,7.724,-0.0,7.797,ASK
1514,1712473560.3296604,58088354.10087717,7.724,-0.0,7.797,ASK
1515,1712473590.3436065,58088354.10087717,7.724,-0.0,7.797,ASK
1516,1712473612.7142797,58089062.83087717,7.725,-5.670219113204697e-07,7.797,ASK
1517,1712473612.719097,58136705.31266796,7.725,-3.811653392009441e-05,7.797,ASK
1518,1712473614.3743036,58149692.32565497,7.728,1.03903050897695e-05,7.797,BID
1519,1712473620.4598272,58149692.32565497,7.728,0.0,7.797,BID
1520,1712473636.9940712,58163158.52549338,7.728,-1.0769597161181104e-05,7.797,ASK
1521,1712473650.426762,58163158.52549338,7.728,-0.0,7.797,ASK
1522,1712473680.3569171,58163158.52549338,7.728,-0.0,7.797,ASK
1523,1712473710.3617496,58163158.52549338,7.728,-0.0,7.797,ASK
1524,1712473740.434211,58163158.52549338,7.728,-0.0,7.797,ASK
1525,1712473770.4445164,58163158.52549338,7.728,-0.0,7.797,ASK
1526,1712473800.366429,58163158.52549338,7.728,-0.0,7.797,ASK
1527,1712473830.3660722,58163158.52549338,7.728,-0.0,7.797,ASK
1528,1712473860.4502723,58163158.52549338,7.728,-0.0,7.797,ASK
1529,1712473890.4254956,58163158.52549338,7.728,-0.0,7.797,ASK
1530,1712473920.3457186,58163158.52549338,7.728,-0.0,7.797,ASK
1531,1712473950.341518,58163158.52549338,7.728,-0.0,7.797,ASK
1532,1712473980.4454515,58163158.52549338,7.728,-0.0,7.797,ASK
1533,1712474010.4371462,58163158.52549338,7.728,-0.0,7.797,ASK
1534,1712474040.336777,58163158.52549338,7.728,-0.0,7.797,ASK
1535,1712474070.4526737,58163158.52549338,7.728,-0.0,7.797,ASK
1536,1712474100.329619,58163158.52549338,7.728,-0.0,7.797,ASK
1537,1712474130.3653228,58163158.52549338,7.728,-0.0,7.797,ASK
1538,1712474160.43292,58163158.52549338,7.728,-0.0,7.797,ASK
1539,1712474190.4383488,58163158.52549338,7.728,-0.0,7.797,ASK
1540,1712474220.3476458,58163158.52549338,7.728,-0.0,7.797,ASK
1541,1712474250.3853383,58163158.52549338,7.728,-0.0,7.797,ASK
1542,1712474280.4460354,58163158.52549338,7.728,-0.0,7.797,ASK
1543,1712474308.0042686,58168982.67611991,7.741,4.664961249027181e-06,7.797,BID
1544,1712474310.4486313,58168982.67611991,7.741,0.0,7.797,BID
1545,1712474310.6768243,58177717.40031575,7.741,6.995986388609046e-06,7.797,BID
1546,1712474340.3362029,58177717.40031575,7.741,0.0,7.797,BID
1547,1712474370.3747966,58177717.40031575,7.741,0.0,7.797,BID
1548,1712474388.694293,58196970.58866192,7.733,-1.5419805645482323e-05,7.797,ASK
1549,1712474388.6986933,58199554.23418575,7.733,-2.0692319172280684e-06,7.797,ASK
1550,1712474392.1342838,58199554.23418577,7.733,-1.7901425366789486e-17,7.797,ASK
1551,1712474397.9361532,58253936.91511081,7.733,4.355488323632578e-05,7.797,BID
1552,1712474400.364575,58253936.91511081,7.733,0.0,7.797,BID
1553,1712474430.3315983,58253936.91511081,7.733,0.0,7.797,BID
1554,1712474460.434939,58253936.91511081,7.733,0.0,7.797,BID
1555,1712474490.447717,58253936.91511081,7.733,0.0,7.797,BID
1556,1712474520.3463202,58253936.91511081,7.733,0.0,7.797,BID
1557,1712474550.3634422,58253936.91511081,7.733,0.0,7.797,BID
1558,1712474580.4283063,58253936.91511081,7.733,0.0,7.797,BID
1559,1712474610.4353335,58253936.91511081,7.733,0.0,7.797,BID
1560,1712474634.8345006,58343778.92311081,7.741,7.234152245634462e-05,7.797,BID
1561,1712474636.5342965,58353761.36951081,7.741,8.037947798477812e-06,7.797,BID
1562,1712474640.3292437,58353761.36951081,7.741,0.0,7.797,BID
1563,1712474656.38461,58355053.19227272,7.741,1.0395394742985668e-06,7.797,BID
1564,1712474670.3609476,58355053.19227272,7.741,0.0,7.797,BID
1565,1712474675.0544064,58412783.53134036,7.741,4.6455663400372086e-05,7.797,BID
1566,1712474700.4166882,58412783.53134036,7.741,0.0,7.797,BID
1567,1712474730.4345248,58412783.53134036,7.741,0.0,7.797,BID
1568,1712474760.3679266,58412783.53134036,7.741,0.0,7.797,BID
1569,1712474790.3667874,58412783.53134036,7.741,0.0,7.797,BID
1570,1712474820.4364257,58412783.53134036,7.741,0.0,7.797,BID
1571,1712474850.4342556,58412783.53134036,7.741,0.0,7.797,BID
1572,1712474873.4942744,58477899.27472173,7.741,5.246314600269228e-05,7.797,BID
1573,1712474880.3114717,58477899.27472173,7.741,0.0,7.797,BID
1574,1712474910.4028623,58477899.27472173,7.741,0.0,7.797,BID
1575,1712474915.5042171,58930037.2413927,7.741,0.0003641354533068,7.797,BID
1576,1712474940.4481578,58930037.2413927,7.741,0.0,7.797,BID
1577,1712474961.2745972,58995962.9402149,7.741,5.29449174025386e-05,7.797,BID
1578,1712474962.594433,59007346.55359607,7.743,9.142177951483554e-06,7.797,BID
1579,1712474962.5996933,59158058.42785127,7.741,0.0001210366803322,7.797,BID
1580,1712474962.6035416,60123590.78186036,7.743,0.0007754188676916,7.797,BID
1581,1712474970.4447355,60123590.78186036,7.743,0.0,7.797,BID
1582,1712475000.3672535,60123590.78186036,7.743,0.0,7.797,BID
1583,1712475002.1042852,60124236.82242359,7.741,-5.150128216506808e-07,7.797,ASK
1584,1712475002.1074936,60125528.6451855,7.741,-1.0298196793608354e-06,7.797,ASK
1585,1712475002.1101685,60125930.78186036,7.735,-3.2057668727746415e-07,7.797,ASK
1586,1712475030.3408716,60125930.78186036,7.735,-0.0,7.797,ASK
1587,1712475060.4361725,60125930.78186036,7.735,-0.0,7.797,ASK
1588,1712475090.4382305,60125930.78186036,7.735,-0.0,7.797,ASK
1589,1712475120.3395808,60125930.78186036,7.735,-0.0,7.797,ASK
1590,1712475150.339259,60125930.78186036,7.735,-0.0,7.797,ASK
1591,1712475180.4446805,60125930.78186036,7.735,-0.0,7.797,ASK
1592,1712475210.4649706,60125930.78186036,7.735,-0.0,7.797,ASK
1593,1712475240.3408637,60125930.78186036,7.735,-0.0,7.797,ASK
1594,1712475257.0942924,60127886.45060612,7.744,1.559004177779013e-06,7.797,BID
1595,1712475270.3343704,60127886.45060612,7.744,0.0,7.797,BID
1596,1712475300.4376972,60127886.45060612,7.744,0.0,7.797,BID
1597,1712475330.436817,60127886.45060612,7.744,0.0,7.797,BID
1598,1712475360.3365817,60127886.45060612,7.744,0.0,7.797,BID
1599,1712475373.7941902,60227886.45060612,7.745,7.988358324202971e-05,7.797,BID
1600,1712475390.3466785,60227886.45060612,7.745,0.0,7.797,BID
1601,1712475420.436999,60227886.45060612,7.745,0.0,7.797,BID
1602,1712475425.7143216,60340188.92137462,7.745,8.965576784337712e-05,7.797,BID
1603,1712475425.724508,60421559.7882433,7.745,6.496177242824695e-05,7.797,BID
1604,1712475425.834205,60472491.0976563,7.745,4.066059830601853e-05,7.797,BID
1605,1712475425.8588345,60472491.09765661,7.745,2.4387253734248163e-16,7.797,BID
1606,1712475425.934276,60472491.0976567,7.746,7.137732800267754e-17,7.797,BID
1607,1712475425.947929,60734715.7848387,7.746,0.0002093449548875,7.797,BID
1608,1712475450.467983,60734715.7848387,7.746,0.0,7.797,BID
1609,1712475480.3284547,60734715.7848387,7.746,0.0,7.797,BID
1610,1712475510.3780446,60734715.7848387,7.746,0.0,7.797,BID
1611,1712475540.4416006,60734715.7848387,7.746,0.0,7.797,BID
1612,1712475570.4348834,60734715.7848387,7.746,0.0,7.797,BID
1613,1712475600.3562164,60734715.7848387,7.746,0.0,7.797,BID
1614,1712475630.3353343,60734715.7848387,7.746,0.0,7.797,BID
1615,1712475660.447184,60734715.7848387,7.746,0.0,7.797,BID
1616,1712475690.4465463,60734715.7848387,7.746,0.0,7.797,BID
1617,1712475720.3507528,60734715.7848387,7.746,0.0,7.797,BID
1618,1712475750.331222,60734715.7848387,7.746,0.0,7.797,BID
1619,1712475780.4196017,60734715.7848387,7.746,0.0,7.797,BID
1620,1712475810.4342043,60734715.7848387,7.746,0.0,7.797,BID
1621,1712475838.1942508,60756496.8540387,7.76,1.7346676757460503e-05,7.797,BID
1622,1712475838.594271,60814074.3290387,7.76,4.585531766896517e-05,7.797,BID
1623,1712475838.6751046,60830822.58979624,7.762,1.333849421912723e-05,7.797,BID
1624,1712475838.6810012,60875021.599178,7.762,3.520056438484478e-05,7.797,BID
1625,1712475838.6840286,60876084.73354445,7.762,8.466915942065781e-07,7.797,BID
1626,1712475838.687035,60888985.22885357,7.762,1.027409261150762e-05,7.797,BID
1627,1712475838.6898682,60890048.36322003,7.762,8.466915942184455e-07,7.797,BID
1628,1712475838.6923423,60936728.40922087,7.763,3.717648851691205e-05,7.797,BID
1629,1712475838.6947973,60941743.10796993,7.762,3.993759784578087e-06,7.797,BID
