,time,acc_trade_volume,trade_price,dev,high,ask_bid
0,1712451675.1009705,279289.79010097,640.8,0.0,642.0,ASK
1,1712451690.5883007,279289.79010097,640.8,-0.0,642.0,ASK
2,1712451692.5142891,279696.62053628,640.8,-1.919639266256125e-07,642.0,ASK
3,1712451692.5149698,279727.83152254,640.8,-1.4726979489057238e-08,642.0,ASK
4,1712451720.394153,279727.83152254,640.8,-0.0,642.0,ASK
5,1712451750.7201045,279727.83152254,640.8,-0.0,642.0,ASK
6,1712451754.6044202,280697.88538629,640.8,-4.576616498337543e-07,642.0,ASK
7,1712451754.6242847,281288.38083589,640.8,-2.785898100941919e-07,642.0,ASK
8,1712451780.604308,281288.38083589,640.8,-0.0,642.0,ASK
9,1712451782.0844908,301413.31834565,640.1,-9.490265558385116e-06,642.0,ASK
10,1712451782.0856214,302971.43613935,640.2,-7.347576421684326e-07,642.0,ASK
11,1712451810.604155,302971.43613935,640.2,-0.0,642.0,ASK
12,1712451833.254394,302990.43613935,640.0,-8.901520203901808e-09,642.0,ASK
13,1712451833.2557015,303395.78313715,640.0,-1.899054995003985e-07,642.0,ASK
14,1712451835.095579,303551.98432427,640.1,7.31804222643196e-08,642.0,BID
15,1712451838.420096,306676.4961193,640.1,1.4638370984625973e-06,642.0,BID
16,1712451840.384259,306676.4961193,640.1,0.0,642.0,BID
17,1712451870.3842883,306676.4961193,640.1,0.0,642.0,BID
18,1712451871.675674,306832.7461193,640.0,7.312204660403884e-08,642.0,BID
19,1712451871.774339,307611.65108456,640.0,3.6451280108710106e-07,642.0,BID
20,1712451875.514094,309740.98371156,640.0,9.964874213567626e-07,642.0,BID
21,1712451875.5153315,309801.4961193,640.0,2.8318663032874148e-08,642.0,BID
22,1712451875.516611,310174.30547976,640.1,1.744677339518457e-07,642.0,BID
23,1712451875.5747683,311865.70989696,640.1,7.915452967729699e-07,642.0,BID
24,1712451875.57612,312303.63810676,640.1,2.049421245837926e-07,642.0,BID
25,1712451875.6562493,313767.42918056,640.1,6.850265543486726e-07,642.0,BID
26,1712451875.6743393,316230.27323947,640.1,1.1525644675462384e-06,642.0,BID
27,1712451875.7344203,319774.7564683,640.1,1.6587511542127348e-06,642.0,BID
28,1712451875.7357807,320086.33148023,640.1,1.4581121627517882e-07,642.0,BID
29,1712451900.604313,320086.33148023,640.1,0.0,642.0,BID
30,1712451930.594162,320086.33148023,640.1,0.0,642.0,BID
31,1712451960.3925872,320086.33148023,640.1,0.0,642.0,BID
32,1712451963.1243868,320101.92237514,641.4,7.327757996942553e-09,642.0,BID
33,1712451966.2143912,320414.37355464,641.4,1.468528036681499e-07,642.0,BID
34,1712451967.7242916,321177.37355464,640.1,-3.586118297844636e-07,642.0,ASK
35,1712451977.3341722,321227.09163724,640.1,-2.3367618053179e-08,642.0,ASK
36,1712451979.4246452,321396.76003676,640.1,-7.974455466377905e-08,642.0,ASK
37,1712451979.5045938,327839.42572576,640.1,3.028068324275054e-06,642.0,BID
38,1712451979.5060778,331330.70494769,640.1,1.6409096069001332e-06,642.0,BID
39,1712451979.5075228,335713.67081555,640.1,2.060004468880901e-06,642.0,BID
40,1712451979.5242436,336849.65061241,640.1,5.339132287681957e-07,642.0,BID
41,1712451979.884446,336857.44605986,641.4,3.6638789961185117e-09,642.0,BID
42,1712451984.9486527,337636.99080572,641.4,3.663879000153505e-07,642.0,BID
43,1712451990.384327,337636.99080572,641.4,0.0,642.0,BID
44,1712452020.6207068,337636.99080572,641.4,0.0,642.0,BID
45,1712452034.6360354,337753.9225176,641.4,5.46694879208899e-08,642.0,BID
46,1712452043.1844528,337952.32445087,641.4,9.275954247136473e-08,642.0,BID
47,1712452050.605983,337952.32445087,641.4,0.0,642.0,BID
48,1712452071.9642148,338052.32445087,641.4,4.6748925445831474e-08,642.0,BID
49,1712452080.3685763,338052.32445087,641.4,0.0,642.0,BID
50,1712452110.415357,338052.32445087,641.4,0.0,642.0,BID
51,1712452140.5843418,338052.32445087,641.4,0.0,642.0,BID
52,1712452156.6479895,360892.38607628,641.4,1.067716322885964e-05,642.0,BID
53,1712452170.6142097,360892.38607628,641.4,0.0,642.0,BID
54,1712452174.5145783,361288.70509258,641.5,-1.84009170221521e-07,642.0,ASK
55,1712452189.1044896,364063.72889589,641.5,-1.2884313050612765e-06,642.0,ASK
56,1712452189.106316,364462.93332214,641.5,-1.8534885332732537e-07,642.0,ASK
57,1712452189.3136363,366257.3651531,641.4,-8.331467798761006e-07,642.0,ASK
58,1712452189.7249053,366322.40118071,641.4,-3.0195940600444195e-08,642.0,ASK
59,1712452198.08967,366649.03111627,641.4,-1.516528375877961e-07,642.0,ASK
60,1712452198.1483786,366894.21351727,641.4,-1.1383710673821385e-07,642.0,ASK
61,1712452198.192316,369437.14783609,641.4,-1.1806731816766211e-06,642.0,ASK
62,1712452198.245858,370353.09148245,641.4,-4.25268592735881e-07,642.0,ASK
63,1712452198.3044958,370904.01976039,641.4,-2.557935680748662e-07,642.0,ASK
64,1712452198.306171,371280.0868035,641.4,-1.746062684460017e-07,642.0,ASK
65,1712452198.3965456,371700.1103465,641.4,-1.9501507735480888e-07,642.0,ASK
66,1712452198.4051456,372078.19574067,641.4,-1.7554337993570914e-07,642.0,ASK
67,1712452198.484734,373720.77128915,641.4,-7.626405780971867e-07,642.0,ASK
68,1712452198.4864366,377785.04864445,641.4,-1.8870260394790664e-06,642.0,ASK
69,1712452198.6247718,381671.9803726,641.4,-1.804685247460173e-06,642.0,ASK
70,1712452198.6843204,384703.83055206,641.4,-1.407674658074086e-06,642.0,ASK
71,1712452198.7844503,386962.10212665,641.4,-1.0485055258125096e-06,642.0,ASK
72,1712452200.45437,386962.10212665,641.4,-0.0,642.0,ASK
73,1712452200.69926,388011.47392977,641.4,-4.89605253443037e-07,642.0,ASK
74,1712452202.724801,388395.55644883,641.4,-1.792013264777094e-07,642.0,ASK
75,1712452230.3942504,388395.55644883,641.4,-0.0,642.0,ASK
76,1712452260.6042786,388395.55644883,641.4,-0.0,642.0,ASK
77,1712452290.6043696,388395.55644883,641.4,-0.0,642.0,ASK
78,1712452294.533884,388752.71072073,641.4,1.6656596579161874e-07,642.0,BID
79,1712452294.5347145,388902.71072073,641.4,6.995546976332236e-08,642.0,BID
80,1712452320.384282,388902.71072073,641.4,0.0,642.0,BID
81,1712452350.4542737,388902.71072073,641.4,0.0,642.0,BID
82,1712452361.5845394,392121.81736245,641.4,1.501066396547679e-06,642.0,BID
83,1712452380.614315,392121.81736245,641.4,0.0,642.0,BID
84,1712452381.4272766,392277.72631162,641.4,7.26302689644229e-08,642.0,BID
85,1712452410.5941105,392277.72631162,641.4,0.0,642.0,BID
86,1712452423.7842588,393236.67470575,641.3,4.46705822360056e-07,642.0,BID
87,1712452440.5842493,393236.67470575,641.3,0.0,642.0,BID
88,1712452470.405066,393236.67470575,641.3,0.0,642.0,BID
89,1712452500.384503,393236.67470575,641.3,0.0,642.0,BID
90,1712452530.3840334,393236.67470575,641.3,0.0,642.0,BID
91,1712452560.594179,393236.67470575,641.3,0.0,642.0,BID
92,1712452563.2240877,393240.8417201,641.3,1.9443939142055264e-09,642.0,BID
93,1712452563.2258594,393250.48182292,641.3,4.498222391622321e-09,642.0,BID
94,1712452568.803952,394809.44660997,641.3,-7.274372943770838e-07,642.0,ASK
95,1712452588.6812088,401357.77370694,641.4,3.055551597884241e-06,642.0,BID
96,1712452590.5939162,401357.77370694,641.4,0.0,642.0,BID
97,1712452592.0342932,401374.16714956,640.5,-7.630889483046164e-09,642.0,ASK
98,1712452592.0364387,402840.57219642,640.4,-6.825884659710429e-07,642.0,ASK
99,1712452592.0385416,404483.1477449,640.5,-7.645930612959633e-07,642.0,ASK
100,1712452592.040805,404864.0440597,640.4,-1.773012386789422e-07,642.0,ASK
101,1712452594.6639729,405972.8862817,640.2,-5.161485995561863e-07,642.0,ASK
102,1712452594.665244,406617.17923608,640.4,-2.99908228158311e-07,642.0,ASK
103,1712452597.454142,407067.42650581,640.2,-2.095830165142717e-07,642.0,ASK
104,1712452597.4563067,407493.74682427,640.2,-1.984453973429905e-07,642.0,ASK
105,1712452601.538033,407848.43244145,640.2,-1.6510057153125477e-07,642.0,ASK
106,1712452601.5390508,408276.21943772,640.2,-1.991281127759129e-07,642.0,ASK
107,1712452610.904073,408898.4969735,640.2,-2.896603973546305e-07,642.0,ASK
108,1712452620.3939471,408898.4969735,640.2,-0.0,642.0,ASK
109,1712452650.3940303,408898.4969735,640.2,-0.0,642.0,ASK
110,1712452680.6040025,408898.4969735,640.2,-0.0,642.0,ASK
111,1712452698.3243406,408908.4969735,640.2,-4.6444037217432445e-09,642.0,ASK
112,1712452710.6140544,408908.4969735,640.2,-0.0,642.0,ASK
113,1712452740.3840318,408908.4969735,640.2,-0.0,642.0,ASK
114,1712452770.3839169,408908.4969735,640.2,-0.0,642.0,ASK
115,1712452789.314237,408925.10595488,640.2,-7.713858557586324e-09,642.0,ASK
116,1712452793.4543638,408949.46208473,640.2,-1.1311936377931118e-08,642.0,ASK
117,1712452793.4564805,409522.05696213,640.3,-2.659353872465251e-07,642.0,ASK
118,1712452800.41392,409522.05696213,640.3,-0.0,642.0,ASK
119,1712452830.376732,409522.05696213,640.3,-0.0,642.0,ASK
120,1712452860.623973,409522.05696213,640.3,-0.0,642.0,ASK
121,1712452890.604036,409522.05696213,640.3,-0.0,642.0,ASK
122,1712452920.3908408,409522.05696213,640.3,-0.0,642.0,ASK
123,1712452950.373875,409522.05696213,640.3,-0.0,642.0,ASK
124,1712452961.2743723,409545.65696213,641.4,1.0972224403679441e-08,642.0,BID
125,1712452980.5837934,409545.65696213,641.4,0.0,642.0,BID
126,1712452998.614311,409564.35696213,641.4,8.694031880655316e-09,642.0,BID
127,1712453001.4318287,409576.15696213,641.4,5.4860735931319605e-09,642.0,BID
128,1712453001.4844415,412755.55103401,641.4,1.478168632196486e-06,642.0,BID
129,1712453001.4870636,419045.31658813,641.4,2.924247179108714e-06,642.0,BID
130,1712453001.6131048,422674.70819431,641.4,1.6873821567642812e-06,642.0,BID
131,1712453001.6141229,423650.81250375,641.4,4.5381187086156106e-07,642.0,BID
132,1712453001.783213,426872.36697941,641.4,1.4977699099806506e-06,642.0,BID
133,1712453001.7842598,429491.09654131,641.4,1.2175036522972803e-06,642.0,BID
134,1712453002.023959,429761.76532393,641.8,1.2583973396764232e-07,642.0,BID
135,1712453010.5939136,429761.76532393,641.8,0.0,642.0,BID
136,1712453040.367486,429761.76532393,641.8,0.0,642.0,BID
137,1712453070.373762,429761.76532393,641.8,0.0,642.0,BID
138,1712453100.6138942,429761.76532393,641.8,0.0,642.0,BID
139,1712453106.9540644,430362.15717415,641.6,2.7888361706491815e-07,642.0,BID
140,1712453107.1059144,431730.2216377,641.6,-6.354695951202657e-07,642.0,ASK
141,1712453107.1151614,433830.05141077,641.6,-9.753765347077966e-07,642.0,ASK
142,1712453110.0659986,435069.85983087,641.6,-5.758943205813807e-07,642.0,ASK
143,1712453110.1838815,437293.11446538,641.6,-1.0327077123070648e-06,642.0,ASK
144,1712453110.18651,438403.18072562,641.6,-5.156287410031309e-07,642.0,ASK
145,1712453110.2640004,444797.73629762,641.6,-2.9702881323065496e-06,642.0,ASK
146,1712453110.2665994,446440.3118461,641.6,-7.629807268280901e-07,642.0,ASK
147,1712453110.2837358,456440.3118461,641.6,-4.6450266931960565e-06,642.0,ASK
148,1712453110.2857764,459821.00856749,641.6,-1.57034265124567e-06,642.0,ASK
149,1712453110.3438065,460940.4592142,641.6,-5.199878135683538e-07,642.0,ASK
150,1712453130.614274,460940.4592142,641.6,-0.0,642.0,ASK
151,1712453160.404068,460940.4592142,641.6,-0.0,642.0,ASK
152,1712453186.3338916,464195.90344238,641.7,1.49824083870183e-06,642.0,BID
153,1712453186.413724,464444.59832717,641.7,-1.1445591036186057e-07,642.0,ASK
154,1712453186.664345,465524.2287159,641.7,-4.968742284376552e-07,642.0,ASK
155,1712453190.3936515,465524.2287159,641.7,-0.0,642.0,ASK
156,1712453210.6736853,466030.28980313,641.7,-2.3258773186078098e-07,642.0,ASK
157,1712453220.603864,466030.28980313,641.7,-0.0,642.0,ASK
158,1712453223.2042012,466296.28980313,641.7,-1.2223643680358794e-07,642.0,ASK
159,1712453229.6439097,466726.33906219,641.8,1.97622891268838e-07,642.0,BID
160,1712453229.663888,470510.94470329,641.8,1.7391605574241596e-06,642.0,BID
161,1712453231.6762488,472833.22910536,641.8,1.0671720697503225e-06,642.0,BID
162,1712453231.6785183,473406.07922069,641.8,2.632449508288182e-07,642.0,BID
163,1712453232.0118065,473955.91070944,642.0,2.526670752902717e-07,642.0,BID
164,1712453232.0129008,473955.91070945,642.0,4.600739455391738e-18,642.0,BID
165,1712453232.0139627,476322.55170467,642.0,1.0875554979285294e-06,642.0,BID
166,1712453232.0739312,477847.70717311,642.0,7.008630452391334e-07,642.0,BID
167,1712453232.0763226,478229.30536589,642.0,1.753579074290012e-07,642.0,BID
168,1712453232.1975842,478958.17360936,642.0,3.349408157182956e-07,642.0,BID
169,1712453232.293743,478958.17360937,642.0,4.600739455391738e-18,642.0,BID
170,1712453250.6142082,478958.17360937,642.0,0.0,642.0,BID
171,1712453259.6436982,480517.50621501,642.4,7.138465290772494e-07,642.4,BID
172,1712453259.6455684,482169.05935034,642.4,7.560641449923842e-07,642.4,BID
173,1712453280.603747,482169.05935034,642.4,0.0,642.4,BID
174,1712453281.323822,482200.21199734,642.0,1.4247909506185252e-08,642.4,BID
175,1712453287.873842,482200.21199831,642.0,4.4362457721121855e-16,642.4,BID
176,1712453310.6138618,482200.21199831,642.0,0.0,642.4,BID
177,1712453327.4639652,482386.70799581,642.1,-8.529463933632078e-08,642.4,ASK
178,1712453340.355445,482386.70799581,642.1,-0.0,642.4,ASK
179,1712453343.123714,482394.48888594,642.6,3.558424205689406e-09,642.6,BID
180,1712453351.8902917,485945.48888594,642.6,1.623974139633321e-06,642.6,BID
181,1712453351.894159,487018.54784929,642.6,4.907406383503725e-07,642.6,BID
182,1712453353.0541704,487353.22199251,642.1,-1.5305608386179377e-07,642.6,ASK
183,1712453364.055246,487632.05185179,642.1,-1.2751689124986428e-07,642.6,ASK
184,1712453364.0564072,488061.66089134,642.1,-1.964725346048775e-07,642.6,ASK
185,1712453370.4136086,488061.66089134,642.1,-0.0,642.6,ASK
186,1712453394.8353262,488316.56993089,642.1,-1.1638314392052877e-07,642.6,ASK
187,1712453394.837643,488686.96089134,642.1,-1.691084181754167e-07,642.6,ASK
188,1712453395.9944696,488970.67503579,642.1,-1.2953461424557076e-07,642.6,ASK
189,1712453400.5116963,488970.67503579,642.1,-0.0,642.6,ASK
190,1712453414.351555,489207.41664899,642.1,-1.0816125269398905e-07,642.6,ASK
191,1712453414.596702,489875.57988311,642.1,-3.0526687484145584e-07,642.6,ASK
192,1712453414.5992384,489900.21508591,642.1,-1.1255200803948034e-08,642.6,ASK
193,1712453418.126558,490059.42618438,642.1,-7.273952230255674e-08,642.6,ASK
194,1712453418.129146,490191.26295026,642.1,-6.02328824069413e-08,642.6,ASK
195,1712453418.4439304,491895.05995021,642.1,-7.78421737352823e-07,642.6,ASK
196,1712453418.4466195,500191.26295026,642.0,-3.790325228252141e-06,642.6,ASK
197,1712453418.8247836,501294.94818868,642.0,-5.042458584014247e-07,642.6,ASK
198,1712453418.8837757,501556.00739024,642.0,-1.192713434970428e-07,642.6,ASK
199,1712453420.6141586,504122.30739024,642.0,-1.1724775337832231e-06,642.6,ASK
200,1712453430.3936782,504122.30739024,642.0,-0.0,642.6,ASK
201,1712453430.6264336,514109.45630824,642.0,-4.542686511784052e-06,642.6,ASK
202,1712453430.642715,514140.60895524,642.0,-1.4169880763280193e-08,642.6,ASK
203,1712453430.6439495,515524.75444777,642.0,-6.295829881869819e-07,642.6,ASK
204,1712453438.871534,517744.75444777,641.7,-1.0097740745594242e-06,642.6,ASK
205,1712453444.2485857,520859.04906004,642.2,1.4165468288334704e-06,642.6,BID
206,1712453444.483728,528639.04906004,641.7,-3.538757792825396e-06,642.6,ASK
207,1712453444.563467,530377.21267747,641.7,-7.906092604608756e-07,642.6,ASK
208,1712453444.6437483,530875.45489984,641.7,-2.266270626127085e-07,642.6,ASK
209,1712453445.1837838,540156.96123784,641.7,-4.22172273557267e-06,642.6,ASK
210,1712453445.1935604,542871.05589171,641.7,-1.23451460242263e-06,642.6,ASK
211,1712453445.2038474,544425.89553525,641.7,-7.0722376673148e-07,642.6,ASK
212,1712453458.6042206,544485.89553525,641.7,2.729119120430876e-08,642.6,BID
213,1712453459.6437888,544545.89553525,641.7,2.729119120430876e-08,642.6,BID
214,1712453460.5860572,544605.89553525,641.7,2.729119120430876e-08,642.6,BID
215,1712453460.6096206,544605.89553525,641.7,0.0,642.6,BID
216,1712453461.6135852,544665.89553525,641.7,2.6972415415565162e-08,642.6,BID
217,1712453483.198823,544717.26539826,642.4,2.3092821415778463e-08,642.6,BID
218,1712453490.6296763,544717.26539826,642.4,0.0,642.6,BID
219,1712453520.3735995,544717.26539826,642.4,0.0,642.6,BID
220,1712453531.5397887,545058.47600835,641.2,-1.5338297513261053e-07,642.6,ASK
221,1712453550.386307,545058.47600835,641.2,-0.0,642.6,ASK
222,1712453551.6536093,545697.47600835,641.3,-2.8721874346464055e-07,642.6,ASK
223,1712453580.5736434,545697.47600835,641.3,-0.0,642.6,ASK
224,1712453610.613649,545697.47600835,641.3,-0.0,642.6,ASK
225,1712453615.057905,545735.86667174,642.0,1.7252719032894626e-08,642.6,BID
226,1712453640.4061682,545735.86667174,642.0,0.0,642.6,BID
227,1712453660.1505072,546210.76667174,641.5,-2.13417138311098e-07,642.6,ASK
228,1712453670.4236472,546210.76667174,641.5,-0.0,642.6,ASK
229,1712453700.6223657,546210.76667174,641.5,-0.0,642.6,ASK
230,1712453722.793543,546235.86667174,641.5,-1.1303502784260551e-08,642.6,ASK
231,1712453722.795931,546409.24338102,641.5,-7.8078251636455e-08,642.6,ASK
232,1712453722.8783078,547174.36438911,641.5,-3.445636432370243e-07,642.6,ASK
233,1712453730.6251018,547174.36438911,641.5,-0.0,642.6,ASK
234,1712453738.2136655,547746.95926651,642.0,2.577899024632593e-07,642.6,BID
235,1712453738.2154512,550169.88041175,642.2,1.090831633953491e-06,642.6,BID
236,1712453738.2176092,555155.13759948,642.1,2.2444297266764715e-06,642.6,BID
237,1712453738.2235703,578318.2651127,642.2,1.0428351035012863e-05,642.6,BID
238,1712453760.3670435,578318.2651127,642.2,0.0,642.6,BID
239,1712453790.3944747,578318.2651127,642.2,0.0,642.6,BID
240,1712453820.5935788,578318.2651127,642.2,0.0,642.6,BID
241,1712453844.210883,578334.65855532,642.0,7.314684609837411e-09,642.6,BID
242,1712453844.2122812,579891.8058607,642.0,6.947925273522275e-07,642.6,BID
243,1712453844.230118,579891.80586146,642.0,3.3914252712975293e-16,642.6,BID
244,1712453849.309703,581461.70528602,642.0,-7.004824688776759e-07,642.6,ASK
245,1712453849.312843,582583.2006133,642.0,-5.004064613299114e-07,642.6,ASK
246,1712453849.3835068,583245.56555169,642.0,2.955444279314187e-07,642.6,BID
247,1712453850.6136374,583245.56555169,642.0,0.0,642.6,BID
248,1712453853.2038603,583570.42126038,642.0,1.44744938114466e-07,642.6,BID
249,1712453853.206957,583906.1934127,642.0,1.496089436264115e-07,642.6,BID
250,1712453853.2163155,586597.2499177,642.0,1.1990455973499455e-06,642.6,BID
251,1712453853.21763,596578.9787037,642.0,4.447527553790492e-06,642.6,BID
252,1712453853.2536714,597668.89070016,642.0,4.856286660744735e-07,642.6,BID
253,1712453853.256576,618322.54121116,642.0,9.202582208291171e-06,642.6,BID
254,1712453853.2783532,618993.23862497,642.0,2.988405407647936e-07,642.6,BID
255,1712453853.4637814,619338.17690249,642.0,1.5369306525127748e-07,642.6,BID
256,1712453853.4667192,619365.07690249,642.0,1.1985748537354338e-08,642.6,BID
257,1712453853.4735131,619892.83758087,642.0,2.351526683628661e-07,642.6,BID
258,1712453854.4036973,621415.17489543,642.0,6.783030572985575e-07,642.6,BID
259,1712453854.503659,624853.49308498,642.0,1.5320006398260803e-06,642.6,BID
260,1712453854.643608,626564.63555561,642.0,7.62428377863966e-07,642.6,BID
261,1712453854.7550223,627159.65710777,642.0,2.651218847022398e-07,642.6,BID
262,1712453855.3837316,628494.21449774,642.0,5.946345459046525e-07,642.6,BID
263,1712453869.5956368,630150.69217005,642.0,7.380715553171779e-07,642.6,BID
264,1712453869.6735885,634510.02390464,642.0,1.942373753221532e-06,642.6,BID
265,1712453878.894122,643055.69368657,642.0,3.807667252393776e-06,642.6,BID
266,1712453878.9735014,649697.12870324,642.0,2.9592033470972647e-06,642.6,BID
267,1712453880.3975644,649697.12870324,642.0,0.0,642.6,BID
268,1712453910.3771596,649697.12870324,642.0,0.0,642.6,BID
269,1712453940.6134162,649697.12870324,642.0,0.0,642.6,BID
270,1712453970.6045349,649697.12870324,642.0,0.0,642.6,BID
271,1712454000.453611,649697.12870324,642.0,0.0,642.6,BID
272,1712454030.4034412,649697.12870324,642.0,0.0,642.6,BID
273,1712454060.593482,649697.12870324,642.0,0.0,642.6,BID
274,1712454090.6104355,649697.12870324,642.0,0.0,642.6,BID
275,1712454120.4242234,649697.12870324,642.0,0.0,642.6,BID
276,1712454150.38352,649697.12870324,642.0,0.0,642.6,BID
277,1712454180.590729,649697.12870324,642.0,0.0,642.6,BID
278,1712454190.9334705,650021.20784901,642.0,-1.423465093629952e-07,642.6,ASK
279,1712454191.0244992,650173.83552679,642.0,-6.703923238423217e-08,642.6,ASK
280,1712454191.0420728,650280.55938859,642.0,-4.687672561243312e-08,642.6,ASK
281,1712454210.593776,650280.55938859,642.0,-0.0,642.6,ASK
282,1712454240.3636038,650280.55938859,642.0,-0.0,642.6,ASK
283,1712454263.7649665,650295.28960329,642.1,6.468943661159915e-09,642.6,BID
284,1712454270.3541782,650295.28960329,642.1,0.0,642.6,BID
285,1712454300.403561,650295.28960329,642.1,0.0,642.6,BID
286,1712454322.4613464,654256.18384695,641.5,-1.7487624403114792e-06,642.6,ASK
287,1712454330.3933372,654256.18384695,641.5,-0.0,642.6,ASK
288,1712454333.4753776,655271.54463811,641.5,-4.4778653173188404e-07,642.6,ASK
289,1712454333.4769702,655903.57304515,641.5,-2.787322603043945e-07,642.6,ASK
290,1712454357.383696,656403.57304515,641.5,-2.205061174463405e-07,642.6,ASK
291,1712454357.386469,664415.67999312,641.5,-3.5334371913234245e-06,642.6,ASK
292,1712454360.6134653,664415.67999312,641.5,-0.0,642.6,ASK
293,1712454380.283944,664602.74156748,641.5,-8.226000989843714e-08,642.6,ASK
294,1712454380.287507,666365.60918412,641.5,-7.752180429923684e-07,642.6,ASK
295,1712454380.3041425,666365.60918419,641.5,-3.08184510168017e-17,642.6,ASK
296,1712454390.598199,666365.60918419,641.5,-0.0,642.6,ASK
297,1712454404.3992963,666374.96663896,641.2,-4.112662595074908e-09,642.6,ASK
298,1712454420.4155898,666374.96663896,641.2,-0.0,642.6,ASK
299,1712454430.5486054,666398.36757498,641.0,-1.0284837366323022e-08,642.6,ASK
300,1712454430.5516944,666458.36757498,641.1,-2.6370323026825164e-08,642.6,ASK
301,1712454439.4135876,666458.36757499,641.0,-4.400203819982248e-18,642.6,ASK
302,1712454439.4163356,667235.10947447,640.9,-3.4138224662928724e-07,642.6,ASK
303,1712454439.4425037,667554.16182771,640.9,-1.402252269567778e-07,642.6,ASK
304,1712454439.4588587,671818.75908071,640.9,-1.8743134523486928e-06,642.6,ASK
305,1712454439.5833037,672076.6785694,640.9,-1.1335700386113857e-07,642.6,ASK
306,1712454439.622266,674311.10379448,640.9,-9.82041916077431e-07,642.6,ASK
307,1712454439.6279457,680108.4781644,640.9,-2.547977247370455e-06,642.6,ASK
308,1712454439.6934917,681751.05372285,640.9,-7.219208012049358e-07,642.6,ASK
309,1712454439.7497282,681907.08430484,640.9,-6.857628081895653e-08,642.6,ASK
310,1712454439.7515786,693960.97593124,640.9,-5.297750265308539e-06,642.6,ASK
311,1712454439.7531729,693970.97593124,640.9,-4.3950538378041934e-09,642.6,ASK
312,1712454444.533534,695532.98780253,640.2,-6.865126269609016e-07,642.6,ASK
313,1712454444.5434744,696440.28633498,640.0,-3.987625897078438e-07,642.6,ASK
314,1712454449.8558393,701064.34529833,640.0,-2.032298809310387e-06,642.6,ASK
315,1712454450.416138,701064.34529833,640.0,-0.0,642.6,ASK
316,1712454480.6291509,701064.34529833,640.0,-0.0,642.6,ASK
317,1712454510.6234803,701064.34529833,640.0,-0.0,642.6,ASK
318,1712454540.4170926,701064.34529833,640.0,-0.0,642.6,ASK
319,1712454546.562597,701072.17124967,641.2,3.406273201893034e-09,642.6,BID
320,1712454570.403512,701072.17124967,641.2,0.0,642.6,BID
321,1712454574.7996,702323.34422378,641.2,5.445763050657409e-07,642.6,BID
322,1712454574.8012066,702630.37898367,641.2,1.336376812219837e-07,642.6,BID
323,1712454574.8027384,702630.37898422,641.2,2.3936542439805467e-16,642.6,BID
324,1712454600.413411,702630.37898422,641.2,0.0,642.6,BID
325,1712454622.1636178,702723.83692814,642.0,4.073116586153334e-08,642.6,BID
326,1712454630.3934357,702723.83692814,642.0,0.0,642.6,BID
327,1712454644.0335948,702739.41325212,642.0,6.788350129339538e-09,642.6,BID
328,1712454660.5734634,702739.41325212,642.0,0.0,642.6,BID
329,1712454690.604076,702739.41325212,642.0,0.0,642.6,BID
330,1712454720.4038315,702739.41325212,642.0,0.0,642.6,BID
331,1712454750.3955812,702739.41325212,642.0,0.0,642.6,BID
332,1712454780.6035855,702739.41325212,642.0,0.0,642.6,BID
333,1712454810.6036112,702739.41325212,642.0,0.0,642.6,BID
334,1712454814.8112717,703126.39380394,641.2,-1.6865006363603533e-07,642.6,ASK
335,1712454840.3941803,703126.39380394,641.2,-0.0,642.6,ASK
336,1712454870.3934054,703126.39380394,641.2,-0.0,642.6,ASK
337,1712454873.4336538,709809.47606725,642.1,2.9122403537162e-06,642.6,BID
338,1712454873.4372022,739718.40672618,642.1,1.3033207039755332e-05,642.6,BID
339,1712454873.4403987,742186.78106864,642.1,1.0756263479883111e-06,642.6,BID
340,1712454879.573555,743213.78537142,642.1,4.475305339896942e-07,642.6,BID
341,1712454879.693415,745822.80710255,642.1,-1.1369152839600626e-06,642.6,ASK
342,1712454879.713471,746791.11026987,642.1,-4.219507477832226e-07,642.6,ASK
343,1712454879.7170942,748406.11026987,641.2,-7.037573362028683e-07,642.6,ASK
344,1712454898.9240465,749749.90942112,642.2,5.855780254336376e-07,642.6,BID
345,1712454898.9268827,750007.90942112,642.3,1.1242686856986997e-07,642.6,BID
346,1712454898.929674,750699.73562509,642.3,3.01472301189643e-07,642.6,BID
347,1712454898.9325106,750937.93562509,642.2,1.037987600517476e-07,642.6,BID
348,1712454898.935614,813507.24022801,642.3,2.726539141511877e-05,642.6,BID
349,1712454900.4034772,813507.24022801,642.3,0.0,642.6,BID
350,1712454907.153783,813538.37832547,642.2,1.3247538723274143e-08,642.6,BID
351,1712454930.4239647,813538.37832547,642.2,0.0,642.6,BID
352,1712454942.6390817,814550.52407444,642.2,-4.306083872986958e-07,642.6,ASK
353,1712454942.6434062,814550.52407445,642.2,-4.259396047871749e-18,642.6,ASK
354,1712454942.7044995,814805.47601305,641.6,1.0846702980367697e-07,642.6,BID
355,1712454942.7134712,814805.47601306,641.6,4.259396047871749e-18,642.6,BID
356,1712454960.620213,814805.47601306,641.6,0.0,642.6,BID
357,1712454981.4240046,814821.06204797,641.6,-6.628645261465417e-09,642.6,ASK
358,1712454981.4280832,814876.99653945,641.2,-2.3788596910058425e-08,642.6,ASK
359,1712454990.5935912,814876.99653945,641.2,-0.0,642.6,ASK
360,1712454999.003616,814908.99653945,642.0,-1.360913869913918e-08,642.6,ASK
361,1712455020.6560538,814908.99653945,642.0,-0.0,642.6,ASK
362,1712455027.0537672,815064.662791,642.4,6.620203434209165e-08,642.6,BID
363,1712455050.403679,815064.662791,642.4,0.0,642.6,BID
364,1712455080.60396,815064.662791,642.4,0.0,642.6,BID
365,1712455085.9237752,815219.96640957,642.4,6.604500433644909e-08,642.6,BID
366,1712455110.5935934,815219.96640957,642.4,0.0,642.6,BID
367,1712455120.5568962,815235.53303472,642.4,6.619641045256631e-09,642.6,BID
368,1712455127.313446,815621.89653945,642.4,1.6429943482606154e-07,642.6,BID
369,1712455127.3960931,815702.53178845,642.4,-3.428979620371547e-08,642.6,ASK
370,1712455127.413416,815702.53178938,642.4,-3.954964019426384e-16,642.6,ASK
371,1712455140.3952596,815702.53178938,642.4,-0.0,642.6,ASK
372,1712455152.253943,815733.65534991,642.6,1.3233417046253012e-08,642.6,BID
373,1712455170.523708,815733.65534991,642.6,0.0,642.6,BID
374,1712455200.7526846,815733.65534991,642.6,0.0,642.6,BID
375,1712455230.603922,815733.65534991,642.6,0.0,642.6,BID
376,1712455260.4036746,815733.65534991,642.6,0.0,642.6,BID
377,1712455276.6540818,815741.78183991,642.5,3.4598306281050597e-09,642.6,BID
378,1712455276.6637034,816981.32080773,642.6,5.27730285230976e-07,642.6,BID
379,1712455290.3935971,816981.32080773,642.6,0.0,642.6,BID
380,1712455320.6337817,816981.32080773,642.6,0.0,642.6,BID
381,1712455341.9736395,817292.83717047,641.7,-1.3258197348961217e-07,642.6,ASK
382,1712455341.9757447,817604.30499529,641.8,-1.3256131565584376e-07,642.6,ASK
383,1712455341.9775872,818321.22080773,641.2,-3.051207724793251e-07,642.6,ASK
384,1712455351.0132194,818321.22080773,641.2,-0.0,642.6,ASK
385,1712455368.0839078,825543.85694985,641.2,-3.0728440300529856e-06,642.6,ASK
386,1712455368.0878403,825930.59658693,641.2,-1.6453695875053617e-07,642.6,ASK
387,1712455368.9039602,828707.96044481,641.2,-1.1816192567422427e-06,642.6,ASK
388,1712455369.0037842,831744.29294411,641.2,1.2917965144775105e-06,642.6,BID
389,1712455369.007651,834498.52266251,641.2,1.1717769220333368e-06,642.6,BID
390,1712455369.0238423,836727.1876658,641.2,9.481773435062391e-07,642.6,BID
391,1712455371.613941,836727.18766581,642.6,4.2594485295050496e-18,642.6,BID
392,1712455371.6240015,836734.96492509,642.9,3.3088064078536047e-09,642.9,BID
393,1712455380.4136374,836734.96492509,642.9,0.0,642.9,BID
394,1712455405.653931,837512.69085447,642.9,3.292268673965594e-07,642.9,BID
395,1712455410.4038887,837512.69085447,642.9,0.0,642.9,BID
396,1712455418.3456445,837979.32641209,642.9,1.974943187962815e-07,642.9,BID
397,1712455440.6037002,837979.32641209,642.9,0.0,642.9,BID
398,1712455470.583823,837979.32641209,642.9,0.0,642.9,BID
399,1712455500.4036686,837979.32641209,642.9,0.0,642.9,BID
400,1712455517.2239108,838855.89400029,641.5,-3.748720116999972e-07,642.9,ASK
401,1712455530.383745,838855.89400029,641.5,-0.0,642.9,ASK
402,1712455540.0337102,838900.64027429,641.5,1.9131545698994692e-08,642.9,BID
403,1712455540.1544356,838900.64027463,641.5,1.4539011560744938e-16,642.9,BID
404,1712455560.5912468,838900.64027463,641.5,0.0,642.9,BID
405,1712455590.58359,838900.64027463,641.5,0.0,642.9,BID
406,1712455595.5210743,838915.38381465,641.5,-6.303614194253517e-09,642.9,ASK
407,1712455598.6066592,838983.25433542,641.5,-2.9018104031848123e-08,642.9,ASK
408,1712455598.609896,839295.06224366,641.1,-1.333137600332839e-07,642.9,ASK
409,1712455598.6130023,840382.53629858,641.1,-4.649505396394194e-07,642.9,ASK
410,1712455598.6154227,840432.53629858,641.5,-2.1377546321029893e-08,642.9,ASK
411,1712455598.61724,840482.53629858,641.2,-2.1377546321029893e-08,642.9,ASK
412,1712455620.366768,840482.53629858,641.2,-0.0,642.9,ASK
413,1712455625.063903,840638.03311089,642.6,6.645398990741559e-08,642.9,BID
414,1712455650.40717,840638.03311089,642.6,0.0,642.9,BID
415,1712455680.6064465,840638.03311089,642.6,0.0,642.9,BID
416,1712455701.141297,840652.53311089,642.5,6.196536719309878e-09,642.9,BID
417,1712455710.6538312,840652.53311089,642.5,0.0,642.9,BID
418,1712455720.9936738,841542.57240211,642.5,3.803544270612735e-07,642.9,BID
419,1712455740.414487,841542.57240211,642.5,0.0,642.9,BID
420,1712455767.8538072,841562.07240211,642.5,8.331204381425298e-09,642.9,BID
421,1712455770.3862858,841562.07240211,642.5,0.0,642.9,BID
422,1712455788.2269654,842205.39759978,642.5,2.7485359058504254e-07,642.9,BID
423,1712455788.2370162,842231.33310249,642.6,1.1080657293238311e-08,642.9,BID
424,1712455798.9438655,842244.23310249,642.6,5.511382627888392e-09,642.9,BID
425,1712455800.423828,842244.23310249,642.6,0.0,642.9,BID
426,1712455811.1536672,842361.01540246,642.6,5.1323525168050563e-08,642.9,BID
427,1712455811.156294,843936.62170167,642.6,6.924479957423859e-07,642.9,BID
428,1712455817.8459115,844725.63858662,642.8,3.467574106961001e-07,642.9,BID
429,1712455818.4039524,844725.63858663,642.8,4.3999531119759215e-18,642.9,BID
430,1712455818.9549751,844775.63858663,642.8,-2.1974017116127923e-08,642.9,ASK
431,1712455819.212858,844790.63858663,642.9,6.5922051348383746e-09,642.9,BID
432,1712455823.3832831,845281.44540213,643.0,-2.156999472901944e-07,643.0,ASK
433,1712455830.3992853,845281.44540213,643.0,-0.0,643.0,ASK
434,1712455832.038457,849588.3128557,643.0,-1.891161153153092e-06,643.0,ASK
435,1712455835.1339822,849794.76081576,643.0,9.065204964445652e-08,643.0,BID
436,1712455838.6636667,849794.76081577,643.0,4.396181621889527e-18,643.0,BID
437,1712455847.4836922,849894.76081576,643.0,-4.391036346837535e-08,643.0,ASK
438,1712455856.09926,849914.76081576,643.0,8.782072694554307e-09,643.0,BID
439,1712455860.5936365,849914.76081576,643.0,0.0,643.0,BID
440,1712455871.273635,850863.70003199,643.0,4.161382722519044e-07,643.0,BID
441,1712455881.4114132,851278.46054052,642.7,-1.8188490734289818e-07,643.0,ASK
442,1712455881.4155216,851679.21137752,642.7,-1.7574124671043309e-07,643.0,ASK
443,1712455882.476848,853295.19664378,642.7,-7.086579468784546e-07,643.0,ASK
444,1712455883.7639663,853463.70003199,642.7,-7.389378333089758e-08,643.0,ASK
445,1712455890.6136186,853463.70003199,642.7,-0.0,643.0,ASK
446,1712455920.4137094,853463.70003199,642.7,-0.0,643.0,ASK
447,1712455950.4849408,853463.70003199,642.7,-0.0,643.0,ASK
448,1712455959.83385,853510.37810885,642.7,2.04492781388506e-08,643.0,BID
449,1712455967.1040025,857868.66547787,641.8,-1.909329531406804e-06,643.0,ASK
450,1712455967.108351,858908.67364829,641.8,-4.556189494988861e-07,643.0,ASK
451,1712455980.6240702,858908.67364829,641.8,-0.0,643.0,ASK
452,1712455994.0739086,861356.22479669,641.8,1.0706127759015002e-06,643.0,BID
453,1712456010.593827,861356.22479669,641.8,0.0,643.0,BID
454,1712456040.3961396,861356.22479669,641.8,0.0,643.0,BID
455,1712456064.204266,861388.42304459,641.8,1.4074551852966806e-08,643.0,BID
456,1712456070.3940442,861388.42304459,641.8,0.0,643.0,BID
457,1712456100.4505107,861388.42304459,641.8,0.0,643.0,BID
458,1712456119.6244829,861872.61827674,641.8,-2.145716208995071e-07,643.0,ASK
459,1712456130.6040845,861872.61827674,641.8,-0.0,643.0,ASK
460,1712456132.084159,863749.85721187,641.8,8.317858402957998e-07,643.0,BID
461,1712456132.132995,864373.75721187,642.7,2.764438644698219e-07,643.0,BID
462,1712456160.41367,864373.75721187,642.7,0.0,643.0,BID
463,1712456190.427798,864373.75721187,642.7,0.0,643.0,BID
464,1712456220.5739684,864373.75721187,642.7,0.0,643.0,BID
465,1712456220.7939508,864593.13721187,642.6,9.713597565769696e-08,643.0,BID
466,1712456220.7974374,869218.98023118,642.7,2.048207561856168e-06,643.0,BID
467,1712456220.8008778,870861.55578963,642.6,7.272913641240352e-07,643.0,BID
468,1712456250.6038406,870861.55578963,642.6,0.0,643.0,BID
469,1712456261.843875,870869.3430833,642.2,3.4416649541436755e-09,643.0,BID
470,1712456280.415841,870869.3430833,642.2,0.0,643.0,BID
471,1712456310.407618,870869.3430833,642.2,0.0,643.0,BID
472,1712456330.0039177,870870.89867347,642.2,6.875056424845331e-10,643.0,BID
473,1712456330.0083668,870880.24155731,642.2,4.129162989748994e-09,643.0,BID
474,1712456340.5658405,870880.24155731,642.2,0.0,643.0,BID
475,1712456370.6136997,870880.24155731,642.2,0.0,643.0,BID
476,1712456400.4336572,870880.24155731,642.2,0.0,643.0,BID
477,1712456430.4894705,870880.24155731,642.2,0.0,643.0,BID
478,1712456460.593912,870880.24155731,642.2,0.0,643.0,BID
479,1712456490.6037145,870880.24155731,642.2,0.0,643.0,BID
480,1712456502.3866594,871028.79407743,642.7,6.605372800910994e-08,643.0,BID
481,1712456514.4539723,871228.79407742,642.5,8.892979796293313e-08,643.0,BID
482,1712456515.3139892,871228.79407743,642.5,4.4517001516622815e-18,643.0,BID
483,1712456520.407838,871228.79407743,642.5,0.0,643.0,BID
484,1712456543.624197,871228.79407744,642.7,4.451256850430864e-18,643.0,BID
485,1712456543.6291263,871238.1267886,642.9,4.149367353693266e-09,643.0,BID
486,1712456543.6330752,871241.23720848,643.0,1.3829073337022495e-09,643.0,BID
487,1712456550.4231858,871241.23720848,643.0,0.0,643.0,BID
488,1712456570.279878,871256.78930801,643.0,6.914512132476706e-09,643.0,BID
489,1712456580.5937018,871256.78930801,643.0,0.0,643.0,BID
490,1712456610.593838,871256.78930801,643.0,0.0,643.0,BID
491,1712456626.584378,872159.7021366,643.0,4.014360851062886e-07,643.0,BID
492,1712456640.3940115,872159.7021366,643.0,0.0,643.0,BID
493,1712456670.3839955,872159.7021366,643.0,0.0,643.0,BID
494,1712456700.4339852,872159.7021366,643.0,0.0,643.0,BID
495,1712456730.424647,872159.7021366,643.0,0.0,643.0,BID
496,1712456731.3146908,872169.03049481,643.2,4.192567321646195e-09,643.2,BID
497,1712456731.319384,872225.82874394,643.7,2.5527587799521823e-08,643.7,BID
498,1712456731.3239467,872381.20475389,643.6,6.983269373075139e-08,643.7,BID
499,1712456731.326839,872537.00557152,643.7,7.002362066091411e-08,643.7,BID
500,1712456731.328864,872547.00557152,643.4,4.49443216833759e-09,643.7,BID
501,1712456731.3310182,872559.7941866,643.8,5.74775630043192e-09,643.8,BID
502,1712456731.3330472,873508.73340283,643.4,4.264942939220941e-07,643.8,BID
503,1712456731.3467324,873664.13355824,643.5,6.984354574396082e-08,643.8,BID
504,1712456731.351346,873726.56975305,643.7,2.8061524242251533e-08,643.8,BID
505,1712456731.3559494,873735.89521156,643.4,4.191264071167945e-09,643.8,BID
506,1712456743.6941462,873890.46022978,643.0,-6.946819899876078e-08,643.8,ASK
507,1712456743.704223,874231.01742454,643.0,-1.530611211288465e-07,643.8,ASK
508,1712456760.6039066,874231.01742454,643.0,-0.0,643.8,ASK
509,1712456784.7139986,874386.63522722,642.6,-6.989950047913064e-08,643.8,ASK
510,1712456790.5850036,874386.63522722,642.6,-0.0,643.8,ASK
511,1712456820.404871,874386.63522722,642.6,-0.0,643.8,ASK
512,1712456850.4040596,874386.63522722,642.6,-0.0,643.8,ASK
513,1712456880.6240811,874386.63522722,642.6,-0.0,643.8,ASK
514,1712456889.3643286,874463.50240742,642.6,-3.4525202626216174e-08,643.8,ASK
515,1712456889.3672156,875992.80291112,642.6,-6.86891461730198e-07,643.8,ASK
516,1712456910.654168,875992.80291112,642.6,-0.0,643.8,ASK
517,1712456921.834065,876082.43774329,642.6,4.024118966840253e-08,643.8,BID
518,1712456940.4147246,876082.43774329,642.6,0.0,643.8,BID
519,1712456970.3914886,876082.43774329,642.6,0.0,643.8,BID
520,1712457000.4939983,876082.43774329,642.6,0.0,643.8,BID
521,1712457030.4940348,876082.43774329,642.6,0.0,643.8,BID
522,1712457032.0642018,876129.13035029,642.5,-2.1179339982915835e-08,643.8,ASK
523,1712457032.0746362,876397.12443431,642.5,-1.2155966829759057e-07,643.8,ASK
524,1712457060.613842,876397.12443431,642.5,-0.0,643.8,ASK
525,1712457060.854013,876506.15870222,642.5,-4.9452412588632534e-08,643.8,ASK
526,1712457075.5539184,876506.78644367,642.5,-2.8471167628425126e-10,643.8,ASK
527,1712457090.5939014,876506.78644367,642.5,-0.0,643.8,ASK
528,1712457120.4297564,876506.78644367,642.5,-0.0,643.8,ASK
529,1712457148.1440415,876522.35791673,642.2,-7.062204554787807e-09,643.8,ASK
530,1712457148.14923,876543.35791667,642.0,-9.524230280348358e-09,643.8,ASK
531,1712457148.265794,876543.35791673,642.0,-2.719117444043437e-17,643.8,ASK
532,1712457148.3248897,878650.17069527,641.7,-9.555128627467532e-07,643.8,ASK
533,1712457148.330016,878730.30483895,641.7,-3.6343620947940375e-08,643.8,ASK
534,1712457148.333783,878825.20129847,641.8,-4.303884456373274e-08,643.8,ASK
535,1712457148.33613,881580.52518601,641.6,-1.2496352036569704e-06,643.8,ASK
536,1712457148.4241102,883055.9901413,641.6,-6.691746688040544e-07,643.8,ASK
537,1712457150.4370215,883055.9901413,641.6,-0.0,643.8,ASK
538,1712457173.744094,884771.13134051,641.6,-7.763964814542244e-07,643.8,ASK
539,1712457180.5740843,884771.13134051,641.6,-0.0,643.8,ASK
540,1712457210.604014,884771.13134051,641.6,-0.0,643.8,ASK
541,1712457220.7243435,884919.32972739,641.6,-6.70518665418204e-08,643.8,ASK
542,1712457220.743568,884969.32972651,641.6,-2.262233306764304e-08,643.8,ASK
543,1712457220.8241642,884969.32972739,641.6,-3.9814556638686005e-16,643.8,ASK
544,1712457240.4041903,884969.32972739,641.6,-0.0,643.8,ASK
545,1712457240.9042082,885019.32972739,641.6,-2.26210319654672e-08,643.8,ASK
546,1712457270.436062,885019.32972739,641.6,-0.0,643.8,ASK
547,1712457272.8667216,885079.32972739,641.6,2.7144844387678363e-08,643.8,BID
548,1712457273.9040103,885139.32972739,641.6,2.7144844387678363e-08,643.8,BID
549,1712457300.5939982,885139.32972739,641.6,0.0,643.8,BID
550,1712457327.0451062,885189.32972739,641.5,-2.2660944973778533e-08,643.8,ASK
551,1712457327.050203,885249.32972739,641.5,-2.7193133968534232e-08,643.8,ASK
552,1712457330.6139436,885249.32972739,641.5,-0.0,643.8,ASK
553,1712457360.4042065,885249.32972739,641.5,-0.0,643.8,ASK
554,1712457378.6288452,885309.32972739,641.3,-2.7192264322079333e-08,643.8,ASK
555,1712457378.631212,885369.32972739,641.3,-2.7192264322079333e-08,643.8,ASK
556,1712457378.633454,885419.32972739,640.8,-2.266022026839944e-08,643.8,ASK
557,1712457378.63569,885731.23493877,640.9,-1.413568158546427e-07,643.8,ASK
558,1712457378.6379454,885781.23493877,641.2,-2.266022026839944e-08,643.8,ASK
559,1712457378.640432,885841.23493877,641.4,-2.7192264322079333e-08,643.8,ASK
560,1712457378.642886,885862.23493877,641.2,-9.517292512727764e-09,643.8,ASK
561,1712457378.645327,889322.98537976,640.4,-1.5684273457359171e-06,643.8,ASK
562,1712457390.4014275,889322.98537976,640.4,-0.0,643.8,ASK
563,1712457393.5641985,889591.87823719,640.5,-1.217194958058517e-07,643.8,ASK
564,1712457393.5691864,890766.9149834,640.4,-5.319028614931266e-07,643.8,ASK
565,1712457396.6939454,892552.07835864,640.4,-8.080883517774647e-07,643.8,ASK
566,1712457405.7040162,892598.84375224,640.5,-2.1169250029766266e-08,643.8,ASK
567,1712457405.7140164,897106.40755987,640.4,-2.040434986713742e-06,643.8,ASK
568,1712457405.7180662,897156.40755987,640.5,-2.263345649439097e-08,643.8,ASK
569,1712457420.6261282,897156.40755987,640.5,-0.0,643.8,ASK
570,1712457433.7641542,897218.62898228,641.5,2.810190216554984e-08,643.8,BID
571,1712457434.103946,897505.97436628,641.5,1.2977768035713896e-07,643.8,BID
572,1712457434.1239643,897505.97436636,641.5,3.6121240986386e-17,643.8,BID
573,1712457441.554052,897661.81224208,642.1,7.038316656141706e-08,643.8,BID
574,1712457450.5877426,897661.81224208,642.1,0.0,643.8,BID
575,1712457480.395768,897661.81224208,642.1,0.0,643.8,BID
576,1712457510.4353492,897661.81224208,642.1,0.0,643.8,BID
577,1712457540.594129,897661.81224208,642.1,0.0,643.8,BID
578,1712457555.6740663,897681.81224208,642.0,9.03154750124338e-09,643.8,BID
579,1712457570.593891,897681.81224208,642.0,0.0,643.8,BID
580,1712457600.4545057,897681.81224208,642.0,0.0,643.8,BID
581,1712457609.268745,897697.39099266,641.9,7.037627647929452e-09,643.8,BID
582,1712457609.4254143,898512.10618691,642.0,-3.68043775193045e-07,643.8,ASK
583,1712457609.4908764,900797.07703958,642.0,-1.0322248863873531e-06,643.8,ASK
584,1712457630.4196143,900797.07703958,642.0,-0.0,643.8,ASK
585,1712457660.6002724,900797.07703958,642.0,-0.0,643.8,ASK
586,1712457688.9043791,900859.07062664,641.7,-2.7980033074441253e-08,643.8,ASK
587,1712457690.6041048,900859.07062664,641.7,-0.0,643.8,ASK
588,1712457720.528653,900859.07062664,641.7,-0.0,643.8,ASK
589,1712457750.3988175,900859.07062664,641.7,-0.0,643.8,ASK
590,1712457780.5839188,900859.07062664,641.7,-0.0,643.8,ASK
591,1712457810.6151998,900859.07062664,641.7,-0.0,643.8,ASK
592,1712457820.777166,900890.23783873,641.7,-1.4066680266587922e-08,643.8,ASK
593,1712457820.783924,905409.48359219,641.7,-2.039668638840983e-06,643.8,ASK
594,1712457820.7902591,905479.60496317,641.8,-3.164783884369248e-08,643.8,ASK
595,1712457820.7932577,905885.1195575,641.7,-1.830206733090249e-07,643.8,ASK
596,1712457820.7960546,909407.21120338,641.6,-1.589623637467653e-06,643.8,ASK
597,1712457820.7989392,913432.98916494,641.5,-1.8169520984435016e-06,643.8,ASK
598,1712457820.8536444,913666.68696494,642.0,1.0547469636086037e-07,643.8,BID
599,1712457827.544344,918366.68696494,640.9,-2.1212483510579483e-06,643.8,ASK
600,1712457827.5536678,918542.52484066,641.4,-7.936080934565453e-08,643.8,ASK
601,1712457827.5563412,922327.35287773,641.5,-1.7082043048239608e-06,643.8,ASK
602,1712457827.558748,925847.02116955,641.4,-1.5885299064455486e-06,643.8,ASK
603,1712457827.56118,926240.60550324,640.9,-1.7763619549833048e-07,643.8,ASK
604,1712457833.0438242,930369.02116955,640.9,-1.863275515881253e-06,643.8,ASK
605,1712457833.047439,938814.52404154,640.9,-3.81170405129019e-06,643.8,ASK
606,1712457840.413241,938814.52404154,640.9,-0.0,643.8,ASK
607,1712457850.5225265,938864.52404154,641.0,-2.2321275341538183e-08,643.8,ASK
608,1712457850.5272596,938914.52404154,641.0,-2.2321275341538183e-08,643.8,ASK
609,1712457850.5302525,940469.02116955,640.9,-6.939671682388437e-07,643.8,ASK
610,1712457850.594944,944849.53594275,640.9,1.9555735278054726e-06,643.8,BID
611,1712457850.601388,951388.44257984,640.9,2.919134709581907e-06,643.8,BID
612,1712457861.654069,951544.23008568,641.9,6.95475162525528e-08,643.8,BID
613,1712457870.415548,951544.23008568,641.9,0.0,643.8,BID
614,1712457900.4436996,951544.23008568,641.9,0.0,643.8,BID
615,1712457930.412345,951544.23008568,641.9,0.0,643.8,BID
616,1712457960.613705,951544.23008568,641.9,0.0,643.8,BID
617,1712457990.61368,951544.23008568,641.9,0.0,643.8,BID
618,1712458020.414502,951544.23008568,641.9,0.0,643.8,BID
619,1712458050.404305,951544.23008568,641.9,0.0,643.8,BID
620,1712458080.4493694,951544.23008568,641.9,0.0,643.8,BID
621,1712458085.2239716,951594.23008568,641.0,-2.25720555132252e-08,643.8,ASK
622,1712458085.227537,951750.01759152,641.0,-7.032888460172553e-08,643.8,ASK
623,1712458085.290818,953329.39346052,641.0,7.129951958263174e-07,643.8,BID
624,1712458085.2962296,953329.39346093,641.0,1.850975200477502e-16,643.8,BID
625,1712458110.4605775,953329.39346093,641.0,0.0,643.8,BID
626,1712458140.6267557,953329.39346093,641.0,0.0,643.8,BID
627,1712458170.593987,953329.39346093,641.0,0.0,643.8,BID
628,1712458200.4690628,953329.39346093,641.0,0.0,643.8,BID
629,1712458230.4038198,953329.39346093,641.0,0.0,643.8,BID
630,1712458260.603942,953329.39346093,641.0,0.0,643.8,BID
631,1712458262.1140523,954109.42466218,641.0,-3.5250448407813654e-07,643.8,ASK
632,1712458262.1250014,955727.31545781,641.0,-7.311422405851747e-07,643.8,ASK
633,1712458264.9637797,955777.31545781,640.9,-2.2595537429351013e-08,643.8,ASK
634,1712458264.9740877,960249.04614902,640.9,-2.0208231641442725e-06,643.8,ASK
635,1712458264.9783726,965401.08000765,640.9,-2.328259477799154e-06,643.8,ASK
636,1712458267.0984757,967101.81335145,640.9,7.685796785435931e-07,643.8,BID
637,1712458267.103009,970163.92955217,640.9,1.3838032245277996e-06,643.8,BID
638,1712458267.1971655,976900.36859085,640.9,-3.044269208780729e-06,643.8,ASK
639,1712458290.59386,976900.36859085,640.9,-0.0,643.8,ASK
640,1712458301.4041004,977469.69358605,640.9,-2.55539526533092e-07,643.8,ASK
641,1712458301.4099643,977589.69358605,640.9,-5.3861578961948095e-08,643.8,ASK
642,1712458301.416124,977800.52150082,640.9,-9.462936982305749e-08,643.8,ASK
643,1712458303.133613,979988.91155726,640.8,-9.822511985373868e-07,643.8,ASK
644,1712458320.4787538,979988.91155726,640.8,-0.0,643.8,ASK
645,1712458350.4301853,979988.91155726,640.8,-0.0,643.8,ASK
646,1712458380.6038494,979988.91155726,640.8,-0.0,643.8,ASK
647,1712458399.8041203,981587.62596638,640.9,-7.169404450356968e-07,643.8,ASK
648,1712458410.604299,981587.62596638,640.9,-0.0,643.8,ASK
649,1712458412.1441169,981595.4226294,641.3,3.494792933696171e-09,643.8,BID
650,1712458440.4039557,981595.4226294,641.3,0.0,643.8,BID
651,1712458470.4514875,981595.4226294,641.3,0.0,643.8,BID
652,1712458500.5937352,981595.4226294,641.3,0.0,643.8,BID
653,1712458524.1342804,987037.01519142,640.8,-2.4399858689247685e-06,643.8,ASK
654,1712458524.1397989,991595.4226294,640.8,-2.0439695928546703e-06,643.8,ASK
655,1712458530.609038,991595.4226294,640.8,-0.0,643.8,ASK
656,1712458530.6237426,991794.67497022,640.8,-8.908788430882535e-08,643.8,ASK
657,1712458530.6263802,994173.71742887,640.8,-1.0636957059066724e-06,643.8,ASK
658,1712458530.6290386,995072.3161944,640.8,-4.017732616548518e-07,643.8,ASK
659,1712458560.407162,995072.3161944,640.8,-0.0,643.8,ASK
660,1712458569.7502394,995447.23355686,640.4,-1.6746280244005952e-07,643.8,ASK
661,1712458569.7531118,995487.23355686,640.4,-1.7866636139893692e-08,643.8,ASK
662,1712458569.755797,999465.87879945,640.3,-1.777125171976861e-06,643.8,ASK
663,1712458569.758656,999515.87879945,640.3,-2.2333295174867123e-08,643.8,ASK
664,1712458583.1796727,999828.037376,640.7,1.3943059262913314e-07,643.8,BID
665,1712458590.4136825,999828.037376,640.7,0.0,643.8,BID
666,1712458620.6139157,999828.037376,640.7,0.0,643.8,BID
667,1712458650.603975,999828.037376,640.7,0.0,643.8,BID
668,1712458680.4990752,999828.037376,640.7,0.0,643.8,BID
669,1712458710.4290252,999828.037376,640.7,0.0,643.8,BID
670,1712458740.6140828,999828.037376,640.7,0.0,643.8,BID
671,1712458752.9837725,999843.64774128,640.6,6.963146560345832e-09,643.8,BID
672,1712458770.613803,999843.64774128,640.6,0.0,643.8,BID
673,1712458800.5039952,999843.64774128,640.6,0.0,643.8,BID
674,1712458824.0740736,999851.64774128,640.6,-3.575203552460833e-09,643.8,ASK
675,1712458824.0799527,1009620.24767484,640.6,-4.365591648129049e-06,643.8,ASK
676,1712458830.4456255,1009620.24767484,640.6,-0.0,643.8,ASK
677,1712458857.8270037,1014500.01032318,640.5,2.174681404132799e-06,643.8,BID
678,1712458860.6039274,1014500.01032318,640.5,0.0,643.8,BID
679,1712458863.7939546,1019257.77890532,640.5,2.1173651262139188e-06,643.8,BID
680,1712458863.8998115,1021195.634465,640.5,8.624101216500758e-07,643.8,BID
681,1712458882.4041507,1021222.57457302,640.3,-1.1989243325549532e-08,643.8,ASK
682,1712458882.4100688,1021231.94518055,640.3,-4.170231748963015e-09,643.8,ASK
683,1712458889.3414469,1025871.91279592,640.3,2.064939781313951e-06,643.8,BID
684,1712458890.6037805,1025871.91279592,640.3,0.0,643.8,BID
685,1712458893.4444833,1030395.88122091,640.3,2.0068120605909183e-06,643.8,BID
686,1712458920.4285247,1030395.88122091,640.3,0.0,643.8,BID
687,1712458926.604195,1030852.35528333,640.3,2.0222998469364386e-07,643.8,BID
688,1712458926.6138113,1031338.35221258,640.3,2.153093891958726e-07,643.8,BID
689,1712458926.6237638,1039765.58932758,640.3,3.7334871202566063e-06,643.8,BID
690,1712458926.6455123,1042423.59315358,640.3,1.1775654244141912e-06,643.8,BID
691,1712458926.6536908,1047236.01377071,640.3,2.1320285813878406e-06,643.8,BID
692,1712458926.723994,1052387.40356744,640.5,2.2822008203946745e-06,643.8,BID
693,1712458926.844102,1054137.18384844,640.6,7.751985678395091e-07,643.8,BID
694,1712458926.849073,1059337.58022076,640.6,2.303912019008925e-06,643.8,BID
695,1712458928.2306266,1063335.70609852,640.3,-1.7712746498152058e-06,643.8,ASK
696,1712458928.2357326,1064747.31866431,640.3,-6.253813985830474e-07,643.8,ASK
697,1712458928.2405117,1064989.47239029,640.1,-1.072804532174275e-07,643.8,ASK
698,1712458928.243267,1068989.47239029,640.2,-1.7721049351328937e-06,643.8,ASK
699,1712458928.2460327,1069005.092509,640.2,-6.920122363432264e-09,643.8,ASK
700,1712458928.2489777,1070948.95713952,640.1,-8.611830262436386e-07,643.8,ASK
701,1712458928.2517898,1078623.93547024,640.0,-3.4002167442267247e-06,643.8,ASK
702,1712458928.2546031,1078867.86470004,640.1,-1.0806704798799124e-07,643.8,ASK
703,1712458950.468855,1078867.86470004,640.1,-0.0,643.8,ASK
704,1712458959.615827,1080306.03884418,640.0,-6.285069047937931e-07,643.8,ASK
705,1712458962.6643012,1080313.83307644,641.5,3.406213922645084e-09,643.8,BID
706,1712458980.6250138,1080313.83307644,641.5,0.0,643.8,BID
707,1712459010.6187432,1080313.83307644,641.5,0.0,643.8,BID
708,1712459040.4602067,1080313.83307644,641.5,0.0,643.8,BID
709,1712459045.3454628,1080513.83307644,641.4,8.736811510291188e-08,643.8,BID
710,1712459070.4464085,1080513.83307644,641.4,0.0,643.8,BID
711,1712459079.293917,1082123.02381833,640.0,-7.029204196093475e-07,643.8,ASK
712,1712459100.5895698,1082123.02381833,640.0,-0.0,643.8,ASK
713,1712459107.7540684,1083053.13104522,640.0,-4.083657406838893e-07,643.8,ASK
714,1712459115.9539073,1083131.25604522,640.0,-3.4300962908979066e-08,643.8,ASK
715,1712459130.604249,1083131.25604522,640.0,-0.0,643.8,ASK
716,1712459160.4288204,1083131.25604522,640.0,-0.0,643.8,ASK
717,1712459190.3859203,1083131.25604522,640.0,-0.0,643.8,ASK
718,1712459192.881434,1084693.75604522,640.0,-6.858249593802145e-07,643.8,ASK
719,1712459192.8854735,1088647.20966828,640.0,-1.7352813890859394e-06,643.8,ASK
720,1712459192.8887076,1088697.20966828,640.0,-2.1946398700166865e-08,643.8,ASK
721,1712459192.8914688,1088757.20966828,640.1,-2.6335678440200242e-08,643.8,ASK
722,1712459192.894245,1089919.87820666,640.0,-5.103277459885322e-07,643.8,ASK
723,1712459204.9042685,1090454.66679122,640.0,-2.3473366994099945e-07,643.8,ASK
724,1712459220.437329,1090454.66679122,640.0,-0.0,643.8,ASK
725,1712459246.3990667,1090464.04179122,640.0,-4.106501653569203e-09,643.8,ASK
726,1712459246.4059768,1097470.43461939,640.0,-3.068988131673112e-06,643.8,ASK
727,1712459246.410547,1100030.49702188,639.8,-1.1213760521670168e-06,643.8,ASK
728,1712459246.4135723,1100050.49702188,639.9,-8.760536860947633e-09,643.8,ASK
729,1712459246.4166524,1101816.80942437,639.9,-7.736922454981575e-07,643.8,ASK
730,1712459246.4198213,1111816.80942437,639.8,-4.380268430473817e-06,643.8,ASK
731,1712459246.5145411,1112095.28202657,639.8,1.2197847481685354e-07,643.8,BID
732,1712459246.5211208,1119540.70089757,639.8,3.261293323229506e-06,643.8,BID
733,1712459246.526281,1119650.09351014,639.8,4.7916900736727294e-08,643.8,BID
734,1712459250.4339674,1119650.09351014,639.8,0.0,643.8,BID
735,1712459256.0863967,1129650.09351014,639.8,4.344716920670029e-06,643.8,BID
736,1712459256.1642537,1129876.04236996,639.8,9.81683834466673e-08,643.8,BID
737,1712459256.833876,1148845.52022896,639.8,8.241701143027267e-06,643.8,BID
738,1712459256.8743303,1148845.52022907,639.8,4.774672879269937e-17,643.8,BID
739,1712459280.595943,1148845.52022907,639.8,0.0,643.8,BID
740,1712459310.5918417,1148845.52022907,639.8,0.0,643.8,BID
741,1712459340.4017613,1148845.52022907,639.8,0.0,643.8,BID
742,1712459370.4542124,1148845.52022907,639.8,0.0,643.8,BID
743,1712459400.434119,1148845.52022907,639.8,0.0,643.8,BID
744,1712459430.418453,1148845.52022907,639.8,0.0,643.8,BID
745,1712459460.607385,1148845.52022907,639.8,0.0,643.8,BID
746,1712459490.6046505,1148845.52022907,639.8,0.0,643.8,BID
747,1712459520.395165,1148845.52022907,639.8,0.0,643.8,BID
748,1712459550.4459922,1148845.52022907,639.8,0.0,643.8,BID
749,1712459580.6141737,1148845.52022907,639.8,0.0,643.8,BID
750,1712459610.604157,1148845.52022907,639.8,0.0,643.8,BID
751,1712459640.4305627,1148845.52022907,639.8,0.0,643.8,BID
752,1712459662.0543118,1148853.33673422,639.8,-3.3727879167822113e-09,643.8,ASK
753,1712459662.0617762,1148999.66152321,639.8,-6.313850893259686e-08,643.8,ASK
754,1712459670.442431,1148999.66152321,639.8,-0.0,643.8,ASK
755,1712459700.460588,1148999.66152321,639.8,-0.0,643.8,ASK
756,1712459702.89391,1152639.76840821,639.8,1.5727369360649631e-06,643.8,BID
757,1712459702.8969,1153665.53986721,639.8,4.431926623304122e-07,643.8,BID
758,1712459704.0040395,1163665.53986721,639.8,4.320578998780983e-06,643.8,BID
759,1712459704.038282,1164386.40757143,639.8,3.114565863752895e-07,643.8,BID
760,1712459730.4238422,1164386.40757143,639.8,0.0,643.8,BID
761,1712459760.6039095,1164386.40757143,639.8,0.0,643.8,BID
762,1712459768.2136514,1164542.60757143,639.8,6.72016107717714e-08,643.8,BID
763,1712459773.6141238,1164650.40300162,639.8,4.637661038797366e-08,643.8,BID
764,1712459790.593781,1164650.40300162,639.8,0.0,643.8,BID
765,1712459820.413701,1164650.40300162,639.8,0.0,643.8,BID
766,1712459850.4039817,1164650.40300162,639.8,0.0,643.8,BID
767,1712459880.6038897,1164650.40300162,639.8,0.0,643.8,BID
768,1712459887.8040156,1166650.40300162,641.2,8.603934412795365e-07,643.8,BID
769,1712459897.404379,1170020.59551838,640.2,1.449845768634826e-06,643.8,BID
770,1712459897.4122117,1170020.59551839,640.2,4.307008112666671e-18,643.8,BID
771,1712459897.4184914,1173222.27840931,641.2,1.3773534802022234e-06,643.8,BID
772,1712459910.6050434,1173222.27840931,641.2,0.0,643.8,BID
773,1712459932.993733,1173232.27840931,640.0,-4.291825474359816e-09,643.8,ASK
774,1712459940.4090936,1173232.27840931,640.0,-0.0,643.8,ASK
775,1712459942.3139892,1173302.27840931,640.0,-3.0042695800194135e-08,643.8,ASK
776,1712459970.4051762,1173302.27840931,640.0,-0.0,643.8,ASK
777,1712460000.4583187,1173302.27840931,640.0,-0.0,643.8,ASK
778,1712460030.414302,1173302.27840931,640.0,-0.0,643.8,ASK
779,1712460054.6242907,1177824.27840931,639.8,-1.940970124117697e-06,643.8,ASK
780,1712460054.6318753,1182085.10844034,640.0,-1.8288685966768973e-06,643.8,ASK
781,1712460054.6371746,1192085.10844034,639.9,-4.292282450503532e-06,643.8,ASK
782,1712460054.704156,1201811.35335635,639.7,4.174779036228871e-06,643.8,BID
783,1712460054.7242315,1211811.35335635,639.7,4.292282450503532e-06,643.8,BID
784,1712460054.7300203,1226319.46695816,639.7,6.227292140296093e-06,643.8,BID
785,1712460054.7357538,1231229.54795816,639.7,2.107545450685086e-06,643.8,BID
786,1712460054.7511292,1231673.65548914,639.7,1.906234961361501e-07,643.8,BID
787,1712460054.7589166,1240097.2230705,639.7,3.6156331300102e-06,643.8,BID
788,1712460054.774397,1240876.67144947,639.7,3.345612598126993e-07,643.8,BID
789,1712460054.7806091,1241070.1093004,639.7,8.302898928090849e-08,643.8,BID
790,1712460055.1838746,1241707.0093004,641.1,2.7337546927263e-07,643.8,BID
791,1712460060.6138778,1241707.0093004,641.1,0.0,643.8,BID
792,1712460090.5937593,1241707.0093004,641.1,0.0,643.8,BID
793,1712460120.471146,1241707.0093004,641.1,0.0,643.8,BID
794,1712460150.4379914,1241707.0093004,641.1,0.0,643.8,BID
795,1712460180.603822,1241707.0093004,641.1,0.0,643.8,BID
796,1712460210.6043935,1241707.0093004,641.1,0.0,643.8,BID
797,1712460240.403681,1241707.0093004,641.1,0.0,643.8,BID
798,1712460270.4518485,1241707.0093004,641.1,0.0,643.8,BID
799,1712460277.3039637,1241714.80961241,641.0,3.2863816237440822e-09,643.8,BID
800,1712460300.6036706,1241714.80961241,641.0,0.0,643.8,BID
801,1712460330.6139336,1241714.80961241,641.0,0.0,643.8,BID
802,1712460360.574072,1241714.80961241,641.0,0.0,643.8,BID
803,1712460390.6277225,1241714.80961241,641.0,0.0,643.8,BID
804,1712460420.4139695,1241714.80961241,641.0,0.0,643.8,BID
805,1712460431.8044727,1241985.60482455,641.0,1.191777171642053e-07,643.8,BID
806,1712460431.812068,1241996.07665553,641.0,4.608681596891831e-09,643.8,BID
807,1712460450.3937333,1241996.07665553,641.0,0.0,643.8,BID
808,1712460480.5737126,1241996.07665553,641.0,0.0,643.8,BID
809,1712460495.223856,1242011.67363056,641.0,-6.863726963542349e-09,643.8,ASK
810,1712460509.1139033,1242127.79338776,641.0,-5.1100569626641374e-08,643.8,ASK
811,1712460510.5938516,1242127.79338776,641.0,-0.0,643.8,ASK
812,1712460540.3780198,1242127.79338776,641.0,-0.0,643.8,ASK
813,1712460570.4197636,1242127.79338776,641.0,-0.0,643.8,ASK
814,1712460600.483808,1242127.79338776,641.0,-0.0,643.8,ASK
815,1712460630.399765,1242127.79338776,641.0,-0.0,643.8,ASK
816,1712460659.0442753,1242471.13127295,641.0,1.5134347182064686e-07,643.8,BID
817,1712460659.0867825,1244067.46629701,641.0,-7.036650924683511e-07,643.8,ASK
818,1712460660.573942,1244067.46629701,641.0,-0.0,643.8,ASK
819,1712460664.1439445,1244241.90687539,641.1,7.68513548390538e-08,643.8,BID
820,1712460664.1535275,1254241.90687539,641.1,4.405589316012378e-06,643.8,BID
821,1712460664.203816,1254241.9068754,641.1,-4.410751643323625e-18,643.8,ASK
822,1712460664.213836,1255611.16255058,641.1,-6.032378173461811e-07,643.8,ASK
823,1712460690.616866,1255611.16255058,641.1,-0.0,643.8,ASK
824,1712460720.4295244,1255611.16255058,641.1,-0.0,643.8,ASK
825,1712460750.4263678,1255611.16255058,641.1,-0.0,643.8,ASK
826,1712460766.4439414,1255618.98118566,641.7,3.4333752430083673e-09,643.8,BID
827,1712460780.5937784,1255618.98118566,641.7,0.0,643.8,BID
828,1712460810.6237228,1255618.98118566,641.7,0.0,643.8,BID
829,1712460819.0371425,1255634.5647917,641.7,6.843170035047948e-09,643.8,BID
830,1712460828.2942138,1255785.31953107,641.8,6.62003590467458e-08,643.8,BID
831,1712460828.3008318,1256872.65879906,641.7,4.774791840534037e-07,643.8,BID
832,1712460832.4239376,1257243.97385047,641.8,1.6305417544775318e-07,643.8,BID
833,1712460840.4137309,1257243.97385047,641.8,0.0,643.8,BID
834,1712460870.466171,1257243.97385047,641.8,0.0,643.8,BID
835,1712460872.5841062,1257301.80430352,641.8,2.5383244697659734e-08,643.8,BID
836,1712460900.6036706,1257301.80430352,641.8,0.0,643.8,BID
837,1712460913.1939583,1257477.69151952,641.8,7.78750925998498e-08,643.8,BID
838,1712460913.20166,1257529.98689082,641.8,2.31540812069828e-08,643.8,BID
839,1712460913.2996104,1258885.5995047,641.8,-6.00205405692166e-07,643.8,ASK
840,1712460930.5998387,1258885.5995047,641.8,-0.0,643.8,ASK
841,1712460960.4319875,1258885.5995047,641.8,-0.0,643.8,ASK
842,1712460990.4237428,1258885.5995047,641.8,-0.0,643.8,ASK
843,1712461020.640451,1258885.5995047,641.8,-0.0,643.8,ASK
844,1712461050.6152616,1258885.5995047,641.8,-0.0,643.8,ASK
845,1712461059.61408,1258901.18068263,641.8,-6.895554209584711e-09,643.8,ASK
846,1712461080.4338417,1258901.18068263,641.8,-0.0,643.8,ASK
847,1712461110.4518957,1258901.18068263,641.8,-0.0,643.8,ASK
848,1712461140.6043112,1258901.18068263,641.8,-0.0,643.8,ASK
849,1712461145.943957,1258956.96593583,641.1,-2.468802659753665e-08,643.8,ASK
850,1712461146.073985,1259001.18068263,641.1,-1.956744448374335e-08,643.8,ASK
851,1712461170.6238997,1259001.18068263,641.1,-0.0,643.8,ASK
852,1712461200.4533288,1259001.18068263,641.1,-0.0,643.8,ASK
853,1712461230.4707935,1259001.18068263,641.1,-0.0,643.8,ASK
854,1712461260.564301,1259001.18068263,641.1,-0.0,643.8,ASK
855,1712461290.5952623,1259001.18068263,641.1,-0.0,643.8,ASK
856,1712461311.0939672,1259290.50986659,640.5,-1.2886753605240534e-07,643.8,ASK
857,1712461320.5152702,1259290.50986659,640.5,-0.0,643.8,ASK
858,1712461350.4013617,1259290.50986659,640.5,-0.0,643.8,ASK
859,1712461358.8046954,1263125.56269898,641.0,1.707995762839994e-06,643.8,BID
860,1712461380.5937383,1263125.56269898,641.0,0.0,643.8,BID
861,1712461390.0037818,1264686.84294879,640.5,6.945781019786012e-07,643.8,BID
862,1712461410.603767,1264686.84294879,640.5,0.0,643.8,BID
863,1712461440.3975675,1264686.84294879,640.5,0.0,643.8,BID
864,1712461464.7938874,1268129.08061719,640.5,-1.530692341228688e-06,643.8,ASK
865,1712461470.4239938,1268129.08061719,640.5,-0.0,643.8,ASK
866,1712461500.4339826,1268129.08061719,640.5,-0.0,643.8,ASK
867,1712461530.431772,1268129.08061719,640.5,-0.0,643.8,ASK
868,1712461560.6040106,1268129.08061719,640.5,-0.0,643.8,ASK
869,1712461562.3234875,1268144.67637514,641.2,6.993007988865561e-09,643.8,BID
870,1712461564.974117,1278144.67637514,640.6,-4.4839167236026014e-06,643.8,ASK
871,1712461566.0738642,1288144.67637514,640.6,-4.4839167236026014e-06,643.8,ASK
872,1712461590.593778,1288144.67637514,640.6,-0.0,643.8,ASK
873,1712461620.4016988,1288144.67637514,640.6,-0.0,643.8,ASK
874,1712461650.4402242,1288144.67637514,640.6,-0.0,643.8,ASK
875,1712461673.2643154,1298144.67637514,641.4,4.458284804754343e-06,643.8,BID
876,1712461673.2709858,1298265.1514931,641.4,5.3711238775211495e-08,643.8,BID
877,1712461673.2768154,1299643.98035019,641.5,6.147211741921551e-07,643.8,BID
878,1712461680.614013,1299643.98035019,641.5,0.0,643.8,BID
879,1712461710.6040285,1299643.98035019,641.5,0.0,643.8,BID
880,1712461725.9443927,1304157.29576383,642.1,2.005569562375276e-06,643.8,BID
881,1712461725.9512165,1314157.29576383,642.1,4.443672508050643e-06,643.8,BID
882,1712461725.9939313,1315217.87849689,642.1,-4.712882333411938e-07,643.8,ASK
883,1712461736.4339387,1319470.60756523,642.0,1.889773524517044e-06,643.8,BID
884,1712461736.4440527,1320191.47526945,642.0,3.203299999184513e-07,643.8,BID
885,1712461740.4143653,1320191.47526945,642.0,0.0,643.8,BID
886,1712461770.4632802,1320191.47526945,642.0,0.0,643.8,BID
887,1712461800.4852664,1320191.47526945,642.0,0.0,643.8,BID
888,1712461818.234181,1320847.29531944,642.4,2.907133469811298e-07,643.8,BID
889,1712461830.4539084,1320847.29531944,642.4,0.0,643.8,BID
890,1712461846.8452516,1320847.29531945,642.4,4.43718745830237e-18,643.8,BID
891,1712461846.852918,1413079.69829396,643.5,4.087734741691793e-05,643.8,BID
892,1712461846.857894,1418700.53336511,642.9,2.4911508381722862e-06,643.8,BID
893,1712461846.8612664,1418875.28546225,643.3,7.745002793219745e-08,643.8,BID
894,1712461846.864652,1418875.28546226,642.6,4.43718745830237e-18,643.8,BID
895,1712461846.8680856,1423397.28546226,642.9,2.0041477729945828e-06,643.8,BID
896,1712461846.8715105,1435884.72746226,643.4,5.534427039959994e-06,643.8,BID
897,1712461846.8749363,1435896.64088752,642.5,5.2800231542564356e-09,643.8,BID
898,1712461846.944041,1435927.7209186,643.5,1.3774651719031718e-08,643.8,BID
899,1712461860.604101,1435927.7209186,643.5,0.0,643.8,BID
900,1712461890.594844,1435927.7209186,643.5,0.0,643.8,BID
901,1712461920.422581,1435927.7209186,643.5,0.0,643.8,BID
902,1712461940.554319,1436079.19166049,643.4,6.499864961784057e-08,643.8,BID
903,1712461940.5615835,1437482.18206103,643.3,6.020468397004814e-07,643.8,BID
904,1712461950.43411,1437482.18206103,643.3,0.0,643.8,BID
905,1712461980.4356785,1437482.18206103,643.3,0.0,643.8,BID
906,1712461994.824166,1437655.68431503,643.2,7.442080776122863e-08,643.8,BID
907,1712462010.4243145,1437655.68431503,643.2,0.0,643.8,BID
908,1712462040.6146233,1437655.68431503,643.2,0.0,643.8,BID
909,1712462051.244531,1439116.9389844,643.0,6.267500571461289e-07,643.8,BID
910,1712462051.251653,1443798.27296309,643.1,2.007881582975112e-06,643.8,BID
911,1712462051.3060105,1444411.07296308,643.1,-2.628374389923222e-07,643.8,ASK
912,1712462051.313894,1453350.08032963,643.1,-3.834049940268676e-06,643.8,ASK
913,1712462051.32788,1458488.2979759,643.1,-2.2038445939183966e-06,643.8,ASK
914,1712462051.3314066,1462206.14567464,643.1,-1.5946304956211385e-06,643.8,ASK
915,1712462051.3349285,1462958.03216271,643.1,-3.224933403076733e-07,643.8,ASK
916,1712462051.4841745,1477112.85211391,643.1,-6.071175955340616e-06,643.8,ASK
917,1712462051.584085,1481093.57050879,643.1,-1.7073789625934815e-06,643.8,ASK
918,1712462052.0050569,1482145.71596309,643.1,-4.512780950722165e-07,643.8,ASK
919,1712462052.103993,1492799.36647409,643.1,-4.569481423428594e-06,643.8,ASK
920,1712462052.124088,1500332.801673,643.1,-3.23118279133337e-06,643.8,ASK
921,1712462056.764418,1502842.801673,643.2,1.0765697974570946e-06,643.8,BID
922,1712462056.772511,1512051.33203684,643.3,3.9496516608274055e-06,643.8,BID
923,1712462056.8841164,1514081.43203684,643.3,-8.70734799130477e-07,643.8,ASK
924,1712462056.903926,1518356.02794684,643.3,-1.833426634677205e-06,643.8,ASK
925,1712462056.9245508,1521485.52794684,643.3,-1.3422809486621424e-06,643.8,ASK
926,1712462056.9339647,1529649.6147322,643.3,-3.501676994795683e-06,643.8,ASK
927,1712462056.944268,1530955.53529064,643.3,-5.601253510338018e-07,643.8,ASK
928,1712462056.9480274,1531503.43165245,643.3,-2.349994722156124e-07,643.8,ASK
929,1712462057.0041296,1531730.97344536,643.3,-9.759546689491212e-08,643.8,ASK
930,1712462059.7940764,1538731.5597011,643.3,-3.0026373416027225e-06,643.8,ASK
931,1712462070.6140842,1538731.5597011,643.3,-0.0,643.8,ASK
932,1712462075.8939917,1538752.03136831,642.3,-8.542360610789698e-09,643.8,ASK
933,1712462100.3887105,1538752.03136831,642.3,-0.0,643.8,ASK
934,1712462111.914596,1539609.51958772,642.3,-3.579801453690223e-07,643.8,ASK
935,1712462126.6647072,1546536.55573387,642.3,-2.8918664425286094e-06,643.8,ASK
936,1712462130.4132211,1546536.55573387,642.3,-0.0,643.8,ASK
937,1712462132.5041466,1548218.00401247,642.3,7.005009031393181e-07,643.8,BID
938,1712462152.5243912,1548230.45925145,642.3,-5.188923302224281e-09,643.8,ASK
939,1712462152.5326023,1551284.92461031,642.3,-1.272507617225618e-06,643.8,ASK
940,1712462152.6040523,1552454.41782709,642.3,4.872175165874666e-07,643.8,BID
941,1712462152.614035,1554674.36733103,642.3,9.248435721903882e-07,643.8,BID
942,1712462156.7242384,1554981.92783015,642.3,-1.281314508126303e-07,643.8,ASK
943,1712462156.8040566,1555815.91020555,642.3,3.4744179443719266e-07,643.8,BID
944,1712462160.593971,1555815.91020555,642.3,0.0,643.8,BID
945,1712462178.5840647,1556572.45489566,642.2,-3.144001518711149e-07,643.8,ASK
946,1712462178.604063,1556572.45489567,642.2,-4.160607561356833e-18,643.8,ASK
947,1712462190.6040034,1556572.45489567,642.2,-0.0,643.8,ASK
948,1712462220.4191232,1556572.45489567,642.2,-0.0,643.8,ASK
949,1712462247.624316,1556617.12271433,641.1,-1.8559027933938574e-08,643.8,ASK
950,1712462247.6325326,1563856.67451433,641.4,-3.007960722424198e-06,643.8,ASK
951,1712462247.636227,1564526.05185077,642.0,-2.781195289592612e-07,643.8,ASK
952,1712462247.6408422,1571099.27236246,641.1,-2.7311067957268582e-06,643.8,ASK
953,1712462250.4256568,1571099.27236246,641.1,-0.0,643.8,ASK
954,1712462280.6041086,1571099.27236246,641.1,-0.0,643.8,ASK
955,1712462310.5880644,1571099.27236246,641.1,-0.0,643.8,ASK
956,1712462340.4144382,1571099.27236246,641.1,-0.0,643.8,ASK
957,1712462347.825203,1571116.27236246,642.0,-7.036094067283381e-09,643.8,ASK
958,1712462353.664191,1571131.84868644,642.0,6.4468518085741726e-09,643.8,BID
959,1712462370.4033422,1571131.84868644,642.0,0.0,643.8,BID
960,1712462400.5642622,1571131.84868644,642.0,0.0,643.8,BID
961,1712462409.634158,1572689.48108519,642.0,6.447433660063473e-07,643.8,BID
962,1712462430.4298837,1572689.48108519,642.0,0.0,643.8,BID
963,1712462460.6040978,1572689.48108519,642.0,0.0,643.8,BID
964,1712462460.6586854,1573296.9577207,642.0,2.5134587433975497e-07,643.8,BID
965,1712462481.3339722,1573480.36782083,642.0,7.588665849058977e-08,643.8,BID
966,1712462481.337968,1573715.46847937,642.0,9.727383264538285e-08,643.8,BID
967,1712462490.6141975,1573715.46847937,642.0,0.0,643.8,BID
968,1712462510.0442057,1574176.44896075,642.2,1.906805410852044e-07,643.8,BID
969,1712462510.1256332,1574642.87564193,642.2,1.929333139610462e-07,643.8,BID
970,1712462520.4316268,1574642.87564193,642.2,0.0,643.8,BID
971,1712462550.4366906,1574642.87564193,642.2,0.0,643.8,BID
972,1712462580.6038957,1574642.87564193,642.2,0.0,643.8,BID
973,1712462583.0541992,1575804.2399859,643.0,4.802698775124045e-07,643.8,BID
974,1712462583.062281,1579487.77331644,643.0,1.5232860477046374e-06,643.8,BID
975,1712462583.214251,1580244.74043487,641.2,-3.130357042015712e-07,643.8,ASK
976,1712462583.2205005,1580798.57331644,641.2,-2.2903170015082169e-07,643.8,ASK
977,1712462583.2265785,1582174.5154553,641.2,-5.690062433253696e-07,643.8,ASK
978,1712462610.0446124,1582519.91723358,642.4,1.42837233301002e-07,643.8,BID
979,1712462610.053982,1582867.33521245,642.4,1.4367101161992674e-07,643.8,BID
980,1712462610.1041338,1584806.45327997,642.4,-8.019016612704775e-07,643.8,ASK
981,1712462610.6080656,1584806.45327997,642.4,-0.0,643.8,ASK
982,1712462612.1746686,1585004.75327997,642.4,-8.178396438757431e-08,643.8,ASK
983,1712462640.4604816,1585004.75327997,642.4,-0.0,643.8,ASK
984,1712462670.415613,1585004.75327997,642.4,-0.0,643.8,ASK
985,1712462700.6093323,1585004.75327997,642.4,-0.0,643.8,ASK
986,1712462730.6140838,1585004.75327997,642.4,-0.0,643.8,ASK
987,1712462735.234109,1585160.95446697,642.5,6.44230597140266e-08,643.8,BID
988,1712462735.2541258,1585160.95446709,642.5,4.955036499843327e-17,643.8,BID
989,1712462744.1544766,1588888.43191714,642.5,-1.5373474872978497e-06,643.8,ASK
990,1712462760.4198174,1588888.43191714,642.5,-0.0,643.8,ASK
991,1712462778.3542404,1588900.88666819,642.2,-5.1315120106497965e-09,643.8,ASK
992,1712462790.4260092,1588900.88666819,642.2,-0.0,643.8,ASK
993,1712462820.5859213,1588900.88666819,642.2,-0.0,643.8,ASK
994,1712462850.6204586,1588900.88666819,642.2,-0.0,643.8,ASK
995,1712462861.98721,1588932.01507285,642.5,-1.2825246795034602e-08,643.8,ASK
996,1712462862.104006,1588991.61049785,642.2,2.455397383270918e-08,643.8,BID
997,1712462862.2043154,1588991.61049852,642.2,2.760830828261228e-16,643.8,BID
998,1712462880.5964863,1588991.61049852,642.2,0.0,643.8,BID
999,1712462910.6039493,1588991.61049852,642.2,0.0,643.8,BID
1000,1712462940.4396508,1588991.61049852,642.2,0.0,643.8,BID
1201,1712462970.4565115,1588991.61049852,642.2,0.0,643.8,BID
1202,1712463000.4840977,1588991.61049852,642.2,0.0,643.8,BID
1203,1712463024.9057472,1589147.32522913,642.2,-6.427652126813104e-08,643.8,ASK
1204,1712463030.451578,1589147.32522913,642.2,-0.0,643.8,ASK
1205,1712463043.7847717,1589687.22522913,641.9,-2.2285278519610722e-07,643.8,ASK
1206,1712463060.604125,1589687.22522913,641.9,-0.0,643.8,ASK
1207,1712463071.9142077,1590066.03245429,642.2,1.563366752062941e-07,643.8,BID
1208,1712463090.6239812,1590066.03245429,642.2,0.0,643.8,BID
1209,1712463120.4039218,1590066.03245429,642.2,0.0,643.8,BID
1210,1712463148.8444743,1590420.09893109,641.9,-1.461113072828456e-07,643.8,ASK
1211,1712463148.8461964,1590420.63245429,641.6,-2.2016705149247168e-10,643.8,ASK
1212,1712463150.5062551,1590420.63245429,641.6,-0.0,643.8,ASK
1213,1712463180.4789991,1590420.63245429,641.6,-0.0,643.8,ASK
1214,1712463210.4398663,1590420.63245429,641.6,-0.0,643.8,ASK
1215,1712463214.716189,1590494.78901837,641.6,-3.0599041658911103e-08,643.8,ASK
1216,1712463214.7190423,1590494.93245429,641.2,-5.918561289460406e-11,643.8,ASK
1217,1712463240.6042347,1590494.93245429,641.2,-0.0,643.8,ASK
1218,1712463270.623998,1590494.93245429,641.2,-0.0,643.8,ASK
1219,1712463272.2144375,1591500.53193218,641.2,-4.14929891201812e-07,643.8,ASK
1220,1712463272.2172265,1591510.53193218,641.2,-4.126194377829836e-09,643.8,ASK
1221,1712463272.2197485,1592767.37784117,641.0,-5.185990523472542e-07,643.8,ASK
1222,1712463272.2218068,1592841.36678377,641.2,-3.052927589780584e-08,643.8,ASK
1223,1712463272.2239192,1593621.39798501,641.0,-3.218560357087963e-07,643.8,ASK
1224,1712463292.6041162,1594088.45417654,642.0,1.927164631622025e-07,643.8,BID
1225,1712463300.487425,1594088.45417654,642.0,0.0,643.8,BID
1226,1712463330.4240203,1594088.45417654,642.0,0.0,643.8,BID
1227,1712463358.4341495,1594573.39504177,642.6,2.0214960706439605e-07,643.8,BID
1228,1712463360.5940616,1594573.39504177,642.6,0.0,643.8,BID
1229,1712463373.5941048,1594729.06129332,642.4,6.488169311408854e-08,643.8,BID
1230,1712463390.6040733,1594729.06129332,642.4,0.0,643.8,BID
1231,1712463420.410673,1594729.06129332,642.4,0.0,643.8,BID
1232,1712463450.452242,1594729.06129332,642.4,0.0,643.8,BID
1233,1712463480.5997436,1594729.06129332,642.4,0.0,643.8,BID
1234,1712463510.614232,1594729.06129332,642.4,0.0,643.8,BID
1235,1712463530.5040672,1594800.66776903,642.4,2.984433491934221e-08,643.8,BID
1236,1712463540.4240692,1594800.66776903,642.4,0.0,643.8,BID
1237,1712463563.1284006,1594981.16184264,641.2,-7.522535159065659e-08,643.8,ASK
1238,1712463565.5340154,1595136.82809419,642.3,6.48777451216728e-08,643.8,BID
1239,1712463570.4418604,1595136.82809419,642.3,0.0,643.8,BID
1240,1712463600.4286072,1595136.82809419,642.3,0.0,643.8,BID
1241,1712463623.1240606,1595384.18330069,641.2,-1.0358555810285048e-07,643.8,ASK
1242,1712463630.4050708,1595384.18330069,641.2,-0.0,643.8,ASK
1243,1712463647.0358431,1595399.77905864,641.2,-6.5306407800283755e-09,643.8,ASK
1244,1712463647.039315,1595931.60546284,641.2,-2.226994811236892e-07,643.8,ASK
1245,1712463653.1743653,1595939.42166221,642.0,3.272991958094957e-09,643.8,BID
1246,1712463660.594292,1595939.42166221,642.0,0.0,643.8,BID
1247,1712463679.8139806,1596440.92166221,641.2,-2.0996915753037405e-07,643.8,ASK
1248,1712463680.0804904,1597350.19367385,641.2,-3.8069606829511993e-07,643.8,ASK
1249,1712463680.144955,1598266.208427,641.2,-3.835191346048069e-07,643.8,ASK
1250,1712463680.4793663,1599184.55516994,641.2,-3.844954973795699e-07,643.8,ASK
1251,1712463680.5126977,1601872.25516994,641.2,-1.1252923323915784e-06,643.8,ASK
1252,1712463682.0669186,1602513.64851309,641.2,-2.6854001975439106e-07,643.8,ASK
1253,1712463686.5469909,1603141.52906408,641.2,-2.6288245328225805e-07,643.8,ASK
1254,1712463686.7054703,1603544.32906408,641.2,-1.686452176535283e-07,643.8,ASK
1255,1712463690.6253448,1603544.32906408,641.2,-0.0,643.8,ASK
1256,1712463710.3544257,1603879.05840869,641.2,-1.398597027927516e-07,643.8,ASK
1257,1712463713.4242373,1604149.75766095,641.2,-1.1310605890095565e-07,643.8,ASK
1258,1712463720.436192,1604149.75766095,641.2,-0.0,643.8,ASK
1259,1712463722.0139508,1604557.81556782,641.2,-1.7047086850951688e-07,643.8,ASK
1260,1712463724.3842926,1604841.89950318,641.2,-1.1867932069219312e-07,643.8,ASK
1261,1712463727.776042,1605335.11464751,641.2,-2.060462806881734e-07,643.8,ASK
1262,1712463743.3141773,1611767.99212576,641.2,-2.687408312080269e-06,643.8,ASK
1263,1712463750.4140277,1611767.99212576,641.2,-0.0,643.8,ASK
1264,1712463764.7339804,1612033.12001091,641.2,1.1053464688069469e-07,643.8,BID
1265,1712463780.4439442,1612033.12001091,641.2,0.0,643.8,BID
1266,1712463784.5902524,1612447.76982273,641.1,-1.728596836029952e-07,643.8,ASK
1267,1712463784.630056,1612861.6280122,641.1,-1.7252967118033868e-07,643.8,ASK
1268,1712463786.2642124,1613340.28223544,641.1,-1.9954191519199189e-07,643.8,ASK
1269,1712463800.4443283,1613971.88223544,641.1,-2.633021239885425e-07,643.8,ASK
1270,1712463803.314176,1614245.59331651,641.1,-1.1410498575836065e-07,643.8,ASK
1271,1712463803.9842691,1614609.23949851,641.1,-1.515972325853849e-07,643.8,ASK
1272,1712463805.6244285,1615686.08771217,641.1,-4.489177040374061e-07,643.8,ASK
1273,1712463807.4040906,1615822.94325271,641.1,-5.7052492881170094e-08,643.8,ASK
1274,1712463810.4241085,1615822.94325271,641.1,-0.0,643.8,ASK
1275,1712463814.2344942,1616337.57338562,641.1,-2.1432251072450145e-07,643.8,ASK
1276,1712463815.3143032,1616904.00375675,641.2,2.35895202258543e-07,643.8,BID
1277,1712463815.3256023,1617013.60647821,641.2,4.5645073895593455e-08,643.8,BID
1278,1712463840.5840642,1617013.60647821,641.2,0.0,643.8,BID
1279,1712463849.644204,1617023.74687821,641.1,-4.2217218060165134e-09,643.8,ASK
1280,1712463870.584136,1617023.74687821,641.1,-0.0,643.8,ASK
1281,1712463880.3071172,1618542.17897821,641.1,-6.321624943384578e-07,643.8,ASK
1282,1712463900.4260995,1618542.17897821,641.1,-0.0,643.8,ASK
1283,1712463930.4141262,1618542.17897821,641.1,-0.0,643.8,ASK
1284,1712463938.8941576,1619011.47897821,641.1,-1.962273462395183e-07,643.8,ASK
1285,1712463938.933987,1622627.27897821,641.1,-1.5118662657855123e-06,643.8,ASK
1286,1712463945.814211,1629057.2713609,641.1,-2.6885581538378262e-06,643.8,ASK
1287,1712463953.9091697,1629278.98624116,641.1,-9.270514079530777e-08,643.8,ASK
1288,1712463953.9700153,1629503.04583831,641.1,-9.368553195876636e-08,643.8,ASK
1289,1712463960.584015,1629503.04583831,641.1,-0.0,643.8,ASK
1290,1712463978.964397,1630657.94583831,641.1,-4.814810395967457e-07,643.8,ASK
1291,1712463978.9679692,1630964.65154339,641.1,-1.2786646612878054e-07,643.8,ASK
1292,1712463989.8040097,1630964.6515434,641.2,4.173913096654718e-18,643.8,BID
1293,1712463990.6139648,1630964.6515434,641.2,0.0,643.8,BID
1294,1712464020.4264698,1630964.6515434,641.2,0.0,643.8,BID
1295,1712464043.7339964,1631128.1339943,641.3,-6.812967590646966e-08,643.8,ASK
1296,1712464050.4141128,1631128.1339943,641.3,-0.0,643.8,ASK
1297,1712464080.5939004,1631128.1339943,641.3,-0.0,643.8,ASK
1298,1712464089.1745362,1631192.1296943,641.1,-2.6668402567097627e-08,643.8,ASK
1299,1712464089.27472,1631260.55746456,641.3,2.851534281304349e-08,643.8,BID
1300,1712464089.2784777,1631301.17486433,641.2,1.6926155480687656e-08,643.8,BID
1301,1712464093.1268227,1631655.61474731,641.1,-1.4770282198853604e-07,643.8,ASK
1302,1712464110.6040487,1631655.61474731,641.1,-0.0,643.8,ASK
1303,1712464140.3945537,1631655.61474731,641.1,-0.0,643.8,ASK
1304,1712464170.4027624,1631655.61474731,641.1,-0.0,643.8,ASK
1305,1712464200.5039618,1631655.61474731,641.1,-0.0,643.8,ASK
1306,1712464202.8940449,1632008.29162662,641.1,-1.47003962228804e-07,643.8,ASK
1307,1712464221.8641286,1632204.85582916,641.1,-8.193255158158752e-08,643.8,ASK
1308,1712464230.4277022,1632204.85582916,641.1,-0.0,643.8,ASK
1309,1712464260.574168,1632204.85582916,641.1,-0.0,643.8,ASK
1310,1712464290.59406,1632204.85582916,641.1,-0.0,643.8,ASK
1311,1712464320.4139104,1632204.85582916,641.1,-0.0,643.8,ASK
1312,1712464338.075275,1633126.55582916,641.1,-3.841297127800801e-07,643.8,ASK
1313,1712464350.4247837,1633126.55582916,641.1,-0.0,643.8,ASK
1314,1712464380.5840929,1633126.55582916,641.1,-0.0,643.8,ASK
1315,1712464410.5842357,1633126.55582916,641.1,-0.0,643.8,ASK
1316,1712464420.894158,1633438.19692509,641.1,-1.2984824924528448e-07,643.8,ASK
1317,1712464433.7442598,1639959.49692509,641.1,-2.7171621421632035e-06,643.8,ASK
1318,1712464438.3139536,1651519.49692509,641.1,-4.816584785764557e-06,643.8,ASK
1319,1712464438.419457,1653886.99692509,641.1,-9.86441564039584e-07,643.8,ASK
1320,1712464438.5623295,1654827.61692509,641.1,-3.919183374728717e-07,643.8,ASK
1321,1712464440.4659505,1654827.61692509,641.1,-0.0,643.8,ASK
1322,1712464442.1517303,1656326.4421562,641.1,-6.209006612595593e-07,643.8,ASK
1323,1712464447.2601874,1659388.9421562,641.1,-1.2686657761286874e-06,643.8,ASK
1324,1712464447.4552386,1660239.40885181,641.1,-3.523128132106516e-07,643.8,ASK
1325,1712464456.855055,1660394.77135346,641.1,-6.436019224063516e-08,643.8,ASK
1326,1712464470.3991425,1660394.77135346,641.1,-0.0,643.8,ASK
1327,1712464488.0229478,1660680.16086654,641.1,-1.1805040850405297e-07,643.8,ASK
1328,1712464490.6241612,1661420.51844555,641.1,-3.062464128340572e-07,643.8,ASK
1329,1712464499.2541523,1662420.51844555,641.1,-4.136466236268386e-07,643.8,ASK
1330,1712464500.6041486,1662420.51844555,641.1,-0.0,643.8,ASK
1331,1712464530.6340554,1662420.51844555,641.1,-0.0,643.8,ASK
1332,1712464532.57433,1663374.76272324,641.1,-3.953476699078772e-07,643.8,ASK
1333,1712464540.1041028,1664633.40991753,641.1,-5.214631589964742e-07,643.8,ASK
1334,1712464552.554137,1665156.86068992,641.1,-2.1686799492978419e-07,643.8,ASK
1335,1712464552.5739715,1665541.47402474,641.1,-1.5934702391375178e-07,643.8,ASK
1336,1712464552.5940895,1665933.66350221,641.1,-1.624858536804486e-07,643.8,ASK
1337,1712464553.726243,1666125.82508884,641.1,-7.961340434112208e-08,643.8,ASK
1338,1712464560.4240253,1666125.82508884,641.1,-0.0,643.8,ASK
1339,1712464564.2842612,1667342.93578605,641.1,-5.037586191120001e-07,643.8,ASK
1340,1712464564.4110136,1667768.56727611,641.1,-1.7616765030054512e-07,643.8,ASK
1341,1712464565.565759,1668343.97037934,641.1,-2.381576904881177e-07,643.8,ASK
1342,1712464565.5844123,1668855.19201055,641.1,-2.1159316370228017e-07,643.8,ASK
1343,1712464566.424158,1669366.41364176,641.1,-2.1159316370218384e-07,643.8,ASK
1344,1712464566.4842424,1669774.62045698,641.1,-1.6895562746987717e-07,643.8,ASK
1345,1712464568.2941222,1670900.53976984,641.1,-4.660147672499941e-07,643.8,ASK
1346,1712464568.3141072,1672042.77737321,641.1,-4.727688607868743e-07,643.8,ASK
1347,1712464568.4971569,1673484.49925881,641.1,-5.967245443641016e-07,643.8,ASK
1348,1712464568.6743307,1674385.02845895,641.1,-3.7272644745668523e-07,643.8,ASK
1349,1712464573.574201,1674724.65755104,641.1,-1.4057150498604685e-07,643.8,ASK
1350,1712464582.004374,1674732.44813999,641.8,3.224502373150945e-09,643.8,BID
1351,1712464582.012757,1674732.44814,641.3,4.143821168875054e-18,643.8,BID
1352,1712464590.414104,1674732.44814,641.3,0.0,643.8,BID
1353,1712464606.5740929,1674978.16975916,641.1,-1.0147173428026173e-07,643.8,ASK
1354,1712464619.1842155,1675342.77050753,641.1,-1.505633504430274e-07,643.8,ASK
1355,1712464619.264142,1675704.36022133,641.1,-1.4931993156577346e-07,643.8,ASK
1356,1712464620.5740497,1675704.36022133,641.1,-0.0,643.8,ASK
1357,1712464629.4241405,1675899.53086089,641.1,-8.057577040119434e-08,643.8,ASK
1358,1712464650.6040535,1675899.53086089,641.1,-0.0,643.8,ASK
1359,1712464680.4184585,1675899.53086089,641.1,-0.0,643.8,ASK
1360,1712464710.4240866,1675899.53086089,641.1,-0.0,643.8,ASK
1361,1712464740.5908215,1675899.53086089,641.1,-0.0,643.8,ASK
1362,1712464748.554178,1676115.32747289,641.2,-8.90865559209696e-08,643.8,ASK
1363,1712464748.5940895,1676211.44601996,641.2,-3.968028153563745e-08,643.8,ASK
1364,1712464770.604251,1676211.44601996,641.2,-0.0,643.8,ASK
1365,1712464783.914206,1676241.85989946,641.1,-1.2554618268562274e-08,643.8,ASK
1366,1712464783.9181404,1676314.38704031,641.1,-2.9938652432732135e-08,643.8,ASK
1367,1712464788.5464842,1676365.85755049,641.1,-2.1246635352665527e-08,643.8,ASK
1368,1712464800.4441514,1676365.85755049,641.1,-0.0,643.8,ASK
1369,1712464830.4039783,1676365.85755049,641.1,-0.0,643.8,ASK
1370,1712464831.624195,1676964.55687886,641.2,2.47258563655429e-07,643.8,BID
1371,1712464831.6279562,1677145.88875173,641.2,7.488877355656507e-08,643.8,BID
1372,1712464860.5738995,1677145.88875173,641.2,0.0,643.8,BID
1373,1712464890.6040826,1677145.88875173,641.2,0.0,643.8,BID
1374,1712464908.794317,1677589.72404506,641.2,1.8326296388085602e-07,643.8,BID
1375,1712464920.4315844,1677589.72404506,641.2,0.0,643.8,BID
1376,1712464950.3987343,1677589.72404506,641.2,0.0,643.8,BID
1377,1712464980.614004,1677589.72404506,641.2,0.0,643.8,BID
1378,1712465010.6041443,1677589.72404506,641.2,0.0,643.8,BID
1379,1712465040.417884,1677589.72404506,641.2,0.0,643.8,BID
1380,1712465057.074588,1677605.39802625,641.1,-6.471145476344584e-09,643.8,ASK
1381,1712465066.5340166,1677605.39802626,641.2,4.133428563650948e-18,643.8,BID
1382,1712465070.403957,1677605.39802626,641.2,0.0,643.8,BID
1383,1712465100.4540498,1677605.39802626,641.2,0.0,643.8,BID
1384,1712465128.514494,1680805.39802625,641.2,1.3217617746062791e-06,643.8,BID
1385,1712465128.519173,1680805.39802626,641.2,4.135345538688694e-18,643.8,BID
1386,1712465130.429562,1680805.39802626,641.2,0.0,643.8,BID
1387,1712465137.884255,1681039.04288607,642.0,9.642541705876205e-08,643.8,BID
1388,1712465153.1442533,1681098.09800418,641.2,-2.4372093603289444e-08,643.8,ASK
1389,1712465160.6038983,1681098.09800418,641.2,-0.0,643.8,ASK
1390,1712465190.6040094,1681098.09800418,641.2,-0.0,643.8,ASK
1391,1712465220.4038994,1681098.09800418,641.2,-0.0,643.8,ASK
1392,1712465247.9442792,1681105.91420355,642.0,3.225501534622329e-09,643.8,BID
1393,1712465250.4459033,1681105.91420355,642.0,0.0,643.8,BID
1394,1712465280.5841236,1681105.91420355,642.0,0.0,643.8,BID
1395,1712465310.593979,1681105.91420355,642.0,0.0,643.8,BID
1396,1712465340.4258924,1681105.91420355,642.0,0.0,643.8,BID
1397,1712465354.3467228,1681185.91420355,641.6,-3.3013434818501826e-08,643.8,ASK
1398,1712465356.694253,1681193.73040292,642.0,3.2254948553579442e-09,643.8,BID
1399,1712465370.4141698,1681193.73040292,642.0,0.0,643.8,BID
1400,1712465400.4795735,1681193.73040292,642.0,0.0,643.8,BID
1401,1712465417.9350607,1681932.48474498,642.0,3.055108141169273e-07,643.8,BID
1402,1712465417.939011,1681979.37048005,642.0,1.9389529477137205e-08,643.8,BID
1403,1712465430.444189,1681979.37048005,642.0,0.0,643.8,BID
1404,1712465457.4442756,1682168.91223593,642.0,-7.836837872668408e-08,643.8,ASK
1405,1712465460.5943494,1682168.91223593,642.0,-0.0,643.8,ASK
1406,1712465490.6141453,1682168.91223593,642.0,-0.0,643.8,ASK
1407,1712465520.454296,1682168.91223593,642.0,-0.0,643.8,ASK
1408,1712465550.4141302,1682168.91223593,642.0,-0.0,643.8,ASK
1409,1712465554.3041904,1682176.72721802,642.1,3.231038253857761e-09,643.8,BID
1410,1712465556.3239903,1682184.54220011,642.1,3.231038253857761e-09,643.8,BID
1411,1712465580.6040578,1682184.54220011,642.1,0.0,643.8,BID
1412,1712465610.5960016,1682184.54220011,642.1,0.0,643.8,BID
1413,1712465640.407437,1682184.54220011,642.1,0.0,643.8,BID
1414,1712465654.0644138,1683785.45894543,642.1,6.618827430678188e-07,643.8,BID
1415,1712465654.0841677,1684118.48893878,642.1,1.3768786301151537e-07,643.8,BID
1416,1712465654.094185,1684164.017351,642.1,1.882325889577628e-08,643.8,BID
1417,1712465654.0980196,1684546.49081953,642.1,1.581297648621312e-07,643.8,BID
1418,1712465670.4043212,1684546.49081953,642.1,0.0,643.8,BID
1419,1712465671.9142606,1684554.29122369,643.3,3.2229768607468077e-09,643.8,BID
1420,1712465700.683248,1684554.29122369,643.3,0.0,643.8,BID
1421,1712465702.1645515,1684562.09162785,643.3,3.2261857786121504e-09,643.8,BID
1422,1712465730.5941908,1684562.09162785,643.3,0.0,643.8,BID
1423,1712465760.3940604,1684562.09162785,643.3,0.0,643.8,BID
1424,1712465790.3805027,1684562.09162785,643.3,0.0,643.8,BID
1425,1712465820.5947032,1684562.09162785,643.3,0.0,643.8,BID
1426,1712465850.6143064,1684562.09162785,643.3,0.0,643.8,BID
1427,1712465880.4236257,1684562.09162785,643.3,0.0,643.8,BID
1428,1712465910.3971312,1684562.09162785,643.3,0.0,643.8,BID
1429,1712465919.734503,1684630.52233769,643.1,2.830234436444253e-08,643.8,BID
1430,1712465919.7387888,1684834.46904088,643.1,8.43505765053311e-08,643.8,BID
1431,1712465940.594331,1684834.46904088,643.1,0.0,643.8,BID
1432,1712465951.5945702,1684850.01872211,643.1,6.430746558805065e-09,643.8,BID
1433,1712465970.614155,1684850.01872211,643.1,0.0,643.8,BID
1434,1712466000.5473585,1684850.01872211,643.1,0.0,643.8,BID
1435,1712466030.368164,1684850.01872211,643.1,0.0,643.8,BID
1436,1712466060.5643678,1684850.01872211,643.1,0.0,643.8,BID
1437,1712466084.8144083,1684859.39665271,642.1,-3.8810845915357e-09,643.8,ASK
1438,1712466090.5943716,1684859.39665271,642.1,-0.0,643.8,ASK
1439,1712466120.414463,1684859.39665271,642.1,-0.0,643.8,ASK
1440,1712466150.402716,1684859.39665271,642.1,-0.0,643.8,ASK
1441,1712466180.595268,1684859.39665271,642.1,-0.0,643.8,ASK
1442,1712466210.6143072,1684859.39665271,642.1,-0.0,643.8,ASK
1443,1712466240.424384,1684859.39665271,642.1,-0.0,643.8,ASK
1444,1712466270.4043012,1684859.39665271,642.1,-0.0,643.8,ASK
1445,1712466300.5845573,1684859.39665271,642.1,-0.0,643.8,ASK
1446,1712466330.6144223,1684859.39665271,642.1,-0.0,643.8,ASK
1447,1712466360.4150057,1684859.39665271,642.1,-0.0,643.8,ASK
1448,1712466390.4106224,1684859.39665271,642.1,-0.0,643.8,ASK
1449,1712466420.574895,1684859.39665271,642.1,-0.0,643.8,ASK
1450,1712466450.5944018,1684859.39665271,642.1,-0.0,643.8,ASK
1451,1712466480.4244,1684859.39665271,642.1,-0.0,643.8,ASK
1452,1712466504.8245268,1684869.39665271,642.3,-4.16251075684934e-09,643.8,ASK
1453,1712466510.3957236,1684869.39665271,642.3,-0.0,643.8,ASK
1454,1712466540.6159678,1684869.39665271,642.3,-0.0,643.8,ASK
1455,1712466561.9045143,1685025.08714002,642.6,6.480615955222825e-08,643.8,BID
1456,1712466568.9159796,1685127.73320478,642.9,4.2726420638614664e-08,643.8,BID
1457,1712466568.9209042,1685717.37260902,642.9,2.45437380084518e-07,643.8,BID
1458,1712466568.9253252,1685762.64788213,643.4,1.8845830748126003e-08,643.8,BID
1459,1712466568.928788,1686543.15149771,643.1,3.248846009559836e-07,643.8,BID
1460,1712466568.930704,1686749.57354051,643.9,8.592316763801268e-08,643.9,BID
1461,1712466568.9326892,1686749.57354083,644.0,1.332591517967499e-16,644.0,BID
1462,1712466568.9346497,1686759.57354083,644.0,4.1624996280708405e-09,644.0,BID
1463,1712466568.9366565,1686775.11355637,643.5,6.468530890485279e-09,644.0,BID
1464,1712466568.938634,1686794.11355637,644.0,7.908749293334598e-09,644.0,BID
1465,1712466568.940641,1688032.08976861,643.4,5.153075523009786e-07,644.0,BID
1466,1712466568.942629,1688054.00491233,643.7,9.122177758406504e-09,644.0,BID
1467,1712466568.9446514,1688196.62248714,643.8,5.936456021022312e-08,644.0,BID
1468,1712466568.9466605,1688274.25018471,644.1,3.2312526226318985e-08,644.1,BID
1469,1712466568.9487183,1688284.25018471,643.9,4.1624996280708405e-09,644.1,BID
1470,1712466568.950765,1688486.05086773,644.2,8.399952680158097e-08,644.2,BID
1471,1712466568.9528143,1688688.86805354,644.0,8.442264604998161e-08,644.2,BID
1472,1712466568.954864,1690374.21938379,644.4,7.015274285334472e-07,644.4,BID
1473,1712466570.6049848,1690374.21938379,644.4,0.0,644.4,BID
1474,1712466572.2245598,1690686.37796034,642.7,-1.2974463507979408e-07,644.4,ASK
1475,1712466575.274809,1690912.47744702,642.8,-9.397529843723685e-08,644.4,ASK
1476,1712466595.1844842,1691185.38716779,643.2,1.1343136082431388e-07,644.4,BID
1477,1712466600.4206204,1691185.38716779,643.2,0.0,644.4,BID
1478,1712466628.0970783,1693186.15997379,644.6,-8.318920578760171e-07,644.6,ASK
1479,1712466628.1160622,1693186.15997406,644.6,-1.1229678689043e-16,644.6,ASK
1480,1712466630.4765654,1693186.15997406,644.6,-0.0,644.6,ASK
1481,1712466645.205105,1695186.93278032,644.6,8.314462052494084e-07,644.6,BID
1482,1712466645.2096972,1695232.93936212,644.7,1.9118611435777172e-08,644.7,BID
1483,1712466645.2140894,1696035.34968719,644.9,3.334516631498104e-07,644.9,BID
1484,1712466645.2171755,1697677.92524563,644.5,6.825928514358855e-07,644.9,BID
1485,1712466645.2191951,1697710.79796122,644.7,1.36606687915216e-08,644.9,BID
1486,1712466660.594405,1697710.79796122,644.7,0.0,644.9,BID
1487,1712466686.7645338,1697720.79796122,643.9,-4.150594522087938e-09,644.9,ASK
1488,1712466690.585046,1697720.79796122,643.9,-0.0,644.9,ASK
1489,1712466720.404376,1697720.79796122,643.9,-0.0,644.9,ASK
1490,1712466750.4044435,1697720.79796122,643.9,-0.0,644.9,ASK
1491,1712466780.5949216,1697720.79796122,643.9,-0.0,644.9,ASK
1492,1712466810.6044445,1697720.79796122,643.9,-0.0,644.9,ASK
1493,1712466840.4243305,1697720.79796122,643.9,-0.0,644.9,ASK
1494,1712466870.4162738,1697720.79796122,643.9,-0.0,644.9,ASK
1495,1712466900.4044275,1697720.79796122,643.9,-0.0,644.9,ASK
1496,1712466928.0846603,1697736.32832307,643.9,6.453462386910392e-09,644.9,BID
1497,1712466930.3744876,1697736.32832307,643.9,0.0,644.9,BID
1498,1712466954.8645794,1697891.63194164,643.9,6.453435573297512e-08,644.9,BID
1499,1712466957.6347177,1697920.79796122,643.9,1.2119552011804631e-08,644.9,BID
1500,1712466957.639362,1697969.79796122,643.9,2.036129911222019e-08,644.9,BID
1501,1712466957.7344868,1698202.23917877,643.9,-9.658786033766845e-08,644.9,ASK
1502,1712466960.4344478,1698202.23917877,643.9,-0.0,644.9,ASK
1503,1712466990.4043908,1698202.23917877,643.9,-0.0,644.9,ASK
1504,1712466996.1847353,1698212.08606588,644.6,4.0912331209239835e-09,644.9,BID
1505,1712466997.814546,1698212.08606589,643.9,-4.159717736199097e-18,644.9,ASK
1506,1712467020.564457,1698212.08606589,643.9,-0.0,644.9,ASK
1507,1712467022.9669158,1698250.89388954,643.9,1.6124023052212292e-08,644.9,BID
1508,1712467050.6044905,1698250.89388954,643.9,0.0,644.9,BID
1509,1712467080.425727,1698250.89388954,643.9,0.0,644.9,BID
1510,1712467110.4148066,1698250.89388954,643.9,0.0,644.9,BID
1511,1712467140.6144102,1698250.89388954,643.9,0.0,644.9,BID
1512,1712467170.6048396,1698250.89388954,643.9,0.0,644.9,BID
1513,1712467200.4345045,1698250.89388954,643.9,0.0,644.9,BID
1514,1712467230.3974247,1698250.89388954,643.9,0.0,644.9,BID
1515,1712467260.6097815,1698250.89388954,643.9,0.0,644.9,BID
1516,1712467290.5946598,1698250.89388954,643.9,0.0,644.9,BID
1517,1712467320.4221964,1698250.89388954,643.9,0.0,644.9,BID
1518,1712467328.1544044,1698312.08606589,643.9,2.55196840368836e-08,644.9,BID
1519,1712467328.1644242,1714054.29088729,644.0,6.5651545189160685e-06,644.9,BID
1520,1712467328.2944844,1716946.69088729,644.0,-1.2062511665900909e-06,644.9,ASK
1521,1712467328.3043773,1717270.61849928,644.0,-1.3509129437613777e-07,644.9,ASK
1522,1712467328.398723,1717708.85556381,643.4,1.8276309304815202e-07,644.9,BID
1523,1712467328.4045436,1718078.630726,643.3,1.5421163074528593e-07,644.9,BID
1524,1712467328.4073322,1718565.70430994,643.4,2.0312995396309854e-07,644.9,BID
1525,1712467328.4096615,1719132.69770184,643.4,2.364598397275767e-07,644.9,BID
1526,1712467328.4141688,1719502.47286404,643.4,1.5421163074946122e-07,644.9,BID
1527,1712467336.374631,1720279.95692561,643.1,-3.242432085030208e-07,644.9,ASK
1528,1712467336.3795953,1721057.67904758,643.0,-3.2434248959660615e-07,644.9,ASK
1529,1712467336.3841164,1722612.64717073,643.1,-6.484864170100228e-07,644.9,ASK
1530,1712467350.3943026,1722612.64717073,643.1,-0.0,644.9,ASK
1531,1712467380.6143022,1722612.64717073,643.1,-0.0,644.9,ASK
1532,1712467410.604224,1722612.64717073,643.1,-0.0,644.9,ASK
1533,1712467440.414246,1722612.64717073,643.1,-0.0,644.9,ASK
1534,1712467470.4140697,1722612.64717073,643.1,-0.0,644.9,ASK
1535,1712467488.6844883,1722740.71750544,643.2,-5.306356105975223e-08,644.9,ASK
1536,1712467500.431019,1722740.71750544,643.2,-0.0,644.9,ASK
1537,1712467501.217233,1722748.50580281,644.3,3.2378092105633435e-09,644.9,BID
1538,1712467504.34177,1722748.50580282,644.3,4.162146123752759e-18,644.9,BID
1539,1712467504.3469577,1722756.29289157,644.4,3.2373067540570203e-09,644.9,BID
1540,1712467506.6044948,1722756.29289159,644.4,8.324292247505518e-18,644.9,BID
1541,1712467506.6140912,1722764.07877209,644.5,3.236804451356514e-09,644.9,BID
1542,1712467530.4241552,1722764.07877209,644.5,0.0,644.9,BID
1543,1712467533.714322,1722764.0787721,644.4,-4.1621200757010375e-18,644.9,ASK
1544,1712467533.719204,1722927.04897693,644.4,-6.775076796413678e-08,644.9,ASK
1545,1712467533.7235763,1723081.84897692,643.1,-6.435421058154004e-08,644.9,ASK
1546,1712467560.5742607,1723081.84897692,643.1,-0.0,644.9,ASK
1547,1712467590.6140969,1723081.84897692,643.1,-0.0,644.9,ASK
1548,1712467620.414038,1723081.84897692,643.1,-0.0,644.9,ASK
1549,1712467645.824362,1723704.5330385,643.1,-2.588432401381482e-07,644.9,ASK
1550,1712467645.8300965,1724482.01710007,643.1,-3.231919781949212e-07,644.9,ASK
1551,1712467649.666504,1724489.81993011,643.1,3.243554692363452e-09,644.9,BID
1552,1712467650.4206047,1724489.81993011,643.1,0.0,644.9,BID
1553,1712467651.6643872,1724503.21039609,643.0,-5.564182089485254e-09,644.9,ASK
1554,1712467653.834095,1724666.51003844,643.1,6.78564096671187e-08,644.9,BID
1555,1712467680.5939586,1724666.51003844,643.1,0.0,644.9,BID
1556,1712467704.444452,1724674.31286848,643.1,3.2421812175840583e-09,644.9,BID
1557,1712467706.2539406,1724682.11569852,643.1,3.2421812175840583e-09,644.9,BID
1558,1712467708.0141163,1724689.91852856,643.1,3.2421812175840583e-09,644.9,BID
1559,1712467709.8444104,1724697.7213586,643.1,3.2421812175840583e-09,644.9,BID
1560,1712467710.5840893,1724697.7213586,643.1,0.0,644.9,BID
1561,1712467711.634163,1724705.52418864,643.1,3.2421541774120517e-09,644.9,BID
1562,1712467713.514167,1724713.32701868,643.1,3.2421541774120517e-09,644.9,BID
1563,1712467715.245366,1724721.12984872,643.1,3.2421541774120517e-09,644.9,BID
1564,1712467717.754216,1724728.93267876,643.1,3.2421541774120517e-09,644.9,BID
1565,1712467719.4940898,1724736.7355088,643.1,3.2421541774120517e-09,644.9,BID
1566,1712467721.444072,1724744.53833884,643.1,3.2421541774120517e-09,644.9,BID
1567,1712467723.1141696,1724752.34116888,643.1,3.2421541774120517e-09,644.9,BID
1568,1712467740.5195618,1724752.34116888,643.1,0.0,644.9,BID
1569,1712467770.4137928,1724752.34116888,643.1,0.0,644.9,BID
1570,1712467782.1339886,1725213.97856673,643.0,-1.9181217146839777e-07,644.9,ASK
1571,1712467800.5155563,1725213.97856673,643.0,-0.0,644.9,ASK
1572,1712467830.4654331,1725213.97856673,643.0,-0.0,644.9,ASK
1573,1712467860.584097,1725213.97856673,643.0,-0.0,644.9,ASK
1574,1712467860.596627,1725221.78989923,642.4,-3.259789164825701e-09,644.9,ASK
1575,1712467860.6004071,1727102.3426946,642.3,-7.847835982109387e-07,644.9,ASK
1576,1712467860.6026895,1728734.91825305,642.9,-6.812988841716317e-07,644.9,ASK
1577,1712467860.605012,1728751.24795757,643.0,-6.8146367932476785e-09,644.9,ASK
1578,1712467860.6073382,1738751.24795757,642.2,-4.173153767036285e-06,644.9,ASK
1579,1712467860.6998794,1744233.70317646,642.2,2.2879128649318474e-06,644.9,BID
1580,1712467860.7023838,1744233.70317647,642.2,4.178043733876204e-18,644.9,BID
1581,1712467875.4864285,1744241.50600651,643.1,3.2562409574924827e-09,644.9,BID
1582,1712467878.0943525,1744249.30883655,643.1,3.2562409574924827e-09,644.9,BID
1583,1712467879.8648317,1744257.11166659,643.1,3.2562409574924827e-09,644.9,BID
1584,1712467881.54447,1744264.91449663,643.1,3.2562409574924827e-09,644.9,BID
1585,1712467883.334453,1744272.71732667,643.1,3.2562409574924827e-09,644.9,BID
1586,1712467885.8042138,1744280.52015671,643.1,3.2562409574924827e-09,644.9,BID
1587,1712467890.5955136,1744280.52015671,643.1,0.0,644.9,BID
1588,1712467920.4350934,1744280.52015671,643.1,0.0,644.9,BID
1589,1712467950.424567,1744280.52015671,643.1,0.0,644.9,BID
