,time,acc_trade_volume,trade_price,dev,high,ask_bid
0,1712451675.0847957,2677919.66877852,582.7,0.0,594.2,BID
1,1712451690.5242412,2677919.66877852,582.7,0.0,594.2,BID
2,1712451707.955937,2678496.39680298,582.7,1.3817960689125202e-07,594.2,BID
3,1712451707.9571362,2678569.85750993,582.7,1.7600621398332842e-08,594.2,BID
4,1712451708.034247,2682738.81631042,582.7,9.988505218504082e-07,594.2,BID
5,1712451720.354638,2682738.81631042,582.7,0.0,594.2,BID
6,1712451747.0543904,2682757.91065652,581.9,-4.571782819963811e-09,594.2,ASK
7,1712451747.0557098,2682807.91065652,581.9,-1.1971561623584738e-08,594.2,ASK
8,1712451747.274274,2682827.00828457,581.8,-4.5725686213018434e-09,594.2,ASK
9,1712451750.3550496,2682827.00828457,581.8,-0.0,594.2,ASK
10,1712451780.5343068,2682827.00828457,581.8,-0.0,594.2,ASK
11,1712451803.1660452,2682844.19632169,581.8,4.115302347086572e-09,594.2,BID
12,1712451810.5342286,2682844.19632169,581.8,0.0,594.2,BID
13,1712451834.034189,2682944.89215721,581.8,2.4109374048672155e-08,594.2,BID
14,1712451840.344689,2682944.89215721,581.8,0.0,594.2,BID
15,1712451870.3442209,2682944.89215721,581.8,0.0,594.2,BID
16,1712451871.6030817,2683011.89490776,581.7,-1.6042090602902092e-08,594.2,ASK
17,1712451871.6038785,2683031.01225118,581.2,-4.57715769451141e-09,594.2,ASK
18,1712451871.6075363,2683203.18855971,580.8,-4.122320230796847e-08,594.2,ASK
19,1712451871.6083474,2683222.30261441,581.3,-4.5763702947690724e-09,594.2,ASK
20,1712451871.611767,2683278.75539197,581.7,-1.3516170082092664e-08,594.2,ASK
21,1712451871.6125407,2683297.86287262,581.5,-4.574796307159346e-09,594.2,ASK
22,1712451871.6133988,2683316.990089,580.9,-4.579521521613483e-09,594.2,ASK
23,1712451871.6141791,2683336.11401326,581.0,-4.5787333078778715e-09,594.2,ASK
24,1712451871.615016,2683355.23464654,581.1,-4.577945367071382e-09,594.2,ASK
25,1712451871.6158264,2683555.23464654,580.9,-4.7884871803725056e-08,594.2,ASK
26,1712451871.6166468,2689053.26408868,580.8,-1.3163621750498755e-06,594.2,ASK
27,1712451871.617462,2689072.3649998,581.7,-4.573223401566429e-09,594.2,ASK
28,1712451871.6235726,2689091.46919512,581.6,-4.574009719068978e-09,594.2,ASK
29,1712451871.6243677,2689110.57996223,581.4,-4.575583165614554e-09,594.2,ASK
30,1712451871.6254556,2689282.72663119,580.9,-4.121610587302095e-08,594.2,ASK
31,1712451871.694492,2690720.72663119,580.8,3.442922282687831e-07,594.2,BID
32,1712451871.7047524,2691537.84791521,580.8,1.9563873966688495e-07,594.2,BID
33,1712451872.1056178,2692729.84791521,580.8,2.853938359502013e-07,594.2,BID
34,1712451872.2092464,2693297.61024163,580.8,1.359361310781002e-07,594.2,BID
35,1712451897.1445484,2693306.61024163,581.7,2.154819231167627e-09,594.2,BID
36,1712451900.534362,2693306.61024163,581.7,0.0,594.2,BID
37,1712451915.9375448,2693325.74404565,580.7,-4.5925386228622145e-09,594.2,ASK
38,1712451915.938663,2716705.1351202,580.5,-5.611573964936825e-06,594.2,ASK
39,1712451915.9397955,2716877.34107852,580.7,-4.13332609576166e-08,594.2,ASK
40,1712451915.9445405,2718668.75771647,580.6,-4.299798456606744e-07,594.2,ASK
41,1712451915.947817,2718687.89481602,580.6,-4.593329623399722e-09,594.2,ASK
42,1712451915.9484887,2718879.27083055,580.5,-4.5934500912645344e-08,594.2,ASK
43,1712451915.949142,2719051.50644887,580.6,-4.1340380017444564e-08,594.2,ASK
44,1712451916.4790676,2719060.10366392,581.7,2.063522868972385e-09,594.2,BID
45,1712451923.8343165,2722321.32602923,580.5,-7.827659180980337e-07,594.2,ASK
46,1712451930.5246155,2722321.32602923,580.5,-0.0,594.2,ASK
47,1712451942.1843424,2729275.63345133,580.5,-1.6624675254194916e-06,594.2,ASK
48,1712451947.0743988,2730998.28633678,580.5,-4.1181016394671394e-07,594.2,ASK
49,1712451953.1265905,2740601.17575952,580.5,-2.295626414898738e-06,594.2,ASK
50,1712451960.3352067,2740601.17575952,580.5,-0.0,594.2,ASK
51,1712451961.1357431,2742323.82864497,580.5,-4.107681563157203e-07,594.2,ASK
52,1712451976.7446802,2743862.28713618,581.6,3.668468345191049e-07,594.2,BID
53,1712451976.7462869,2746064.71176709,581.7,5.25170167887272e-07,594.2,BID
54,1712451976.747862,2746236.6216863,581.6,4.099207748851655e-08,594.2,BID
55,1712451977.1843066,2746336.34497997,580.5,2.3779110596532104e-08,594.2,BID
56,1712451990.344482,2746336.34497997,580.5,0.0,594.2,BID
57,1712452001.0246038,2746592.27794801,580.4,-6.097897539230472e-08,594.2,ASK
58,1712452001.0261457,2746611.42164201,580.4,-4.5612054371237075e-09,594.2,ASK
59,1712452015.4243257,2746714.67114407,580.4,-2.4600382254781387e-08,594.2,ASK
60,1712452020.544201,2746714.67114407,580.4,-0.0,594.2,ASK
61,1712452021.4541974,2746731.84147374,582.4,4.090814650701446e-09,594.2,BID
62,1712452024.2044623,2747261.17085512,582.4,1.261122197428728e-07,594.2,BID
63,1712452024.3042696,2747629.94779075,582.4,-8.786075282850956e-08,594.2,ASK
64,1712452033.934642,2748283.94779075,582.5,1.5581487560137128e-07,594.2,BID
65,1712452034.0154707,2752303.17389066,582.5,9.575767809958632e-07,594.2,BID
66,1712452050.5447152,2752303.17389066,582.5,0.0,594.2,BID
67,1712452061.5152204,2752475.17389066,582.5,4.094707923724456e-08,594.2,BID
68,1712452066.064582,2753614.17389066,582.5,2.7115536773966017e-07,594.2,BID
69,1712452066.1243532,2754645.96012243,582.5,2.456315848150671e-07,594.2,BID
70,1712452066.1262865,2757385.48620062,582.6,6.521836709077466e-07,594.2,BID
71,1712452080.3272336,2757385.48620062,582.6,0.0,594.2,BID
72,1712452084.4062755,2757474.02253037,580.4,-2.1062503731534643e-08,594.2,ASK
73,1712452090.2742617,2757491.18696566,582.6,4.0833631049747105e-09,594.2,BID
74,1712452110.3644724,2757491.18696566,582.6,0.0,594.2,BID
75,1712452110.7146797,2758541.21121546,582.6,2.497936922678513e-07,594.2,BID
76,1712452140.5243382,2758541.21121546,582.6,0.0,594.2,BID
77,1712452145.8042536,2759945.10350352,582.6,3.339279171707066e-07,594.2,BID
78,1712452168.8449218,2759954.64162165,582.4,-2.268723852953969e-09,594.2,ASK
79,1712452168.8467069,2759964.17810233,582.5,-2.2683343712161896e-09,594.2,ASK
80,1712452168.8485518,2759973.71785846,582.3,-2.269113465390393e-09,594.2,ASK
81,1712452168.8499532,2759975.72753727,581.8,-4.780194784431e-10,594.2,ASK
82,1712452168.8513744,2759985.27385106,581.9,-2.2706732614428847e-09,594.2,ASK
83,1712452168.8527908,2759994.8168849,582.1,-2.269893097090461e-09,594.2,ASK
84,1712452168.854248,2760004.3582796,582.2,-2.26950321339897e-09,594.2,ASK
85,1712452168.855766,2760013.90295313,582.0,-2.270283111591358e-09,594.2,ASK
86,1712452170.5543685,2760013.90295313,582.0,-0.0,594.2,ASK
87,1712452172.4543018,2760185.57677287,582.5,4.0825770657650486e-08,594.2,BID
88,1712452198.844335,2760538.57677287,582.5,8.39469702718242e-08,594.2,BID
89,1712452200.4212625,2760538.57677287,582.5,0.0,594.2,BID
90,1712452230.3542025,2760538.57677287,582.5,0.0,594.2,BID
91,1712452260.5341458,2760538.57677287,582.5,0.0,594.2,BID
92,1712452278.096961,2760738.57677287,582.5,4.767559109466628e-08,594.2,BID
93,1712452278.097871,2760758.11190595,582.5,4.656745083531613e-09,594.2,BID
94,1712452284.237048,2761484.57271088,582.6,1.731722414107137e-07,594.2,BID
95,1712452284.238526,2762594.97513278,582.6,2.646954590851745e-07,594.2,BID
96,1712452284.2400122,2762794.97513278,582.6,4.767559109466628e-08,594.2,BID
97,1712452286.384384,2762815.09585712,582.5,-4.796337130804413e-09,594.2,ASK
98,1712452290.5445993,2762815.09585712,582.5,-0.0,594.2,ASK
99,1712452320.344223,2762815.09585712,582.5,-0.0,594.2,ASK
100,1712452350.364429,2762815.09585712,582.5,-0.0,594.2,ASK
101,1712452360.4746685,2762918.78763918,582.5,-2.4710022810251727e-08,594.2,ASK
102,1712452360.4767442,2763330.11731634,582.5,-9.802093765989605e-08,594.2,ASK
103,1712452360.5383294,2763433.8090984,582.5,-2.4710022810251727e-08,594.2,ASK
104,1712452360.5403132,2763443.34557908,582.5,-2.272568283057905e-09,594.2,ASK
105,1712452361.541275,2763612.34557908,582.5,4.0273141920860823e-08,594.2,BID
106,1712452380.5443125,2763612.34557908,582.5,0.0,594.2,BID
107,1712452410.5244682,2763612.34557908,582.5,0.0,594.2,BID
108,1712452435.1441584,2764289.21717907,583.1,1.6128242355819884e-07,594.2,BID
109,1712452435.2543132,2764298.7552972,582.4,-2.272706977434794e-09,594.2,ASK
110,1712452440.5766578,2764298.7552972,582.4,-0.0,594.2,ASK
111,1712452470.3645413,2764298.7552972,582.4,-0.0,594.2,ASK
112,1712452477.104539,2764348.7552972,582.8,1.1912676195963557e-08,594.2,BID
113,1712452477.10666,2764532.30889485,583.0,4.3732291468178523e-08,594.2,BID
114,1712452479.6443582,2764701.46098352,583.1,4.030108120394682e-08,594.2,BID
115,1712452479.6464963,2766565.68289386,583.2,4.441574395060791e-07,594.2,BID
116,1712452500.345148,2766565.68289386,583.2,0.0,594.2,BID
117,1712452500.5302482,2766961.2427361,583.2,9.452813455885065e-08,594.2,BID
118,1712452523.0938542,2767341.93495745,583.2,9.097517412649793e-08,594.2,BID
119,1712452523.1038585,2767350.52549242,583.2,2.052906182269562e-09,594.2,BID
120,1712452523.10511,2768309.84271356,583.3,2.292509443097401e-07,594.2,BID
121,1712452523.1268764,2772080.03602416,583.3,9.009745240038932e-07,594.2,BID
122,1712452530.3441703,2772080.03602416,583.3,0.0,594.2,BID
123,1712452560.5262947,2772080.03602416,583.3,0.0,594.2,BID
124,1712452565.623972,2772414.07497589,583.5,7.976499004045637e-08,594.2,BID
125,1712452565.6250856,2772422.66256587,583.4,2.050626208970801e-09,594.2,BID
126,1712452565.6260417,2775494.53816605,583.3,7.335315997877563e-07,594.2,BID
127,1712452565.6269937,2775503.5099945,583.3,2.142378316215849e-09,594.2,BID
128,1712452574.0010152,2775903.5099945,583.5,9.551579494232852e-08,594.2,BID
129,1712452590.3941176,2777652.5099945,583.5,4.176428133853315e-07,594.2,BID
130,1712452590.539174,2777652.5099945,583.5,0.0,594.2,BID
131,1712452602.0004978,2778042.44952585,583.5,9.304123419388738e-08,594.2,BID
132,1712452616.4720075,2780823.44952585,583.5,6.635584532744566e-07,594.2,BID
133,1712452620.34428,2780823.44952585,583.5,0.0,594.2,BID
134,1712452638.444308,2780923.44952585,583.0,-2.3849897068267443e-08,594.2,ASK
135,1712452638.446597,2780995.12334559,583.0,-1.7094132232957784e-08,594.2,ASK
136,1712452638.5440204,2781308.2601694,583.0,-7.468281016145678e-08,594.2,ASK
137,1712452650.3541985,2781308.2601694,583.0,-0.0,594.2,ASK
138,1712452669.854082,2781485.2601694,583.0,4.2211472316598825e-08,594.2,BID
139,1712452680.5445185,2781485.2601694,583.0,0.0,594.2,BID
140,1712452702.0938823,2783735.18908786,583.5,5.365563564976186e-07,594.2,BID
141,1712452710.5441074,2783735.18908786,583.5,0.0,594.2,BID
142,1712452716.0171084,2783744.72884399,582.3,-2.2743006282382877e-09,594.2,ASK
143,1712452716.0189512,2783754.26696212,582.4,-2.273910125153077e-09,594.2,ASK
144,1712452716.0207376,2783763.87754714,582.1,-2.291186404640131e-09,594.2,ASK
145,1712452716.0245454,2783773.40748366,582.9,-2.271959609879993e-09,594.2,ASK
146,1712452716.02636,2783782.94069114,582.7,-2.2727394144266287e-09,594.2,ASK
147,1712452716.0276406,2783792.47553494,582.6,-2.2731295170815926e-09,594.2,ASK
148,1712452716.0286856,2783802.01201562,582.5,-2.273519753065285e-09,594.2,ASK
149,1712452716.0297372,2783811.54358734,582.8,-2.272349445433439e-09,594.2,ASK
150,1712452716.0307884,2783821.08498204,582.2,-2.2746912672055674e-09,594.2,ASK
151,1712452732.3338337,2783966.22119638,583.5,3.4600819869717415e-08,594.2,BID
152,1712452732.3437555,2784040.08498204,582.6,1.7609302779004538e-08,594.2,BID
153,1712452740.3468535,2784040.08498204,582.6,0.0,594.2,BID
154,1712452747.233983,2784896.12611314,583.5,2.040736005776619e-07,594.2,BID
155,1712452770.354113,2784896.12611314,583.5,0.0,594.2,BID
156,1712452780.2170403,2786222.91639959,583.5,3.162589078429574e-07,594.2,BID
157,1712452800.3740294,2786222.91639959,583.5,0.0,594.2,BID
158,1712452806.9655645,2788793.61048699,583.5,6.128048872033364e-07,594.2,BID
159,1712452810.1739829,2788810.74844757,583.5,4.0853659140961435e-09,594.2,BID
160,1712452830.3340344,2788810.74844757,583.5,0.0,594.2,BID
161,1712452860.5588818,2788810.74844757,583.5,0.0,594.2,BID
162,1712452862.0405023,2789533.62350383,583.5,1.7225774676823462e-07,594.2,BID
163,1712452862.0430138,2828228.05778775,583.5,9.220702809565568e-06,594.2,BID
164,1712452862.114178,2828611.73968069,583.5,9.142960153533816e-08,594.2,BID
165,1712452862.1160583,2828663.33509758,583.5,1.2294946657895808e-08,594.2,BID
166,1712452862.2095013,2828896.43825037,583.5,-5.554739165005013e-08,594.2,ASK
167,1712452870.0880296,2828947.90823569,582.1,-1.22650569011624e-08,594.2,ASK
168,1712452870.0903847,2828957.45290922,582.0,-2.2744510848239837e-09,594.2,ASK
169,1712452870.0926974,2828975.48794872,582.2,-4.2976656065537106e-09,594.2,ASK
170,1712452870.0950444,2829016.77519382,582.0,-9.838557506707334e-09,594.2,ASK
171,1712452885.0047643,2829033.40484271,582.0,-3.9627675939179155e-09,594.2,ASK
172,1712452885.0067527,2829096.92713268,582.0,-1.5137064759709805e-08,594.2,ASK
173,1712452890.5339923,2829096.92713268,582.0,-0.0,594.2,ASK
174,1712452914.4189422,2829105.51177969,583.6,2.0342861276693412e-09,594.2,BID
175,1712452914.421307,2829114.09495597,583.7,2.033937611767909e-09,594.2,BID
176,1712452914.4279,2829661.23544564,583.8,-1.2965475536907557e-07,594.2,ASK
177,1712452920.3562253,2829661.23544564,583.8,-0.0,594.2,ASK
178,1712452948.4107592,2829669.81568198,583.9,2.0330822238919267e-09,594.2,BID
179,1712452948.4128456,2829743.67946765,584.2,1.7501982892506713e-08,594.2,BID
180,1712452948.512086,2831784.44390338,584.3,-4.835579968956445e-07,594.2,ASK
181,1712452948.514755,2832008.95116941,584.3,-5.3196871696275e-08,594.2,ASK
182,1712452950.3338494,2832008.95116941,584.3,-0.0,594.2,ASK
183,1712452980.5241022,2832008.95116941,584.3,-0.0,594.2,ASK
184,1712453010.5341644,2832008.95116941,584.3,-0.0,594.2,ASK
185,1712453040.3264048,2832008.95116941,584.3,-0.0,594.2,ASK
186,1712453070.336513,2832008.95116941,584.3,-0.0,594.2,ASK
187,1712453070.6008785,2832027.95407688,584.7,-4.501265264985818e-09,594.2,ASK
188,1712453093.6044004,2832046.96023493,584.6,-4.502035237682928e-09,594.2,ASK
189,1712453093.6068244,2833327.60982258,584.4,-3.033506064536644e-07,594.2,ASK
190,1712453093.6091957,2833346.61923233,584.5,-4.502805475877747e-09,594.2,ASK
191,1712453093.611662,2833365.63189488,584.4,-4.503575974606672e-09,594.2,ASK
192,1712453093.7039928,2833365.63189655,584.4,-3.95544156711264e-16,594.2,ASK
193,1712453093.707082,2833384.64781303,584.3,-4.504346741039351e-09,594.2,ASK
194,1712453093.710145,2833403.66698454,584.2,-4.5051177678958325e-09,594.2,ASK
195,1712453093.8039434,2834693.49517458,584.2,3.055247644966683e-07,594.2,BID
196,1712453094.1637585,2834796.17348911,584.2,2.4321664007679068e-08,594.2,BID
197,1712453094.1667583,2835055.49517458,584.6,6.142616318500889e-08,594.2,BID
198,1712453095.1748314,2835074.52411789,583.9,-4.507432438142463e-09,594.2,ASK
199,1712453095.177881,2835093.54654555,584.1,-4.5058890602500244e-09,594.2,ASK
200,1712453095.1808372,2836359.26211595,583.8,-2.998131491871656e-07,594.2,ASK
201,1712453095.1833982,2836378.28780088,584.0,-4.506660617660714e-09,594.2,ASK
202,1712453095.1847217,2836387.80304358,583.8,-2.253898858386825e-09,594.2,ASK
203,1712453095.2378027,2836387.80304582,583.8,-5.305542090856611e-16,594.2,ASK
204,1712453095.41385,2837523.80304582,584.6,2.690871041184904e-07,594.2,BID
205,1712453100.54941,2837523.80304582,584.6,0.0,594.2,BID
206,1712453100.7596734,2838112.74410431,584.6,1.3939922345689265e-07,594.2,BID
207,1712453100.761124,2838951.63675119,584.6,1.9856143811502898e-07,594.2,BID
208,1712453100.795426,2838951.636752,584.6,-1.917820270491328e-16,594.2,ASK
209,1712453100.7968426,2846800.21855,584.6,-1.8577176647936592e-06,594.2,ASK
210,1712453108.1650774,2846809.7354251,583.7,-2.2525938370176484e-09,594.2,ASK
211,1712453108.170462,2846819.25393092,583.6,-2.252979819619459e-09,594.2,ASK
212,1712453108.843883,2846827.81949768,584.9,2.027424200779545e-09,594.2,BID
213,1712453108.8541255,2846886.77378282,584.9,1.3954166464576934e-08,594.2,BID
214,1712453108.8571942,2847267.7384019,583.6,9.017230383032989e-08,594.2,BID
215,1712453108.8604336,2847276.30543336,584.8,2.0277708874644523e-09,594.2,BID
216,1712453108.863727,2847952.25393092,585.0,1.5999342259868317e-07,594.2,BID
217,1712453117.4042633,2848150.88708098,584.6,-4.701541261562379e-08,594.2,ASK
218,1712453128.053975,2848333.91821337,584.6,4.3322497821753744e-08,594.2,BID
219,1712453130.5438845,2848333.91821337,584.6,0.0,594.2,BID
220,1712453160.355954,2848333.91821337,584.6,0.0,594.2,BID
221,1712453190.364486,2848333.91821337,584.6,0.0,594.2,BID
222,1712453220.543894,2848333.91821337,584.6,0.0,594.2,BID
223,1712453235.8339567,2848351.95325287,584.4,4.2624224662802936e-09,594.2,BID
224,1712453250.5440357,2848351.95325287,584.4,0.0,594.2,BID
225,1712453260.523564,2858295.54214218,585.0,2.350073649711109e-06,594.2,BID
226,1712453280.5437632,2858295.54214218,585.0,0.0,594.2,BID
227,1712453286.024027,2858353.61566951,585.0,1.3706288313950732e-08,594.2,BID
228,1712453291.584225,2858793.73600028,585.0,1.0387549067029425e-07,594.2,BID
229,1712453310.554876,2858793.73600028,585.0,0.0,594.2,BID
230,1712453340.327294,2858793.73600028,585.0,0.0,594.2,BID
231,1712453345.9544587,2859675.81626357,585.0,2.081708378970558e-07,594.2,BID
232,1712453349.684442,2859746.92564096,583.5,-1.6781804660780492e-08,594.2,ASK
233,1712453349.6875713,2859756.44577806,583.5,-2.2467512304560443e-09,594.2,ASK
234,1712453349.690241,2859774.394496,583.5,-4.23589531279041e-09,594.2,ASK
235,1712453353.4338646,2860040.394496,585.0,6.277596856557967e-08,594.2,BID
236,1712453362.2337692,2860355.394496,585.0,7.433996277502859e-08,594.2,BID
237,1712453370.3739078,2860355.394496,585.0,0.0,594.2,BID
238,1712453379.3937747,2860448.14985376,583.5,-2.18855356583614e-08,594.2,ASK
239,1712453400.4860637,2860448.14985376,583.5,-0.0,594.2,ASK
240,1712453414.1039865,2860456.70174297,584.9,2.020543137144396e-09,594.2,BID
241,1712453430.357497,2860456.70174297,584.9,0.0,594.2,BID
242,1712453460.5490808,2860456.70174297,584.9,0.0,594.2,BID
243,1712453490.6145854,2860456.70174297,584.9,0.0,594.2,BID
244,1712453494.3675244,2860596.56990893,584.8,3.304642072686401e-08,594.2,BID
245,1712453494.3689983,2860668.70174297,584.8,1.704246937908928e-08,594.2,BID
246,1712453500.573903,2862149.72809656,584.8,3.499196522122631e-07,594.2,BID
247,1712453500.5808856,2864064.70174297,584.8,4.524476628812151e-07,594.2,BID
248,1712453514.544007,2864244.33777864,584.8,4.244230966861687e-08,594.2,BID
249,1712453514.5470736,2901684.40078537,584.8,8.845901893887061e-06,594.2,BID
250,1712453520.3439074,2901684.40078537,584.8,0.0,594.2,BID
251,1712453521.9358685,2901742.21011906,584.8,1.358115191342883e-08,594.2,BID
252,1712453521.9392977,2901880.64620436,584.7,3.2522801851397634e-08,594.2,BID
253,1712453522.1137607,2902480.50299225,584.8,-1.4092440861415365e-07,594.2,ASK
254,1712453522.1337936,2903759.23204279,584.8,-3.004119297522395e-07,594.2,ASK
255,1712453529.4635563,2904101.22930679,584.8,-8.034544769658915e-08,594.2,ASK
256,1712453529.483893,2904101.22930681,584.8,-4.704107451453101e-18,594.2,ASK
257,1712453550.3494828,2904101.22930681,584.8,-0.0,594.2,ASK
258,1712453580.5037146,2904101.22930681,584.8,-0.0,594.2,ASK
259,1712453581.9437835,2904110.0277867,583.6,-2.0663415607150336e-09,594.2,ASK
260,1712453610.5466535,2904110.0277867,583.6,-0.0,594.2,ASK
261,1712453640.3538897,2904110.0277867,583.6,-0.0,594.2,ASK
262,1712453670.3837798,2904110.0277867,583.6,-0.0,594.2,ASK
263,1712453700.5535846,2904110.0277867,583.6,-0.0,594.2,ASK
264,1712453730.563725,2904110.0277867,583.6,-0.0,594.2,ASK
265,1712453760.3338046,2904110.0277867,583.6,-0.0,594.2,ASK
266,1712453790.3676083,2904110.0277867,583.6,-0.0,594.2,ASK
267,1712453794.864033,2904119.5332624,584.4,-2.233614892637247e-09,594.2,ASK
268,1712453794.8677049,2904129.0387381,584.4,-2.233614892637247e-09,594.2,ASK
269,1712453794.871354,2904132.972587,584.2,-9.243833519120763e-10,594.2,ASK
270,1712453794.8740826,2904142.47481074,584.6,-2.232850740837308e-09,594.2,ASK
271,1712453794.8757043,2904151.97866018,584.5,-2.2332327509199553e-09,594.2,ASK
272,1712453794.877344,2904161.48576269,584.3,-2.233997163691321e-09,594.2,ASK
273,1712453807.0738232,2904332.63072248,584.3,4.0215970568420535e-08,594.2,BID
274,1712453819.603814,2904541.04334143,584.3,-4.8973196523462e-08,594.2,ASK
275,1712453819.605379,2905972.3735936,584.3,-3.363367251112385e-07,594.2,ASK
276,1712453820.5240817,2905972.3735936,584.3,-0.0,594.2,ASK
277,1712453850.544068,2905972.3735936,584.3,-0.0,594.2,ASK
278,1712453854.0036693,2905980.9781836,584.8,2.021406168347667e-09,594.2,BID
279,1712453856.0436993,2906116.9781836,584.9,3.1949371078863584e-08,594.2,BID
280,1712453859.9037654,2907199.9781836,584.9,2.544203594000681e-07,594.2,BID
281,1712453880.3535876,2907199.9781836,584.9,0.0,594.2,BID
282,1712453903.5337565,2909995.85565205,584.9,6.567019242161525e-07,594.2,BID
283,1712453903.5373714,2910004.42121881,584.9,2.0118993900068673e-09,594.2,BID
284,1712453903.613516,2910775.47469724,585.0,1.8110675760024333e-07,594.2,BID
285,1712453903.6154742,2910984.16394929,585.0,4.901739612366489e-08,594.2,BID
286,1712453910.3337262,2910984.16394929,585.0,0.0,594.2,BID
287,1712453940.54371,2910984.16394929,585.0,0.0,594.2,BID
288,1712453944.033396,2911430.51281557,585.0,-1.047849372685033e-07,594.2,ASK
289,1712453949.162861,2911909.51281557,585.1,1.1245012308400965e-07,594.2,BID
290,1712453949.3134928,2911918.07545443,585.1,2.010166584035386e-09,594.2,BID
291,1712453949.316522,2911935.25409147,585.1,4.032859811161581e-09,594.2,BID
292,1712453970.5438342,2911935.25409147,585.1,0.0,594.2,BID
293,1712453977.4055247,2912473.51896839,585.1,-1.2634665126569525e-07,594.2,ASK
294,1712453980.633523,2914568.78583926,584.9,-4.918209676940399e-07,594.2,ASK
295,1712453995.2225125,2915347.28683623,584.9,-1.8273715821297002e-07,594.2,ASK
296,1712453998.3236396,2915736.53733472,584.9,-9.136857910763269e-08,594.2,ASK
297,1712454000.4037237,2915736.53733472,584.9,-0.0,594.2,ASK
298,1712454013.9768252,2915745.09851038,585.2,2.011151770175812e-09,594.2,BID
299,1712454013.9783907,2915753.65822334,585.3,2.010808159496592e-09,594.2,BID
300,1712454013.979925,2916188.53733472,585.3,1.021597884944064e-07,594.2,BID
301,1712454020.0042987,2916222.70784556,585.3,8.027178286504851e-09,594.2,BID
302,1712454021.841707,2916591.70784556,585.3,8.66837724966484e-08,594.2,BID
303,1712454021.9735804,2917092.70784556,585.3,1.1769260168244133e-07,594.2,BID
304,1712454028.28381,2919170.70930826,585.3,4.881544879144074e-07,594.2,BID
305,1712454028.2872355,2919182.60155714,585.3,2.7936720768490963e-09,594.2,BID
306,1712454030.3645887,2919182.60155714,585.3,0.0,594.2,BID
307,1712454060.5320256,2919182.60155714,585.3,0.0,594.2,BID
308,1712454090.533488,2919182.60155714,585.3,0.0,594.2,BID
309,1712454120.3737905,2919182.60155714,585.3,0.0,594.2,BID
310,1712454129.9035628,2919254.25028428,585.3,-1.6823416167342107e-08,594.2,ASK
311,1712454133.2038696,2925383.61417628,584.9,-1.4391998813062285e-06,594.2,ASK
312,1712454133.3074205,2929186.78888274,584.9,-8.930010817710337e-07,594.2,ASK
313,1712454133.3107407,2929289.37052062,584.9,-2.4086590984461708e-08,594.2,ASK
314,1712454136.554202,2929297.9221622,584.8,-2.007960656825575e-09,594.2,ASK
315,1712454136.5560777,2929383.4214782,584.8,-2.0075591465445643e-08,594.2,ASK
316,1712454139.793788,2929392.9334645,584.0,-2.2334535517327307e-09,594.2,ASK
317,1712454139.7974994,2930792.93346241,584.0,-3.287257644223387e-07,594.2,ASK
318,1712454139.8010457,2930798.50834339,584.2,-1.3090050104204904e-09,594.2,ASK
319,1712454139.8039043,2930808.0187012,584.1,-2.233071175426889e-09,594.2,ASK
320,1712454150.3636105,2930808.0187012,584.1,-0.0,594.2,ASK
321,1712454177.3039184,2930808.01870329,584.0,-4.8993219440589165e-16,594.2,ASK
322,1712454180.5241177,2930808.01870329,584.0,-0.0,594.2,ASK
323,1712454181.999171,2930817.53231863,583.9,-2.2302758608165638e-09,594.2,ASK
324,1712454187.6635606,2930827.04756357,583.8,-2.2306578878467804e-09,594.2,ASK
325,1712454190.7159278,2930836.56606939,583.6,-2.231422335555941e-09,594.2,ASK
326,1712454190.7199197,2930930.57773343,583.6,-2.2039144683723906e-08,594.2,ASK
327,1712454190.7215002,2931206.78118696,583.5,-6.475034706234968e-08,594.2,ASK
328,1712454190.7230704,2931216.29806206,583.7,-2.2310400459840743e-09,594.2,ASK
329,1712454190.797005,2931555.26825134,583.5,-7.946474643652905e-08,594.2,ASK
330,1712454190.7997186,2932118.52837964,583.5,-1.3204501365818818e-07,594.2,ASK
331,1712454210.5237565,2932118.52837964,583.5,-0.0,594.2,ASK
332,1712454240.323598,2932118.52837964,583.5,-0.0,594.2,ASK
333,1712454270.3183043,2932118.52837964,583.5,-0.0,594.2,ASK
334,1712454279.783753,2932399.76198088,583.5,6.591774707136593e-08,594.2,BID
335,1712454279.8105707,2932666.76198088,584.5,6.258156347767514e-08,594.2,BID
336,1712454300.3646796,2932666.76198088,584.5,0.0,594.2,BID
337,1712454330.356672,2932666.76198088,584.5,0.0,594.2,BID
338,1712454332.8452015,2933666.76198088,583.4,-2.3471875629100962e-07,594.2,ASK
339,1712454332.847032,2933676.28374982,583.4,-2.2349377633216716e-09,594.2,ASK
340,1712454332.9036849,2934655.10616976,583.4,2.2974798103807978e-07,594.2,BID
341,1712454358.5544767,2934664.63774148,582.8,-2.237238659568951e-09,594.2,ASK
342,1712454358.5562503,2934674.16114281,583.3,-2.235320915781299e-09,594.2,ASK
343,1712454358.5578923,2934683.69107933,582.9,-2.236854847596513e-09,594.2,ASK
344,1712454358.5595737,2934693.22592313,582.6,-2.238006678084798e-09,594.2,ASK
345,1712454358.5612285,2934702.75422501,583.0,-2.236471166892701e-09,594.2,ASK
346,1712454358.5628912,2934712.29561971,582.2,-2.23954429722586e-09,594.2,ASK
347,1712454358.56455,2934760.5623172,582.0,-1.1329099205155872e-08,594.2,ASK
348,1712454358.5662005,2934770.10043533,582.4,-2.23877522484483e-09,594.2,ASK
349,1712454358.5679193,2934779.62546962,583.2,-2.235704202132738e-09,594.2,ASK
350,1712454358.5696552,2934789.15213743,583.1,-2.236087619971401e-09,594.2,ASK
351,1712454358.571657,2934814.88112542,583.0,-6.0390760616267305e-09,594.2,ASK
352,1712454358.5733194,2934824.42415926,582.1,-2.2399290341994435e-09,594.2,ASK
353,1712454360.5480945,2934824.42415926,582.1,-0.0,594.2,ASK
354,1712454389.9438057,2935236.39581357,582.0,-9.666891574787592e-08,594.2,ASK
355,1712454389.954372,2935468.24943779,582.0,-5.4404321829151984e-08,594.2,ASK
356,1712454389.9582129,2939990.32748506,582.0,-1.061103056930301e-06,594.2,ASK
357,1712454390.5287273,2939990.32748506,582.0,-0.0,594.2,ASK
358,1712454406.4836178,2942157.62089736,582.0,5.081956485489067e-07,594.2,BID
359,1712454406.503428,2942558.43782756,582.0,9.39851607707163e-08,594.2,BID
360,1712454406.5837471,2942892.43782756,584.3,-7.83176590912909e-08,594.2,ASK
361,1712454407.2835765,2943971.43782756,583.3,2.530082459865356e-07,594.2,BID
362,1712454414.8336704,2944372.25475776,583.3,-9.39851607707163e-08,594.2,ASK
363,1712454414.917245,2945178.22600934,583.3,-1.889873704150247e-07,594.2,ASK
364,1712454415.0769162,2946051.22600934,583.3,-2.0470454007993098e-07,594.2,ASK
365,1712454420.3538048,2946051.22600934,583.3,-0.0,594.2,ASK
366,1712454450.3637135,2946051.22600934,583.3,-0.0,594.2,ASK
367,1712454480.5535717,2946051.22600934,583.3,-0.0,594.2,ASK
368,1712454510.563662,2946051.22600934,583.3,-0.0,594.2,ASK
369,1712454519.4335456,2946063.74659228,582.1,-2.9334467941785227e-09,594.2,ASK
370,1712454540.368055,2946063.74659228,582.1,-0.0,594.2,ASK
371,1712454560.0335066,2946313.74659228,583.4,5.8572388346819554e-08,594.2,BID
372,1712454561.036038,2947456.04780037,582.1,-2.676292398771631e-07,594.2,ASK
373,1712454561.038402,2947824.54809013,582.1,-8.633576831096806e-08,594.2,ASK
374,1712454561.073563,2948114.25073343,582.1,6.787430291385712e-08,594.2,BID
375,1712454561.6284895,2948278.25073343,582.9,3.842348675551362e-08,594.2,BID
376,1712454570.3637133,2948278.25073343,582.9,0.0,594.2,BID
377,1712454587.2134223,2948439.25073343,582.9,3.77092253523322e-08,594.2,BID
378,1712454600.3750143,2948439.25073343,582.9,0.0,594.2,BID
379,1712454628.1858642,2948448.66654801,582.9,2.205338058959302e-09,594.2,BID
380,1712454628.190381,2948648.25073343,582.9,4.67458865440546e-08,594.2,BID
381,1712454629.2733922,2948953.25073343,582.9,7.143599762640784e-08,594.2,BID
382,1712454630.353533,2948953.25073343,582.9,0.0,594.2,BID
383,1712454631.8636377,2949233.25073343,582.9,6.557598627453471e-08,594.2,BID
384,1712454633.3836937,2949720.25073343,582.9,1.1405537612749433e-07,594.2,BID
385,1712454635.6354852,2950624.25073343,582.9,2.1171675568635493e-07,594.2,BID
386,1712454636.0734942,2951598.64221164,582.2,-2.282024364325235e-07,594.2,ASK
387,1712454645.197425,2952158.77289076,582.2,-1.3118257759264012e-07,594.2,ASK
388,1712454645.2017908,2953099.56789521,582.1,-2.203341439248212e-07,594.2,ASK
389,1712454647.3435602,2954276.81254285,582.9,2.757106387693849e-07,594.2,BID
390,1712454660.5038984,2954276.81254285,582.9,0.0,594.2,BID
391,1712454665.3259363,2955424.78268409,582.8,2.6865941836275137e-07,594.2,BID
392,1712454665.3306973,2957485.67557885,582.9,4.82310703496222e-07,594.2,BID
393,1712454665.332611,2957872.22759494,582.9,9.0464756947036e-08,594.2,BID
394,1712454665.3345091,2958902.99746641,583.4,2.4123104267841216e-07,594.2,BID
395,1712454671.7834127,2960605.17289708,584.5,3.983600659344733e-07,594.2,BID
396,1712454690.5361078,2960605.17289708,584.5,0.0,594.2,BID
397,1712454694.9437072,2960639.56897307,584.5,8.042763606176791e-09,594.2,BID
398,1712454715.513699,2961224.13373865,584.5,1.3668757515886344e-07,594.2,BID
399,1712454715.5176637,2961495.00096622,584.5,6.333632594128964e-08,594.2,BID
400,1712454720.360613,2961495.00096622,584.5,0.0,594.2,BID
401,1712454722.443493,2962408.62930936,582.1,-2.1360585608749254e-07,594.2,ASK
402,1712454750.353536,2962408.62930936,582.1,-0.0,594.2,ASK
403,1712454751.1235592,2962511.31628522,584.3,2.4005179514658532e-08,594.2,BID
404,1712454780.5334432,2962511.31628522,584.3,0.0,594.2,BID
405,1712454810.533486,2962511.31628522,584.3,0.0,594.2,BID
406,1712454840.3434029,2962511.31628522,584.3,0.0,594.2,BID
407,1712454862.8638222,2962519.8769561,584.3,2.0012037278063877e-09,594.2,BID
408,1712454870.355713,2962519.8769561,584.3,0.0,594.2,BID
409,1712454885.6135614,2962554.10594805,584.3,8.001604915331284e-09,594.2,BID
410,1712454886.9944837,2962935.73062671,583.5,-8.92112133785823e-08,594.2,ASK
411,1712454900.3680255,2962935.73062671,583.5,-0.0,594.2,ASK
412,1712454919.2636647,2963703.88233116,583.4,1.797188268333506e-07,594.2,BID
413,1712454930.373842,2963703.88233116,583.4,0.0,594.2,BID
414,1712454960.5465047,2963703.88233116,583.4,0.0,594.2,BID
415,1712454963.3934782,2964183.99171657,583.4,-1.1231589954390684e-07,594.2,ASK
416,1712454990.5235963,2964183.99171657,583.4,-0.0,594.2,ASK
417,1712455019.1136866,2965430.53014883,583.4,-2.9159378316374057e-07,594.2,ASK
418,1712455019.1181543,2965439.44341588,583.4,-2.085016548478805e-09,594.2,ASK
419,1712455020.3887105,2965439.44341588,583.4,-0.0,594.2,ASK
420,1712455048.55358,2966289.76662276,582.1,-1.9887592714647414e-07,594.2,ASK
421,1712455050.3637516,2966289.76662276,582.1,-0.0,594.2,ASK
422,1712455055.8437726,2966803.99356825,583.4,1.202548890126489e-07,594.2,BID
423,1712455080.5335934,2966803.99356825,583.4,0.0,594.2,BID
424,1712455110.533821,2966803.99356825,583.4,0.0,594.2,BID
425,1712455128.70373,2966975.40255008,583.3,4.008215097264869e-08,594.2,BID
426,1712455140.3637648,2966975.40255008,583.3,0.0,594.2,BID
427,1712455155.3936477,2967654.31677513,583.3,1.5875309431258773e-07,594.2,BID
428,1712455155.3979511,2967839.76291596,583.3,4.3363576132024426e-08,594.2,BID
429,1712455170.507185,2967839.76291596,583.3,0.0,594.2,BID
430,1712455170.9840531,2968011.1718978,583.4,4.0076489075715946e-08,594.2,BID
431,1712455170.9883528,2968186.92804225,583.3,4.109288280827607e-08,594.2,BID
432,1712455170.9926577,2968262.87740934,583.4,1.775743574111744e-08,594.2,BID
433,1712455171.0648105,2969381.20904142,583.5,-2.6147291089964734e-07,594.2,ASK
434,1712455200.6737456,2969381.20904142,583.5,-0.0,594.2,ASK
435,1712455202.3194325,2970379.88023663,582.1,-2.336789016829429e-07,594.2,ASK
436,1712455202.3219037,2975458.82396515,582.0,-1.1884211719358968e-06,594.2,ASK
437,1712455202.434045,2977950.18933277,582.0,5.82954155070054e-07,594.2,BID
438,1712455202.5807538,2981339.01995933,583.1,-7.929518970831562e-07,594.2,ASK
439,1712455230.5336416,2981339.01995933,583.1,-0.0,594.2,ASK
440,1712455243.973916,2982430.80254702,582.6,2.550504577560281e-07,594.2,BID
441,1712455247.1638317,2983429.47374223,582.5,2.332987797735657e-07,594.2,BID
442,1712455247.1684732,2985044.55201845,582.6,3.77297145334967e-07,594.2,BID
443,1712455260.3637917,2985044.55201845,582.6,0.0,594.2,BID
444,1712455290.353788,2985044.55201845,582.6,0.0,594.2,BID
445,1712455320.5639062,2985044.55201845,582.6,0.0,594.2,BID
446,1712455350.994809,2985044.55201845,582.6,0.0,594.2,BID
447,1712455380.3662138,2985044.55201845,582.6,0.0,594.2,BID
448,1712455410.3654685,2985044.55201845,582.6,0.0,594.2,BID
449,1712455427.1642246,2985061.73710179,581.9,-4.012570036587398e-09,594.2,ASK
450,1712455427.167767,2985069.2753776,581.8,-1.7601229533931631e-09,594.2,ASK
451,1712455427.171257,2985078.82497361,581.7,-2.2297490244457474e-09,594.2,ASK
452,1712455427.174703,2985088.3712874,581.9,-2.228982654004234e-09,594.2,ASK
453,1712455427.1777945,2985260.2812066,581.7,-4.013949639520364e-08,594.2,ASK
454,1712455427.179826,2985269.21744994,581.9,-2.086536419760448e-09,594.2,ASK
455,1712455427.181868,2986678.55972557,581.7,-3.290693722358946e-07,594.2,ASK
456,1712455440.533671,2986678.55972557,581.7,-0.0,594.2,ASK
457,1712455470.5213914,2986678.55972557,581.7,-0.0,594.2,ASK
458,1712455500.3540947,2986678.55972557,581.7,-0.0,594.2,ASK
459,1712455530.333923,2986678.55972557,581.7,-0.0,594.2,ASK
460,1712455535.3538332,2986712.79457664,584.2,8.019879959954903e-09,594.2,BID
461,1712455560.5274384,2986712.79457664,584.2,0.0,594.2,BID
462,1712455590.5194051,2986712.79457664,584.2,0.0,594.2,BID
463,1712455620.3417895,2986712.79457664,584.2,0.0,594.2,BID
464,1712455641.7038603,2987712.79457664,581.9,-2.342595961331589e-07,594.2,ASK
465,1712455641.7060373,2990105.70209343,581.8,-5.605615484672462e-07,594.2,ASK
466,1712455644.055973,2992857.9373868,581.7,-6.447375282883305e-07,594.2,ASK
467,1712455644.0604196,2993229.4264324,581.8,-8.702487379013486e-08,594.2,ASK
468,1712455644.0636487,2993536.82235419,581.7,-7.20104444915151e-08,594.2,ASK
469,1712455650.3539124,2993536.82235419,581.7,-0.0,594.2,ASK
470,1712455655.923746,2993605.73807482,581.7,-1.612916853372859e-08,594.2,ASK
471,1712455659.5008929,2994431.04756587,581.6,-1.931570293678601e-07,594.2,ASK
472,1712455659.5030262,2995109.89655187,581.7,-1.5887912952302585e-07,594.2,ASK
473,1712455659.5050318,2998113.12327412,581.6,-7.028809900756496e-07,594.2,ASK
474,1712455659.5072136,2998302.72830922,581.5,-4.43755290958034e-08,594.2,ASK
475,1712455659.5092547,2998494.21902448,581.6,-4.481685732709997e-08,594.2,ASK
476,1712455659.5113246,2998675.74095053,581.5,-4.2483742621641664e-08,594.2,ASK
477,1712455659.5133443,2998684.68180334,581.6,-2.092534482584579e-09,594.2,ASK
478,1712455680.5439122,2998684.68180334,581.6,-0.0,594.2,ASK
479,1712455710.5840757,2998684.68180334,581.6,-0.0,594.2,ASK
480,1712455740.384984,2998684.68180334,581.6,-0.0,594.2,ASK
481,1712455770.3537557,2998684.68180334,581.6,-0.0,594.2,ASK
482,1712455779.8995385,2998692.72079231,581.5,-1.8801430540898604e-09,594.2,ASK
483,1712455779.9089062,2998695.23774985,581.4,-5.88661118232255e-10,594.2,ASK
484,1712455785.7442265,2998705.53111063,582.9,2.407391134203342e-09,594.2,BID
485,1712455786.004012,2999192.82913108,582.9,1.139683101777744e-07,594.2,BID
486,1712455786.0091567,2999411.29869794,582.9,5.109523600638066e-08,594.2,BID
487,1712455786.0237298,3001459.63431224,582.9,4.790607366374364e-07,594.2,BID
488,1712455800.387658,3001459.63431224,582.9,0.0,594.2,BID
489,1712455801.1638825,3003790.27348127,583.2,5.449187068450039e-07,594.2,BID
490,1712455801.1674345,3004649.74326677,583.3,2.0094966664536453e-07,594.2,BID
491,1712455801.3892994,3005539.04100751,583.3,2.079236379974716e-07,594.2,BID
492,1712455813.974053,3008727.87836398,583.3,7.455710655330617e-07,594.2,BID
493,1712455830.378894,3008727.87836398,583.3,0.0,594.2,BID
494,1712455848.4939556,3009146.41018782,583.2,9.775858566975757e-08,594.2,BID
495,1712455860.537794,3009146.41018782,583.2,0.0,594.2,BID
496,1712455876.2639563,3012127.50440512,583.2,6.962694917727486e-07,594.2,BID
497,1712455876.273649,3012254.60529718,583.2,2.9685902916081664e-08,594.2,BID
498,1712455879.8693523,3013677.60529718,583.2,3.323583270340263e-07,594.2,BID
499,1712455884.6639204,3014084.60529718,583.2,9.505961988956338e-08,594.2,BID
500,1712455890.5349932,3014084.60529718,583.2,0.0,594.2,BID
501,1712455895.956394,3014103.66688578,582.9,-4.449064760822747e-09,594.2,ASK
502,1712455896.1975944,3019946.56599372,583.2,1.3637602335935245e-06,594.2,BID
503,1712455896.199932,3020394.75740744,583.3,1.0460999168004568e-07,594.2,BID
504,1712455896.202114,3021319.25389034,582.9,2.1578184325710002e-07,594.2,BID
505,1712455896.204338,3022900.82316842,583.2,3.691457354084861e-07,594.2,BID
506,1712455902.8242843,3022919.88148745,583.0,-4.448301627762584e-09,594.2,ASK
507,1712455920.3677042,3022919.88148745,583.0,-0.0,594.2,ASK
508,1712455950.4197218,3022919.88148745,583.0,-0.0,594.2,ASK
509,1712455980.554188,3022919.88148745,583.0,-0.0,594.2,ASK
510,1712456010.533931,3022919.88148745,583.0,-0.0,594.2,ASK
511,1712456020.683791,3023005.64478076,583.0,1.9993512996859133e-08,594.2,BID
512,1712456038.7638142,3023024.70964005,582.8,-4.4444831498404825e-09,594.2,ASK
513,1712456040.3696706,3023024.70964005,582.8,-0.0,594.2,ASK
514,1712456060.8538086,3023043.77777116,582.7,-4.4451825627748696e-09,594.2,ASK
515,1712456060.858189,3023062.84917521,582.6,-4.445945553938609e-09,594.2,ASK
516,1712456070.3541462,3023062.84917521,582.6,-0.0,594.2,ASK
517,1712456077.1938157,3023081.92385332,582.5,-4.44668577049715e-09,594.2,ASK
518,1712456077.3137558,3024128.02198775,582.3,2.438662221243695e-07,594.2,BID
519,1712456077.3339489,3025452.28152421,582.3,3.0871116163923977e-07,594.2,BID
520,1712456077.4137807,3025452.28152423,582.5,-4.667859900589901e-18,594.2,ASK
521,1712456077.4187944,3027160.35516223,582.5,-3.9818584079228713e-07,594.2,ASK
522,1712456095.454102,3027179.43966927,582.2,-4.448977089074181e-09,594.2,ASK
523,1712456100.4062092,3027179.43966927,582.2,-0.0,594.2,ASK
524,1712456130.5439513,3027179.43966927,582.2,-0.0,594.2,ASK
525,1712456144.8437753,3028843.46573361,582.2,3.884426480208318e-07,594.2,BID
526,1712456145.003938,3029179.43966861,582.2,-7.842822163316958e-08,594.2,ASK
527,1712456145.0073595,3029179.43966927,582.2,-1.5403051453595542e-16,594.2,ASK
528,1712456160.3638651,3029179.43966927,582.2,-0.0,594.2,ASK
529,1712456183.113731,3034756.73508652,582.5,1.301584594715229e-06,594.2,BID
530,1712456183.1176467,3034858.75108652,582.2,2.3807678109278583e-08,594.2,BID
531,1712456190.3921905,3034858.75108652,582.2,0.0,594.2,BID
532,1712456220.503857,3034858.75108652,582.2,0.0,594.2,BID
533,1712456236.3137064,3036522.17002082,582.2,3.878959373041879e-07,594.2,BID
534,1712456250.5237803,3036522.17002082,582.2,0.0,594.2,BID
535,1712456265.6239529,3037056.72500222,582.0,-1.246257842735331e-07,594.2,ASK
536,1712456265.6292555,3037075.81278782,582.1,-4.450113333979409e-09,594.2,ASK
537,1712456265.6436028,3037075.81278923,582.0,-3.287316568210012e-16,594.2,ASK
538,1712456280.38422,3037075.81278923,582.0,-0.0,594.2,ASK
539,1712456304.0438538,3037092.99491981,582.0,-4.005529314638553e-09,594.2,ASK
540,1712456304.2544785,3040052.28655435,582.0,6.89875410830895e-07,594.2,BID
541,1712456304.2568595,3040966.08970507,582.0,2.1302744098064459e-07,594.2,BID
542,1712456310.384694,3040966.08970507,582.0,0.0,594.2,BID
543,1712456340.507589,3040966.08970507,582.0,0.0,594.2,BID
544,1712456347.4939902,3044410.04443906,582.2,8.024374049041966e-07,594.2,BID
545,1712456347.4976542,3044416.88829548,582.2,1.5946105013873443e-09,594.2,BID
546,1712456347.500764,3044619.04443906,582.6,4.710214383448356e-08,594.2,BID
547,1712456347.5046132,3044627.63497403,583.2,2.001584550397716e-09,594.2,BID
548,1712456347.513759,3047818.38634724,582.6,7.434413194643523e-07,594.2,BID
549,1712456347.5168753,3047826.98572932,582.6,2.003645916730897e-09,594.2,BID
550,1712456347.520742,3047849.98572932,583.2,5.358972965191534e-09,594.2,BID
551,1712456347.5938718,3048055.92134177,583.9,-4.7982755638657044e-08,594.2,ASK
552,1712456356.0838976,3049052.70858998,582.5,2.322502571828401e-07,594.2,BID
553,1712456356.103886,3051492.79824448,582.5,5.685380213525979e-07,594.2,BID
554,1712456356.1838584,3051939.47790489,582.7,-1.0407583583647625e-07,594.2,ASK
555,1712456362.1939733,3051949.14903489,582.2,-2.253361922223926e-09,594.2,ASK
556,1712456362.293892,3054387.14903489,582.1,5.680511343103027e-07,594.2,BID
557,1712456362.2989445,3055383.43263888,582.1,2.3213290867156162e-07,594.2,BID
558,1712456362.3036687,3057215.68194748,582.6,4.269119352295117e-07,594.2,BID
559,1712456362.3136296,3058188.48989976,582.6,2.266631094170737e-07,594.2,BID
560,1712456370.5401015,3058188.48989976,582.6,0.0,594.2,BID
561,1712456400.405233,3058188.48989976,582.6,0.0,594.2,BID
562,1712456430.4221373,3058188.48989976,582.6,0.0,594.2,BID
563,1712456445.5838852,3058206.0337594,582.6,4.094345250277041e-09,594.2,BID
564,1712456445.593638,3059043.84017613,584.0,1.955253173158716e-07,594.2,BID
565,1712456460.524029,3059043.84017613,584.0,0.0,594.2,BID
566,1712456490.541187,3059043.84017613,584.0,0.0,594.2,BID
567,1712456520.376702,3059043.84017613,584.0,0.0,594.2,BID
568,1712456550.405992,3059043.84017613,584.0,0.0,594.2,BID
569,1712456580.5339243,3059043.84017613,584.0,0.0,594.2,BID
570,1712456610.5241563,3059043.84017613,584.0,0.0,594.2,BID
571,1712456640.3680007,3059043.84017613,584.0,0.0,594.2,BID
572,1712456670.3500664,3059043.84017613,584.0,0.0,594.2,BID
573,1712456700.3916686,3059043.84017613,584.0,0.0,594.2,BID
574,1712456730.3743443,3059043.84017613,584.0,0.0,594.2,BID
575,1712456760.5373204,3059043.84017613,584.0,0.0,594.2,BID
576,1712456790.5243104,3059043.84017613,584.0,0.0,594.2,BID
577,1712456820.3865397,3059043.84017613,584.0,0.0,594.2,BID
578,1712456850.355717,3059043.84017613,584.0,0.0,594.2,BID
579,1712456871.5553226,3059260.65983911,583.8,5.0613588685970784e-08,594.2,BID
580,1712456880.5641165,3059260.65983911,583.8,0.0,594.2,BID
581,1712456885.7744408,3062119.3966235,583.8,6.673133356360664e-07,594.2,BID
582,1712456910.58435,3062119.3966235,583.8,0.0,594.2,BID
583,1712456919.6741042,3062131.38703117,583.8,2.7978242158585908e-09,594.2,BID
584,1712456940.3642526,3062131.38703117,583.8,0.0,594.2,BID
585,1712456952.2339554,3062914.22422207,583.8,1.8266578857052082e-07,594.2,BID
586,1712456952.9342124,3063572.64317613,583.8,1.5363426629599346e-07,594.2,BID
587,1712456952.9369671,3065726.99331169,583.8,5.026920935075667e-07,594.2,BID
588,1712456955.353963,3066583.45100268,583.8,1.998442604932043e-07,594.2,BID
589,1712456970.3592925,3066583.45100268,583.8,0.0,594.2,BID
590,1712456972.2841446,3066723.45100268,583.8,3.264754235424825e-08,594.2,BID
591,1712456983.045376,3067004.45100268,583.8,6.552828143959827e-08,594.2,BID
592,1712456984.8338993,3068401.45100268,583.8,3.257758333491772e-07,594.2,BID
593,1712456985.4157276,3068723.45100268,583.8,7.508934741477097e-08,594.2,BID
594,1712457000.4441252,3068723.45100268,583.8,0.0,594.2,BID
595,1712457024.5241954,3068733.72849497,583.8,2.39808697634605e-09,594.2,BID
596,1712457030.384029,3068733.72849497,583.8,0.0,594.2,BID
597,1712457060.554273,3068733.72849497,583.8,0.0,594.2,BID
598,1712457090.5241134,3068733.72849497,583.8,0.0,594.2,BID
599,1712457113.1242807,3068833.72849497,583.7,-2.3333353617581613e-08,594.2,ASK
600,1712457113.1270108,3068905.02003317,583.7,-1.6634706707590233e-08,594.2,ASK
601,1712457113.2242415,3069599.84978917,583.7,-1.62127084007678e-07,594.2,ASK
602,1712457113.2456074,3069690.33291504,583.7,-2.1112747723515652e-08,594.2,ASK
603,1712457113.2500005,3069699.84979014,583.7,-2.2206061203930687e-09,594.2,ASK
604,1712457120.408577,3069699.84979014,583.7,-0.0,594.2,ASK
605,1712457125.6648474,3069710.15125126,583.8,2.403360110532382e-09,594.2,BID
606,1712457150.419018,3069710.15125126,583.8,0.0,594.2,BID
607,1712457180.5041938,3069710.15125126,583.8,0.0,594.2,BID
608,1712457206.0743337,3070012.77488009,583.8,7.06028522626858e-08,594.2,BID
609,1712457210.535446,3070012.77488009,583.8,0.0,594.2,BID
610,1712457223.9340527,3070022.29338591,583.6,-2.220599772959758e-09,594.2,ASK
611,1712457223.9438128,3070122.29338591,583.6,-2.3329289438231225e-08,594.2,ASK
612,1712457224.0939846,3070131.81678724,583.3,-2.2217418606925924e-09,594.2,ASK
613,1712457224.1042073,3070141.33855618,583.4,-2.221361035577862e-09,594.2,ASK
614,1712457224.1094806,3070150.85869328,583.5,-2.220980338978893e-09,594.2,ASK
615,1712457224.1139054,3070160.38372757,583.2,-2.222122818668501e-09,594.2,ASK
616,1712457240.3646386,3070160.38372757,583.2,-0.0,594.2,ASK
617,1712457267.1438725,3070169.91039538,583.1,-2.222459247609173e-09,594.2,ASK
618,1712457270.3888934,3070169.91039538,583.1,-0.0,594.2,ASK
619,1712457300.5241146,3070169.91039538,583.1,-0.0,594.2,ASK
620,1712457330.5438251,3070169.91039538,583.1,-0.0,594.2,ASK
621,1712457341.4139602,3070450.91039538,583.1,6.569378854332831e-08,594.2,BID
622,1712457360.3759377,3070450.91039538,583.1,0.0,594.2,BID
623,1712457361.4844596,3070940.13351319,583.1,1.1436899994320638e-07,594.2,BID
624,1712457390.3764343,3070940.13351319,583.1,0.0,594.2,BID
625,1712457420.58929,3070940.13351319,583.1,0.0,594.2,BID
626,1712457450.5245037,3070940.13351319,583.1,0.0,594.2,BID
627,1712457468.3042896,3071600.13351319,583.1,1.542823788606701e-07,594.2,BID
628,1712457480.3706088,3071600.13351319,583.1,0.0,594.2,BID
629,1712457482.0045335,3071836.13351319,583.1,5.516267595399976e-08,594.2,BID
630,1712457484.7443876,3072344.13351319,583.1,1.1873999739250797e-07,594.2,BID
631,1712457497.3839498,3072424.2288082,583.1,1.872148645798333e-08,594.2,BID
632,1712457497.388482,3073214.13351319,583.1,1.846324460843039e-07,594.2,BID
633,1712457510.4114249,3073214.13351319,583.1,0.0,594.2,BID
634,1712457529.0841086,3073334.49059076,583.0,-2.8126094516131642e-08,594.2,ASK
635,1712457529.0900187,3073344.01889264,583.0,-2.226656916725394e-09,594.2,ASK
636,1712457540.5340607,3073344.01889264,583.0,-0.0,594.2,ASK
637,1712457570.5240252,3073344.01889264,583.0,-0.0,594.2,ASK
638,1712457581.274379,3073607.01889264,583.0,6.145905261044076e-08,594.2,BID
639,1712457582.3842783,3073616.54882916,582.9,-2.226999505628764e-09,594.2,ASK
640,1712457582.3897903,3073660.11428266,582.9,-1.0180576040515268e-08,594.2,ASK
641,1712457597.6440196,3074275.65005285,582.9,1.438412368201985e-07,594.2,BID
642,1712457597.6497188,3077026.85986182,582.9,6.429153931248665e-07,594.2,BID
643,1712457600.4217472,3077026.85986182,582.9,0.0,594.2,BID
644,1712457616.934039,3077036.39143354,582.8,-2.22731976708257e-09,594.2,ASK
645,1712457616.939921,3077894.3186813,582.8,-2.004788269794797e-07,594.2,ASK
646,1712457616.9937987,3080327.48106287,582.8,5.685768127555499e-07,594.2,BID
647,1712457616.9965568,3080577.66829401,582.9,5.846328200342243e-08,594.2,BID
648,1712457624.3265507,3080636.93699556,582.9,1.3849798796207084e-08,594.2,BID
649,1712457630.3794267,3080636.93699556,582.9,0.0,594.2,BID
650,1712457643.1313765,3081282.93699556,582.9,1.5088188415811576e-07,594.2,BID
651,1712457643.9137666,3082140.86424332,582.8,-2.003803089979388e-07,594.2,ASK
652,1712457652.6482184,3082140.86424333,582.8,2.2839890101829612e-18,594.2,BID
653,1712457659.403952,3082149.47783289,582.9,2.011818300618748e-09,594.2,BID
654,1712457660.382589,3083865.33232841,582.8,-4.0076061799566003e-07,594.2,ASK
655,1712457660.5339837,3083865.33232841,582.8,-0.0,594.2,ASK
656,1712457663.9641,3083865.33232843,582.8,4.6746850335316e-18,594.2,BID
657,1712457665.184048,3088941.33232843,582.9,1.1850464623289703e-06,594.2,BID
658,1712457665.5891392,3088949.94591799,582.9,2.010934561900393e-09,594.2,BID
659,1712457665.722155,3089636.28771618,582.8,-1.602338297662719e-07,594.2,ASK
660,1712457665.7249732,3090503.89540452,582.7,-2.0255228955015882e-07,594.2,ASK
661,1712457665.784233,3091706.89540452,582.7,2.808532100436863e-07,594.2,BID
662,1712457668.8918052,3092393.23720273,582.7,1.602338297709466e-07,594.2,BID
663,1712457670.583966,3092526.6651229,582.7,3.115017430526455e-08,594.2,BID
664,1712457674.2840488,3095142.47093134,582.9,6.106878288871586e-07,594.2,BID
665,1712457679.033847,3097692.88159457,582.9,5.954206331652189e-07,594.2,BID
666,1712457679.6383967,3097864.4376076,582.9,4.0051585171880273e-08,594.2,BID
667,1712457690.3776865,3097873.04971945,582.9,2.01058957471089e-09,594.2,BID
668,1712457690.5338814,3097873.04971945,582.9,0.0,594.2,BID
669,1712457715.1112678,3098691.50607539,582.9,1.907138699598269e-07,594.2,BID
670,1712457720.508994,3098691.50607539,582.9,0.0,594.2,BID
671,1712457724.8041053,3098707.01512686,583.0,3.613463847088688e-09,594.2,BID
672,1712457727.3141344,3101156.31534482,583.0,-5.706640283966819e-07,594.2,ASK
673,1712457727.3201108,3101483.65466755,583.0,-7.62669987093591e-08,594.2,ASK
674,1712457732.6340294,3102089.33441453,583.0,-1.4111771264107378e-07,594.2,ASK
675,1712457738.5440998,3104404.96304734,583.0,5.395198000556424e-07,594.2,BID
676,1712457738.5506458,3104493.44318553,583.0,2.0615044134812653e-08,594.2,BID
677,1712457745.0886416,3104712.7718076,583.1,5.1101516300529296e-08,594.2,BID
678,1712457745.0916634,3106294.34108568,583.1,3.684908402814272e-07,594.2,BID
679,1712457745.0944614,3106837.44923726,583.0,1.265391165048655e-07,594.2,BID
680,1712457750.3654003,3106837.44923726,583.0,0.0,594.2,BID
681,1712457763.5840352,3107618.37910808,582.9,1.817482407138601e-07,594.2,BID
682,1712457763.5971427,3108602.69520883,583.1,2.2908295136629402e-07,594.2,BID
683,1712457763.601852,3109123.31512271,583.0,1.2116549380927616e-07,594.2,BID
684,1712457763.6068103,3110033.47781991,583.1,2.1182499883850925e-07,594.2,BID
685,1712457780.513942,3110033.47781991,583.1,0.0,594.2,BID
686,1712457797.2443063,3110228.71028762,583.0,4.541736385167897e-08,594.2,BID
687,1712457797.2506015,3110423.94275532,583.0,4.5417363849404086e-08,594.2,BID
688,1712457797.2555535,3111427.87299798,583.1,2.335465286455947e-07,594.2,BID
689,1712457810.548646,3111427.87299798,583.1,0.0,594.2,BID
690,1712457840.3718803,3111427.87299798,583.1,0.0,594.2,BID
691,1712457849.5372212,3111437.40947866,582.5,-2.2180732224075582e-09,594.2,ASK
692,1712457849.540293,3112305.18403633,582.3,-2.0183415392100339e-07,594.2,ASK
693,1712457849.5433776,3112313.79910411,582.7,-2.003763421022018e-09,594.2,ASK
694,1712457849.5839622,3112526.39347224,582.3,4.944694914208063e-08,594.2,BID
695,1712457849.603837,3112695.87441034,583.8,3.9419272488310727e-08,594.2,BID
696,1712457849.607108,3112727.39347224,583.8,7.330963018784845e-09,594.2,BID
697,1712457870.3862755,3112727.39347224,583.8,0.0,594.2,BID
698,1712457900.4088273,3112727.39347224,583.8,0.0,594.2,BID
699,1712457930.3858333,3112727.39347224,583.8,0.0,594.2,BID
700,1712457960.543759,3112727.39347224,583.8,0.0,594.2,BID
701,1712457990.534722,3112727.39347224,583.8,0.0,594.2,BID
702,1712458015.0941966,3112736.92177412,583.0,-2.21999716750764e-09,594.2,ASK
703,1712458020.382435,3112736.92177412,583.0,-0.0,594.2,ASK
704,1712458031.6538315,3112746.35573638,582.9,-2.198014153259433e-09,594.2,ASK
705,1712458049.25497,3112746.45171064,582.9,-2.236099488617948e-11,594.2,ASK
706,1712458049.2615635,3112755.99146677,582.3,-2.2226630141834835e-09,594.2,ASK
707,1712458049.266716,3112765.53286147,582.2,-2.2230447837585743e-09,594.2,ASK
708,1712458049.27097,3112775.06443319,582.8,-2.2207561326567404e-09,594.2,ASK
709,1712458049.2740057,3112779.73967292,582.1,-1.089281768748034e-09,594.2,ASK
710,1712458049.2770257,3112789.27451672,582.6,-2.221518492800552e-09,594.2,ASK
711,1712458049.2800474,3112798.8109974,582.5,-2.2218998687587195e-09,594.2,ASK
712,1712458049.2830763,3112808.34911553,582.4,-2.222281377405282e-09,594.2,ASK
713,1712458049.286353,3112817.88232301,582.7,-2.2211372474693902e-09,594.2,ASK
714,1712458049.2893355,3112917.88232301,582.1,-2.3298950035030536e-08,594.2,ASK
715,1712458050.3753517,3112917.88232301,582.1,-0.0,594.2,ASK
716,1712458057.0040984,3112926.50627078,583.8,2.009239954326211e-09,594.2,BID
717,1712458072.0942245,3112935.08797684,583.8,1.9993983208718483e-09,594.2,BID
718,1712458072.1002276,3114639.42165276,583.8,3.970821030412216e-07,594.2,BID
719,1712458073.1743524,3114653.83419863,582.1,-3.357889423367424e-09,594.2,ASK
720,1712458073.1809998,3115904.85617855,582.0,-2.914678303644424e-07,594.2,ASK
721,1712458073.1866431,3116506.87924337,582.1,-1.4026160958712512e-07,594.2,ASK
722,1712458073.191075,3116516.4239169,582.0,-2.223754122593562e-09,594.2,ASK
723,1712458080.4179904,3116516.4239169,582.0,-0.0,594.2,ASK
724,1712458110.408331,3116516.4239169,582.0,-0.0,594.2,ASK
725,1712458112.104037,3116533.98535511,583.8,4.08953176737565e-09,594.2,BID
726,1712458112.110294,3117388.31286582,584.0,1.98947230462752e-07,594.2,BID
727,1712458140.554067,3117388.31286582,584.0,0.0,594.2,BID
728,1712458142.184289,3119381.14606582,582.1,-4.640160081230173e-07,594.2,ASK
729,1712458156.5039794,3120349.95822831,583.2,2.255805213700932e-07,594.2,BID
730,1712458161.1039157,3120599.18066691,582.1,-5.8029543613486e-08,594.2,ASK
731,1712458169.8041975,3121047.46938745,582.1,-1.0438060876917133e-07,594.2,ASK
732,1712458169.8109715,3128582.94566398,582.1,-1.754578165970411e-06,594.2,ASK
733,1712458169.8850584,3129164.34798723,582.1,1.3537509569177994e-07,594.2,BID
734,1712458169.895417,3129317.34798723,583.2,3.5624882826527363e-08,594.2,BID
735,1712458169.900542,3130188.36902474,583.2,2.028106039263969e-07,594.2,BID
736,1712458170.5369856,3130188.36902474,583.2,0.0,594.2,BID
737,1712458181.593681,3130490.61631951,582.2,7.025405807424332e-08,594.2,BID
738,1712458183.1239324,3130617.61631951,582.2,2.9519752632412632e-08,594.2,BID
739,1712458183.143878,3131315.61631951,582.2,1.6224241997971665e-07,594.2,BID
740,1712458183.223848,3133680.58390293,582.2,5.497106932773689e-07,594.2,BID
741,1712458183.4709704,3133995.58390293,582.2,7.321828408826754e-08,594.2,BID
742,1712458183.5835905,3134723.57647593,582.2,1.692138635684593e-07,594.2,BID
743,1712458183.6037683,3135644.57647593,582.2,2.1407631633426805e-07,594.2,BID
744,1712458183.6087103,3137897.01961303,582.2,5.23555623824933e-07,594.2,BID
745,1712458194.9739876,3137905.64207953,584.0,2.004197465817486e-09,594.2,BID
746,1712458200.444279,3137905.64207953,584.0,0.0,594.2,BID
747,1712458230.3640082,3137905.64207953,584.0,0.0,594.2,BID
748,1712458260.5336173,3137905.64207953,584.0,0.0,594.2,BID
749,1712458270.8537188,3138076.87495625,582.2,-3.9768516898554224e-08,594.2,ASK
750,1712458285.3936038,3138302.83977791,582.2,-5.247990923692607e-08,594.2,ASK
751,1712458285.4756584,3139670.83977791,582.2,3.1771545370965255e-07,594.2,BID
752,1712458285.493466,3141795.08701588,582.2,4.933524671074601e-07,594.2,BID
753,1712458286.2837512,3141995.08701588,582.2,4.644962773532933e-08,594.2,BID
754,1712458290.523927,3141995.08701588,582.2,0.0,594.2,BID
755,1712458320.4604838,3141995.08701588,582.2,0.0,594.2,BID
756,1712458332.117396,3142823.00303188,582.2,1.921756894284425e-07,594.2,BID
757,1712458332.1243217,3144894.1440889,582.2,4.807528213540763e-07,594.2,BID
758,1712458335.8940384,3147018.1440889,582.2,4.930224279486007e-07,594.2,BID
759,1712458335.9539304,3155253.10305656,582.2,1.9114969229249764e-06,594.2,BID
760,1712458335.960727,3156380.26226297,582.2,2.616359550984348e-07,594.2,BID
761,1712458350.402122,3156380.26226297,582.2,0.0,594.2,BID
762,1712458380.544212,3156380.26226297,582.2,0.0,594.2,BID
763,1712458410.5358748,3156380.26226297,582.2,0.0,594.2,BID
764,1712458440.365526,3156380.26226297,582.2,0.0,594.2,BID
765,1712458448.854172,3156389.68329757,583.8,2.182565606789912e-09,594.2,BID
766,1712458470.40488,3156389.68329757,583.8,0.0,594.2,BID
767,1712458498.5839434,3156568.73432711,582.2,-4.148059503053887e-08,594.2,ASK
768,1712458500.5432394,3156568.73432711,582.2,-0.0,594.2,ASK
769,1712458523.5338092,3157425.1920181,583.8,1.9843878255908465e-07,594.2,BID
770,1712458530.5342293,3157425.1920181,583.8,0.0,594.2,BID
771,1712458560.379343,3157425.1920181,583.8,0.0,594.2,BID
772,1712458585.8740528,3162588.7031181,582.2,-1.1962320821836562e-06,594.2,ASK
773,1712458585.933672,3162640.33822998,582.2,-1.196232102571228e-08,594.2,ASK
774,1712458586.4335182,3162875.74851174,582.2,-5.453756679585736e-08,594.2,ASK
775,1712458586.443725,3163617.13052998,582.2,-1.717561826047005e-07,594.2,ASK
776,1712458590.3853133,3163617.13052998,582.2,-0.0,594.2,ASK
777,1712458620.543969,3163617.13052998,582.2,-0.0,594.2,ASK
778,1712458650.5404832,3163617.13052998,582.2,-0.0,594.2,ASK
779,1712458672.104034,3163618.26687131,582.2,-2.6303684080466686e-10,594.2,ASK
780,1712458672.203944,3164090.26687131,583.8,1.092571269026306e-07,594.2,BID
781,1712458672.211735,3164589.13052998,583.8,1.1547544504757521e-07,594.2,BID
782,1712458674.413929,3166028.33916307,583.8,3.331436446289516e-07,594.2,BID
783,1712458680.4602878,3166028.33916307,583.8,0.0,594.2,BID
784,1712458710.3975682,3166028.33916307,583.8,0.0,594.2,BID
785,1712458713.2576149,3166037.33916307,582.1,-2.082614457025558e-09,594.2,ASK
786,1712458740.5760107,3166037.33916307,582.1,-0.0,594.2,ASK
787,1712458745.1539164,3166400.12911152,582.1,-8.395007506210653e-08,594.2,ASK
788,1712458745.1597424,3166696.47929017,582.1,-6.857582424387099e-08,594.2,ASK
789,1712458770.5543396,3166696.47929017,582.1,-0.0,594.2,ASK
790,1712458770.5977745,3167562.62181036,582.1,-2.004087341581269e-07,594.2,ASK
791,1712458770.6792393,3169569.51274949,582.1,4.64355996073651e-07,594.2,BID
792,1712458770.6960351,3169970.87300266,582.1,9.28670494800209e-08,594.2,BID
793,1712458771.4042034,3170145.87300266,582.1,4.049163695368389e-08,594.2,BID
794,1712458771.5079973,3170942.87300266,582.1,1.84410483726206e-07,594.2,BID
795,1712458778.377428,3172523.87300266,582.1,3.658130172787098e-07,594.2,BID
796,1712458781.0639212,3174480.59166831,582.1,4.527470961714353e-07,594.2,BID
797,1712458781.1252832,3174695.59166831,582.1,4.9746868257383044e-08,594.2,BID
798,1712458787.993893,3176603.39236732,582.1,4.414284187674188e-07,594.2,BID
799,1712458788.0537548,3178437.39236732,582.1,4.24352355274607e-07,594.2,BID
800,1712458788.133718,3178614.35603645,582.1,4.094599225365437e-08,594.2,BID
801,1712458791.2042372,3178911.53594053,582.1,6.876171877678742e-08,594.2,BID
802,1712458791.2236595,3183875.65812543,582.1,1.1486024760268736e-06,594.2,BID
803,1712458800.4581437,3183875.65812543,582.1,0.0,594.2,BID
804,1712458830.424214,3183875.65812543,582.1,0.0,594.2,BID
805,1712458860.5338664,3183875.65812543,582.1,0.0,594.2,BID
806,1712458861.4996786,3185380.14028277,583.8,3.473046627152429e-07,594.2,BID
807,1712458861.5030935,3191353.05292409,583.8,1.3788268609237115e-06,594.2,BID
808,1712458861.5061305,3191890.74470278,584.0,1.2412434466677696e-07,594.2,BID
809,1712458861.509222,3192386.27488356,583.9,1.143914811227705e-07,594.2,BID
810,1712458861.5154147,3195860.70364922,584.0,8.020602336148657e-07,594.2,BID
811,1712458861.5184546,3199335.13241488,584.0,8.020602336148657e-07,594.2,BID
812,1712458861.5941525,3199865.51432498,584.0,1.2243688600672617e-07,594.2,BID
813,1712458861.6010344,3201746.22132928,584.0,4.341549074596209e-07,594.2,BID
814,1712458861.774335,3204231.73325591,584.0,5.73772096359746e-07,594.2,BID
815,1712458861.801184,3208985.58184852,584.0,1.0974100118105962e-06,594.2,BID
816,1712458861.885586,3209570.45529604,584.0,1.3501607475439105e-07,594.2,BID
817,1712458861.893881,3210325.45529604,584.0,1.7428921909819797e-07,594.2,BID
818,1712458861.9539075,3221501.45529604,584.0,2.579942135948954e-06,594.2,BID
819,1712458861.9939623,3221533.54455066,584.0,7.407696859823063e-09,594.2,BID
820,1712458862.0006282,3224977.55369041,584.0,7.950379649458419e-07,594.2,BID
821,1712458862.0570903,3224986.1295206,584.2,1.9797016515626676e-09,594.2,BID
822,1712458862.0616093,3225453.91169041,584.3,1.0798594580695481e-07,594.2,BID
823,1712458862.098056,3225462.48458568,584.4,1.9790241350877022e-09,594.2,BID
824,1712458862.1036987,3227685.79706737,584.4,5.132442334370595e-07,594.2,BID
825,1712458862.1090033,3227702.90570724,584.5,3.949472162685676e-09,594.2,BID
826,1712458862.1133854,3227754.58224096,584.7,1.1929354579813009e-08,594.2,BID
827,1712458862.1167688,3229294.23880538,584.3,3.554245566783995e-07,594.2,BID
828,1712458862.119883,3229302.80730204,584.7,1.9780087307194286e-09,594.2,BID
829,1712458862.123028,3229311.38166452,584.3,1.979362835653394e-09,594.2,BID
830,1712458862.1261544,3229319.95309309,584.5,1.978685552338006e-09,594.2,BID
831,1712458862.129338,3232830.72442185,584.9,8.104497924793328e-07,594.2,BID
832,1712458862.1787446,3232839.28998861,584.9,1.9773323731625822e-09,594.2,BID
833,1712458862.1847322,3236694.28380878,584.9,8.899124007229111e-07,594.2,BID
834,1712458862.234283,3237463.51457802,585.0,1.775743444731093e-07,594.2,BID
835,1712458862.2409234,3237472.07868058,585.0,1.9769943674532776e-09,594.2,BID
836,1712458862.2451422,3237480.64131944,585.1,1.9766564773025468e-09,594.2,BID
837,1712458862.2541437,3237489.2024951,585.2,1.9763187023878997e-09,594.2,BID
838,1712458862.2595465,3238993.50714533,585.3,3.472636857938429e-07,594.2,BID
839,1712458862.4338286,3239002.06247319,585.6,1.974968757455074e-09,594.2,BID
840,1712458862.494337,3239010.61634035,585.7,1.9746315596883148e-09,594.2,BID
841,1712458862.4998364,3240432.95911897,586.0,3.283430624843641e-07,594.2,BID
842,1712458862.5052817,3240441.51152593,585.8,1.974294477372633e-09,594.2,BID
843,1712458862.509388,3240450.06247319,585.9,1.973957510615524e-09,594.2,BID
844,1712458862.9939554,3240620.71093736,586.0,3.939362590790007e-08,594.2,BID
845,1712458862.9974115,3241480.31245136,586.0,1.984361279611724e-07,594.2,BID
846,1712458863.005658,3241497.37438619,586.1,3.938690460731256e-09,594.2,BID
847,1712458863.0125394,3241505.92241553,586.1,1.9732839185097056e-09,594.2,BID
848,1712458863.0187242,3242313.17953984,587.0,1.863526010695489e-07,594.2,BID
849,1712458863.0240982,3242321.71446317,587.0,1.9702584400528062e-09,594.2,BID
850,1712458863.027443,3242331.71446317,586.9,2.308466478121827e-09,594.2,BID
851,1712458863.0308046,3244869.07187677,587.0,5.857404532308884e-07,594.2,BID
852,1712458863.0341692,3248410.51266843,587.0,8.175297351800309e-07,594.2,BID
853,1712458863.0378132,3248419.049046,587.0,1.9705941465227403e-09,594.2,BID
854,1712458863.0411546,3248589.40679728,587.0,3.932651581182559e-08,594.2,BID
855,1712458863.233792,3248966.40679728,587.0,8.70291862251929e-08,594.2,BID
856,1712458863.274614,3249412.40679728,587.0,1.0295760492423348e-07,594.2,BID
1057,1712458863.3237329,3249433.70160941,587.0,4.9158359959569494e-09,594.2,BID
857,1712458863.3237329,3249433.70160941,587.0,4.915835995956949e-09,594.2,BID
858,1712458863.3482013,3249935.84369318,586.4,-1.159178167637587e-07,594.2,ASK
859,1712458863.3542044,3250347.46079601,586.4,-9.502042837051536e-08,594.2,ASK
860,1712458863.3659763,3250373.22530994,587.0,5.94765167321389e-09,594.2,BID
861,1712458863.7239554,3251216.22530994,587.3,1.9460372410567005e-07,594.2,BID
862,1712458864.403915,3253846.46583047,587.3,6.071822071041013e-07,594.2,BID
863,1712458864.4296677,3254016.67859642,588.0,3.9293046434453444e-08,594.2,BID
864,1712458864.4361808,3254059.7204071,588.0,9.936057711178842e-09,594.2,BID
865,1712458864.4419596,3254068.24371434,587.8,1.967576904650955e-09,594.2,BID
866,1712458864.445819,3254107.94385608,587.5,9.164644638354796e-09,594.2,BID
867,1712458864.4491622,3254126.68348258,587.9,4.325979958736769e-09,594.2,BID
868,1712458864.4525278,3254135.2082401,587.7,1.9679116969719526e-09,594.2,BID
869,1712458864.455917,3254305.27626732,588.0,3.9259633983706896e-08,594.2,BID
870,1712458864.4594874,3255253.86533998,588.1,-2.189786075748459e-07,594.2,ASK
871,1712458864.4654183,3256896.96348735,588.1,-3.793036993467541e-07,594.2,ASK
872,1712458864.564427,3258595.91014043,588.6,3.921961396752852e-07,594.2,BID
873,1712458864.5702517,3258606.12790948,588.6,2.358737733320654e-09,594.2,BID
874,1712458864.5758457,3258614.63963221,588.6,1.964902659328881e-09,594.2,BID
875,1712458864.579219,3260473.08906143,588.8,4.2901682086391386e-07,594.2,BID
876,1712458867.0542965,3260490.2593911,588.8,3.963713046139431e-09,594.2,BID
877,1712458867.0624764,3260745.83955807,588.8,5.8999824792282586e-08,594.2,BID
878,1712458867.0693488,3261162.84846641,588.8,9.62651085980551e-08,594.2,BID
879,1712458867.0740368,3262815.17036595,588.8,3.814329716155264e-07,594.2,BID
880,1712458867.0780308,3263520.33846977,588.9,1.62785692910854e-07,594.2,BID
881,1712458868.683941,3264143.33846977,588.9,1.4381746158698986e-07,594.2,BID
882,1712458868.8640013,3264524.98338652,588.9,8.810144968630281e-08,594.2,BID
883,1712458868.871763,3265159.27475512,588.9,1.464240361775072e-07,594.2,BID
884,1712458869.7640157,3265170.42398325,588.9,-2.573761939504154e-09,594.2,ASK
885,1712458870.0840318,3268574.0999533,589.0,7.857271879249311e-07,594.2,BID
886,1712458870.1017964,3268993.18540477,589.0,9.6744471618756e-08,594.2,BID
887,1712458870.1094394,3269591.0431616,589.0,1.3801345903267517e-07,594.2,BID
888,1712458871.054006,3269600.90598197,589.3,2.276799020416557e-09,594.2,BID
889,1712458872.154277,3269601.26093065,589.3,8.193871290409745e-11,594.2,BID
890,1712458872.161867,3269609.76110031,589.4,1.962235671837681e-09,594.2,BID
891,1712458872.1662383,3271150.4009042,589.5,3.556515342140572e-07,594.2,BID
892,1712458872.169563,3271158.89530908,589.8,1.960904891676121e-09,594.2,BID
1092,1712458872.169563,3271158.89530908,589.8,1.9609048916761212e-09,594.2,BID
893,1712458872.173061,3272015.57045751,589.5,1.977605862791343e-07,594.2,BID
894,1712458872.1764026,3272024.06630285,589.7,1.961237417006653e-09,594.2,BID
1094,1712458872.1764026,3272024.06630285,589.7,1.9612374170066532e-09,594.2,BID
895,1712458872.179773,3272937.82548945,589.6,2.1093824513416657e-07,594.2,BID
896,1712458872.1831477,3274727.91406028,589.9,4.132359458631017e-07,594.2,BID
897,1712458872.6978853,3274738.93287702,589.9,2.543656907236458e-09,594.2,BID
898,1712458875.836931,3275711.84736354,589.9,2.245940478210513e-07,594.2,BID
899,1712458884.2743795,3276634.84736354,589.2,2.1307145593064465e-07,594.2,BID
900,1712458890.5339715,3276634.84736354,589.2,0.0,594.2,BID
901,1712458890.5739346,3277103.31389668,589.2,1.0680422682318837e-07,594.2,BID
902,1712458890.6139128,3277490.31389668,589.2,8.823092549118769e-08,594.2,BID
903,1712458896.504128,3277982.31389668,589.2,1.1216954868647117e-07,594.2,BID
904,1712458897.7840402,3277991.74673756,588.9,-2.1505640332146956e-09,594.2,ASK
905,1712458897.8443196,3278098.73782922,588.7,-2.4392565985772728e-08,594.2,ASK
906,1712458897.852275,3278412.41215156,588.7,-7.151363246225964e-08,594.2,ASK
907,1712458897.8638265,3278412.41215237,588.7,-1.846203568817159e-16,594.2,ASK
908,1712458908.666007,3278421.85782487,588.1,-2.1534894743075092e-09,594.2,ASK
1108,1712458908.666007,3278421.85782487,588.1,-2.153489474307509e-09,594.2,ASK
909,1712458908.672613,3279884.58482708,588.1,-3.3348257660448937e-07,594.2,ASK
910,1712458909.5422587,3280450.70919933,588.1,1.290689336091199e-07,594.2,BID
911,1712458911.3544188,3281128.4178878,588.1,1.545086945662357e-07,594.2,BID
912,1712458920.4075804,3281128.4178878,588.1,0.0,594.2,BID
913,1712458937.4339497,3281136.92324403,588.1,1.937941327214707e-09,594.2,BID
914,1712458937.6340165,3281153.92324403,588.1,3.873441825429508e-09,594.2,BID
915,1712458948.2938488,3281824.92324403,588.1,1.528870273448941e-07,594.2,BID
916,1712458948.5616615,3281960.51160076,588.1,3.089374188221629e-08,594.2,BID
917,1712458948.571521,3282532.22388099,588.1,1.3026436813853326e-07,594.2,BID
918,1712458948.5779264,3282803.22388099,588.1,6.174721968772921e-08,594.2,BID
919,1712458949.2337928,3283227.22388099,588.1,9.660819611659478e-08,594.2,BID
920,1712458950.408806,3283250.51160076,588.1,5.306095751499542e-09,594.2,BID
921,1712458950.4130616,3284835.58686267,588.3,3.6115863623151466e-07,594.2,BID
922,1712458950.4450693,3284835.58686267,588.3,0.0,594.2,BID
923,1712458950.9044929,3284892.36852655,588.4,1.2931250222414343e-08,594.2,BID
924,1712458950.9135494,3284915.65624632,588.3,5.303460851180789e-09,594.2,BID
925,1712458950.9191234,3285005.54323379,588.4,2.0470536565585104e-08,594.2,BID
926,1712458951.204154,3285340.69748996,588.4,7.632681491662445e-08,594.2,BID
927,1712458951.2137513,3285578.42202821,588.7,5.4138524270830334e-08,594.2,BID
928,1712458951.2841628,3285885.42202821,588.7,6.991506671336338e-08,594.2,BID
929,1712458952.2338948,3286555.42202821,588.7,1.525833703516399e-07,594.2,BID
930,1712458952.8137667,3287125.42202821,588.7,1.298097329857235e-07,594.2,BID
931,1712458971.1146357,3287855.42202821,588.3,1.662475527711898e-07,594.2,BID
932,1712458976.674466,3288384.60669645,588.1,1.205145973410367e-07,594.2,BID
933,1712458980.570691,3288384.60669645,588.1,0.0,594.2,BID
934,1712458986.8660169,3288689.60669645,587.8,6.9426572079716e-08,594.2,BID
935,1712458995.7443385,3288904.56106118,587.3,-4.8929654743541136e-08,594.2,ASK
936,1712458995.7501826,3288914.01960025,587.3,-2.1530293261852172e-09,594.2,ASK
1136,1712458995.7501826,3288914.01960025,587.3,-2.153029326185217e-09,594.2,ASK
937,1712458995.7537055,3290210.53606665,587.3,-2.951235865805464e-07,594.2,ASK
938,1712459002.5840304,3293002.2211743,587.3,-6.354659913119632e-07,594.2,ASK
939,1712459002.6638846,3293363.88521315,587.3,-8.232489987495198e-08,594.2,ASK
940,1712459002.803936,3294369.88521315,587.3,2.289938738104731e-07,594.2,BID
941,1712459004.9340708,3294694.78532293,587.8,7.395639636180419e-08,594.2,BID
942,1712459010.544841,3294694.78532293,587.8,0.0,594.2,BID
943,1712459012.2938974,3294876.82002861,587.8,4.14012867636479e-08,594.2,BID
944,1712459012.6940012,3295278.82002861,587.8,9.142936352069213e-08,594.2,BID
945,1712459015.924335,3295282.69899178,587.8,8.82216750654554e-10,594.2,BID
946,1712459015.9326208,3295439.82002861,587.8,3.5735015903154985e-08,594.2,BID
947,1712459023.893859,3295922.71946709,587.7,1.0982882662865242e-07,594.2,BID
948,1712459026.5640707,3296187.71946709,587.3,6.027060033080451e-08,594.2,BID
949,1712459028.5682242,3296481.84973878,587.0,-6.689587943478077e-08,594.2,ASK
950,1712459028.573706,3296943.43881144,587.0,-1.0498207741646117e-07,594.2,ASK
951,1712459028.5780413,3296952.90057263,587.1,-2.1519472721262316e-09,594.2,ASK
952,1712459028.6347504,3296962.36394571,587.0,-2.1523138742630366e-09,594.2,ASK
953,1712459028.6452868,3297155.23367402,587.0,-4.386556343730149e-08,594.2,ASK
954,1712459028.760686,3297480.23367402,586.8,7.39167739906093e-08,594.2,BID
955,1712459039.0640688,3297489.70188605,586.7,-2.1534144267970487e-09,594.2,ASK
956,1712459039.1043198,3298378.70188605,586.6,2.0219080639277442e-07,594.2,BID
957,1712459039.2050197,3298893.70188605,586.6,1.1712965724665782e-07,594.2,BID
958,1712459040.4369082,3298893.70188605,586.6,0.0,594.2,BID
959,1712459043.913904,3299132.60968605,586.0,-5.4305841449779493e-08,594.2,ASK
1159,1712459043.913904,3299132.60968605,586.0,-5.430584144977949e-08,594.2,ASK
960,1712459043.9282863,3299142.08920823,586.0,-2.154778657357366e-09,594.2,ASK
961,1712459044.0039818,3299658.88299159,586.0,1.174717663524158e-07,594.2,BID
962,1712459045.2244718,3299952.40652036,586.7,-6.672047633085611e-08,594.2,ASK
963,1712459063.3326252,3300636.21509107,585.9,1.5543569453552021e-07,594.2,BID
964,1712459065.8740213,3301472.21509107,585.9,1.900301432267388e-07,594.2,BID
965,1712459070.4276233,3301472.21509107,585.9,0.0,594.2,BID
966,1712459084.7362342,3301481.69946873,585.7,-2.1551421073317326e-09,594.2,ASK
967,1712459084.7398963,3302935.92658168,585.7,-3.304450958344475e-07,594.2,ASK
968,1712459088.2646298,3303189.05818479,585.7,-5.75192802441826e-08,594.2,ASK
969,1712459088.271454,3303198.54418205,585.6,-2.1555101302814342e-09,594.2,ASK
970,1712459088.2777708,3303208.03342017,585.4,-2.1562465532967875e-09,594.2,ASK
971,1712459088.282271,3303217.52103759,585.5,-2.155878280417828e-09,594.2,ASK
972,1712459088.4243846,3303243.07874225,585.4,5.807496016515354e-09,594.2,BID
973,1712459088.4299326,3303712.07874225,585.4,1.0657121474787342e-07,594.2,BID
974,1712459100.5242934,3303712.07874225,585.4,0.0,594.2,BID
975,1712459111.3444595,3303721.57122345,585.2,-2.157944356087509e-09,594.2,ASK
976,1712459111.3531172,3303731.06208283,585.3,-2.1575756645607964e-09,594.2,ASK
977,1712459111.358822,3303741.684423,585.2,-2.4147974102564006e-09,594.2,ASK
978,1712459130.534095,3303741.684423,585.2,-0.0,594.2,ASK
979,1712459153.4139657,3303758.339333,586.3,3.786178420280958e-09,594.2,BID
980,1712459160.4027896,3303758.339333,586.3,0.0,594.2,BID
981,1712459163.2338996,3303775.36640604,587.3,3.870774047781252e-09,594.2,BID
982,1712459167.9082024,3304185.11309519,586.3,-9.314794426681873e-08,594.2,ASK
983,1712459170.174149,3305092.11309519,586.6,2.0618881784070645e-07,594.2,BID
984,1712459188.5892844,3305109.16048693,586.6,3.875393109334953e-09,594.2,BID
985,1712459190.3635418,3305109.16048693,586.6,0.0,594.2,BID
986,1712459200.5244098,3305126.20787867,586.6,3.874695239480824e-09,594.2,BID
987,1712459208.2974246,3305143.25527041,586.6,3.874695239374984e-09,594.2,BID
988,1712459220.397895,3305143.25527041,586.6,0.0,594.2,BID
989,1712459249.3230147,3307023.82552337,586.6,4.274321605521388e-07,594.2,BID
990,1712459250.4006257,3307023.82552337,586.6,0.0,594.2,BID
991,1712459280.5074134,3307050.47063604,585.5,-6.0546119969149115e-09,594.2,ASK
992,1712459280.52405,3307050.47063604,585.5,-0.0,594.2,ASK
993,1712459293.9914927,3307214.47063604,585.6,3.7265852833780015e-08,594.2,BID
994,1712459293.9965923,3307787.88378194,585.6,1.3029713358581166e-07,594.2,BID
995,1712459300.1355386,3308076.62666271,585.5,-6.561127866815066e-08,594.2,ASK
996,1712459300.197966,3309917.9278116,585.3,4.184003514462768e-07,594.2,BID
997,1712459300.2138865,3310271.9278116,585.3,8.043970672657397e-08,594.2,BID
998,1712459300.21781,3310779.79010636,585.3,1.154019605875273e-07,594.2,BID
999,1712459302.6890004,3311093.79010636,585.3,7.135047432809101e-08,594.2,BID
1000,1712459308.3545806,3311103.28420993,585.1,-2.1573528440756074e-09,594.2,ASK
1201,1712459308.4742675,3311312.29750056,585.1,4.749425932273581e-08,594.2,BID
1202,1712459310.5242972,3311312.29750056,585.1,0.0,594.2,BID
1203,1712459333.234216,3311406.05197588,586.6,2.1291835688558003e-08,594.2,BID
1204,1712459333.237077,3311461.29750056,586.6,1.2546373173206757e-08,594.2,BID
1205,1712459340.3679242,3311461.29750056,586.6,0.0,594.2,BID
1206,1712459370.3964922,3311461.29750056,586.6,0.0,594.2,BID
1207,1712459400.4053211,3311461.29750056,586.6,0.0,594.2,BID
1208,1712459430.3983812,3311461.29750056,586.6,0.0,594.2,BID
1209,1712459460.5141037,3311461.29750056,586.6,0.0,594.2,BID
1210,1712459490.5446966,3311461.29750056,586.6,0.0,594.2,BID
1211,1712459520.356822,3311461.29750056,586.6,0.0,594.2,BID
1212,1712459550.4220843,3311461.29750056,586.6,0.0,594.2,BID
1213,1712459580.5441604,3311461.29750056,586.6,0.0,594.2,BID
1214,1712459610.5449028,3311461.29750056,586.6,0.0,594.2,BID
1215,1712459640.3984847,3311461.29750056,586.6,0.0,594.2,BID
1216,1712459670.3808286,3311461.29750056,586.6,0.0,594.2,BID
1217,1712459700.4040768,3311461.29750056,586.6,0.0,594.2,BID
1218,1712459730.3840494,3311461.29750056,586.6,0.0,594.2,BID
1219,1712459760.5441802,3311461.29750056,586.6,0.0,594.2,BID
1220,1712459789.0940907,3311633.29750056,587.0,3.909120421936006e-08,594.2,BID
1221,1712459790.5239975,3311633.29750056,587.0,0.0,594.2,BID
1222,1712459820.38052,3311633.29750056,587.0,0.0,594.2,BID
1223,1712459827.4240975,3311649.56802095,587.7,3.697788609727049e-09,594.2,BID
1224,1712459827.4269805,3311658.66140283,587.0,2.06664588059858e-09,594.2,BID
1225,1712459842.20387,3312358.66140283,586.6,-1.590884596658636e-07,594.2,ASK
1226,1712459842.303842,3312425.84237536,586.6,1.5268167769512715e-08,594.2,BID
1227,1712459850.3783145,3312425.84237536,586.6,0.0,594.2,BID
1228,1712459873.1940854,3312434.40016601,587.7,1.944716988829552e-09,594.2,BID
1229,1712459880.5348053,3312434.40016601,587.7,0.0,594.2,BID
1230,1712459910.543949,3312434.40016601,587.7,0.0,594.2,BID
1231,1712459940.3836386,3312434.40016601,587.7,0.0,594.2,BID
1232,1712459964.6369574,3312604.55500691,587.7,3.866682946210006e-08,594.2,BID
1233,1712459967.1039183,3312813.55500691,587.7,4.7494195961922274e-08,594.2,BID
1234,1712459970.3718636,3312813.55500691,587.7,0.0,594.2,BID
1235,1712460000.4137623,3312813.55500691,587.7,0.0,594.2,BID
1236,1712460013.026575,3313103.55500691,587.7,6.593753590409839e-08,594.2,BID
1237,1712460030.3827293,3313103.55500691,587.7,0.0,594.2,BID
1238,1712460048.4464402,3313953.47843723,587.7,1.932402933833228e-07,594.2,BID
1239,1712460060.5446897,3313953.47843723,587.7,0.0,594.2,BID
1240,1712460082.1338625,3314131.47843723,587.7,4.046584090947844e-08,594.2,BID
1241,1712460086.2540317,3314179.22933054,587.7,1.085550590997272e-08,594.2,BID
1242,1712460090.5339556,3314179.22933054,587.7,0.0,594.2,BID
1243,1712460100.5837262,3314704.22933054,587.7,1.1934789734624024e-07,594.2,BID
1244,1712460105.188424,3314718.35752415,587.7,3.21175276312385e-09,594.2,BID
1245,1712460105.5242858,3319605.33161215,587.7,-1.1109525367397637e-06,594.2,ASK
1246,1712460105.5338662,3319605.33161247,587.7,-7.272476727485925e-17,594.2,ASK
1247,1712460120.4336505,3319605.33161247,587.7,-0.0,594.2,ASK
1248,1712460150.4142814,3319605.33161247,587.7,-0.0,594.2,ASK
1249,1712460180.533796,3319605.33161247,587.7,-0.0,594.2,ASK
1250,1712460187.2044966,3319754.47132215,588.7,3.387926974896593e-08,594.2,BID
1251,1712460187.2076228,3319924.62616306,587.7,3.865316465113077e-08,594.2,BID
1252,1712460187.2106438,3319933.13788579,588.6,1.933562503355366e-09,594.2,BID
1253,1712460187.2132993,3319941.77368874,588.7,1.961749142989816e-09,594.2,BID
1254,1712460187.2158308,3319971.76301915,588.6,6.812515705796876e-09,594.2,BID
1255,1712460187.2181556,3319980.27329603,588.7,1.933234057266926e-09,594.2,BID
1256,1712460210.5340192,3319980.27329603,588.7,0.0,594.2,BID
1257,1712460233.774115,3319988.76998364,589.1,1.930050356046028e-09,594.2,BID
1258,1712460240.355036,3319988.76998364,589.1,0.0,594.2,BID
1259,1712460270.4102752,3319988.76998364,589.1,0.0,594.2,BID
1260,1712460289.9141595,3320169.84620979,589.0,4.1132009722413066e-08,594.2,BID
1261,1712460289.9174674,3320509.40478364,589.0,7.713175195811756e-08,594.2,BID
1262,1712460290.2938766,3320717.31918364,589.0,4.72283816824381e-08,594.2,BID
1263,1712460300.5442166,3320717.31918364,589.0,0.0,594.2,BID
1264,1712460330.543969,3320717.31918364,589.0,0.0,594.2,BID
1265,1712460360.5199015,3320717.31918364,589.0,0.0,594.2,BID
1266,1712460390.5462086,3320717.31918364,589.0,0.0,594.2,BID
1267,1712460420.3671896,3320717.31918364,589.0,0.0,594.2,BID
1268,1712460429.0708537,3321056.87775749,588.9,7.712996496578456e-08,594.2,BID
1269,1712460450.3653016,3321056.87775749,588.9,0.0,594.2,BID
1270,1712460475.503799,3321091.12433283,585.6,-7.778679103061495e-09,594.2,ASK
1271,1712460480.51395,3321091.12433283,585.6,-0.0,594.2,ASK
1272,1712460497.3239448,3321277.82507012,585.6,-4.240653244501444e-08,594.2,ASK
1273,1712460510.524197,3321277.82507012,585.6,-0.0,594.2,ASK
1274,1712460540.349951,3321277.82507012,585.6,-0.0,594.2,ASK
1275,1712460570.3879702,3321277.82507012,585.6,-0.0,594.2,ASK
1276,1712460600.4519603,3321277.82507012,585.6,-0.0,594.2,ASK
1277,1712460630.3587391,3321277.82507012,585.6,-0.0,594.2,ASK
1278,1712460660.5111277,3321277.82507012,585.6,-0.0,594.2,ASK
1279,1712460690.5442183,3321277.82507012,585.6,-0.0,594.2,ASK
1280,1712460707.9038055,3321313.97836006,585.6,-8.214777858290564e-09,594.2,ASK
1281,1712460720.392388,3321313.97836006,585.6,-0.0,594.2,ASK
1282,1712460739.5037532,3321740.89092836,585.6,-9.700292971218876e-08,594.2,ASK
1283,1712460750.3965282,3321740.89092836,585.6,-0.0,594.2,ASK
1284,1712460780.5341697,3321740.89092836,585.6,-0.0,594.2,ASK
1285,1712460804.59369,3321757.89773108,588.0,3.864060477654699e-09,594.2,BID
1286,1712460810.54556,3321757.89773108,588.0,0.0,594.2,BID
1287,1712460840.3832903,3321757.89773108,588.0,0.0,594.2,BID
1288,1712460857.3961527,3321774.89042116,587.9,3.860845218359972e-09,594.2,BID
1289,1712460870.44629,3321774.89042116,587.9,0.0,594.2,BID
1290,1712460900.536568,3321774.89042116,587.9,0.0,594.2,BID
1291,1712460930.5342236,3321774.89042116,587.9,0.0,594.2,BID
1292,1712460960.394521,3321774.89042116,587.9,0.0,594.2,BID
1293,1712460981.9426038,3321927.9657583,587.9,3.48654040873615e-08,594.2,BID
1294,1712460981.948287,3322007.19778635,587.9,1.804638634959081e-08,594.2,BID
1295,1712460990.399027,3322007.19778635,587.9,0.0,594.2,BID
1296,1712461020.6023045,3322007.19778635,587.9,0.0,594.2,BID
1297,1712461050.5239265,3322007.19778635,587.9,0.0,594.2,BID
1298,1712461064.2439864,3322409.2157583,587.9,9.156330019079761e-08,594.2,BID
1299,1712461064.2459097,3322687.5856074,587.9,6.340130003042557e-08,594.2,BID
1300,1712461080.3853312,3322687.5856074,587.9,0.0,594.2,BID
1301,1712461110.4064956,3322687.5856074,587.9,0.0,594.2,BID
1302,1712461140.5442352,3322687.5856074,587.9,0.0,594.2,BID
1303,1712461170.5611918,3322687.5856074,587.9,0.0,594.2,BID
1304,1712461200.4207072,3322687.5856074,587.9,0.0,594.2,BID
1305,1712461201.914117,3322727.47966787,585.6,-9.085412427611136e-09,594.2,ASK
1306,1712461202.0143335,3322961.16781813,585.6,5.3219782583212286e-08,594.2,BID
1307,1712461202.0165274,3326844.25619721,585.6,8.843286193843834e-07,594.2,BID
1308,1712461202.0185456,3329919.03339922,585.8,7.002450659164456e-07,594.2,BID
1309,1712461202.033925,3330294.03339922,585.8,8.540192751103918e-08,594.2,BID
1310,1712461202.1142662,3330756.08732245,585.8,1.0522745508760797e-07,594.2,BID
1311,1712461230.4485545,3330756.08732245,585.8,0.0,594.2,BID
1312,1712461260.495301,3330756.08732245,585.8,0.0,594.2,BID
1313,1712461290.5341556,3330756.08732245,585.8,0.0,594.2,BID
1314,1712461320.4617743,3330756.08732245,585.8,0.0,594.2,BID
1315,1712461350.3706596,3330756.08732245,585.8,0.0,594.2,BID
1316,1712461380.534602,3330756.08732245,585.8,0.0,594.2,BID
1317,1712461410.5340102,3330756.08732245,585.8,0.0,594.2,BID
1318,1712461440.3604214,3330756.08732245,585.8,0.0,594.2,BID
1319,1712461470.3807175,3330756.08732245,585.8,0.0,594.2,BID
1320,1712461488.3540947,3331184.16237771,585.8,-9.738435228854206e-08,594.2,ASK
1321,1712461488.3577943,3331284.16237771,585.9,-2.2749363947251183e-08,594.2,ASK
1322,1712461489.0338917,3331986.49201535,585.7,1.597755253761695e-07,594.2,BID
1323,1712461500.3942373,3331986.49201535,585.7,0.0,594.2,BID
1324,1712461524.7239132,3333354.12370767,587.9,3.110976431217193e-07,594.2,BID
1325,1712461524.7266731,3336461.80414326,587.9,7.069096632644883e-07,594.2,BID
1326,1712461530.406816,3336461.80414326,587.9,0.0,594.2,BID
1327,1712461560.5341485,3336461.80414326,587.9,0.0,594.2,BID
1328,1712461590.5258565,3336461.80414326,587.9,0.0,594.2,BID
1329,1712461620.377842,3336461.80414326,587.9,0.0,594.2,BID
1330,1712461650.4215243,3336461.80414326,587.9,0.0,594.2,BID
1331,1712461664.9842465,3338118.87175139,588.0,3.767106956821548e-07,594.2,BID
1332,1712461664.987779,3339013.12872046,587.8,2.0329657238133419e-07,594.2,BID
1333,1712461680.5443552,3339013.12872046,587.8,0.0,594.2,BID
1334,1712461710.5344434,3339013.12872046,587.8,0.0,594.2,BID
1335,1712461740.38457,3339013.12872046,587.8,0.0,594.2,BID
1336,1712461766.3448138,3339030.14420455,587.7,-3.8669090859311905e-09,594.2,ASK
1337,1712461770.4439178,3339030.14420455,587.7,-0.0,594.2,ASK
1338,1712461787.9745924,3343720.57705065,585.3,-1.065937123787952e-06,594.2,ASK
1339,1712461787.9786763,3345925.58786903,585.3,-5.011057543696634e-07,594.2,ASK
1340,1712461788.1144223,3347495.98555167,585.3,3.5688501337965534e-07,594.2,BID
1341,1712461788.1170769,3351483.14048991,585.3,9.061117825187128e-07,594.2,BID
1342,1712461788.1940107,3352069.14048991,587.6,-1.331730300880665e-07,594.2,ASK
1343,1712461791.978113,3353527.14048991,587.1,3.3134177110648625e-07,594.2,BID
1344,1712461800.4463544,3353527.14048991,587.1,0.0,594.2,BID
1345,1712461803.4041712,3353934.89734483,587.1,9.252174233008297e-08,594.2,BID
1346,1712461807.3554718,3354374.66724015,587.1,9.9785635602063e-08,594.2,BID
1347,1712461830.409757,3354374.66724015,587.1,0.0,594.2,BID
1348,1712461860.535051,3354374.66724015,587.1,0.0,594.2,BID
1349,1712461890.5270226,3354374.66724015,587.1,0.0,594.2,BID
1350,1712461920.3888123,3354374.66724015,587.1,0.0,594.2,BID
1351,1712461935.1840832,3354688.59278973,587.1,7.122298386629775e-08,594.2,BID
1352,1712461950.4081843,3354688.59278973,587.1,0.0,594.2,BID
1353,1712461960.3241107,3355369.59278973,587.1,1.5449785471483634e-07,594.2,BID
1354,1712461980.4077785,3355369.59278973,587.1,0.0,594.2,BID
1355,1712462010.3856018,3355369.59278973,587.1,0.0,594.2,BID
1356,1712462040.5504415,3355369.59278973,587.1,0.0,594.2,BID
1357,1712462070.5447848,3355369.59278973,587.1,0.0,594.2,BID
1358,1712462100.371266,3355369.59278973,587.1,0.0,594.2,BID
1359,1712462105.114648,3355383.65528973,585.2,-3.1905161970495323e-09,594.2,ASK
1360,1712462130.377369,3355383.65528973,585.2,-0.0,594.2,ASK
1361,1712462140.4641173,3355426.37572719,585.2,-9.692443959265292e-09,594.2,ASK
1362,1712462160.534955,3355426.37572719,585.2,-0.0,594.2,ASK
1363,1712462190.5350635,3355426.37572719,585.2,-0.0,594.2,ASK
1364,1712462220.39225,3355426.37572719,585.2,-0.0,594.2,ASK
1365,1712462242.8858504,3355875.37572719,586.9,1.0186886915228077e-07,594.2,BID
1366,1712462242.8890803,3355892.37572719,586.9,3.856950502424884e-09,594.2,BID
1367,1712462250.404673,3355892.37572719,586.9,0.0,594.2,BID
1368,1712462259.474217,3355951.64029917,587.0,1.3445078707122172e-08,594.2,BID
1369,1712462259.4782572,3356865.37572719,587.1,2.0729492067267122e-07,594.2,BID
1370,1712462268.9841323,3356876.48783444,585.3,-2.520952258430546e-09,594.2,ASK
1371,1712462278.4243126,3356885.88472492,585.3,-2.1318289812363063e-09,594.2,ASK
1372,1712462280.3618412,3356902.55288579,585.3,-3.781428386483753e-09,594.2,ASK
1373,1712462280.53911,3356902.55288579,585.3,-0.0,594.2,ASK
1374,1712462310.52764,3356902.55288579,585.3,-0.0,594.2,ASK
1375,1712462336.6041214,3356928.18076893,585.3,-5.813296970133034e-09,594.2,ASK
1376,1712462340.3877146,3356928.18076893,585.3,-0.0,594.2,ASK
1377,1712462352.0065565,3357338.62366737,587.1,9.310243559326217e-08,594.2,BID
1378,1712462352.0096178,3357360.80178728,587.1,5.0307533358302055e-09,594.2,BID
1379,1712462352.0124946,3357377.46994816,586.8,3.780906870808198e-09,594.2,BID
1380,1712462370.3685882,3357377.46994816,586.8,0.0,594.2,BID
1381,1712462388.4943056,3362314.66490642,585.3,-1.1198570520916872e-06,594.2,ASK
1382,1712462388.4984677,3362560.20333809,585.1,-5.569315098753076e-08,594.2,ASK
1383,1712462388.5024867,3362569.69581929,585.2,-2.153089376369685e-09,594.2,ASK
1384,1712462388.506507,3364327.09666901,585.2,-3.986145476427621e-07,594.2,ASK
1385,1712462388.5089314,3365856.11654453,585.1,-3.4681305981743973e-07,594.2,ASK
1386,1712462395.294309,3365865.61227102,585.0,-2.153825474768939e-09,594.2,ASK
1387,1712462395.2987037,3369493.51079459,585.0,-8.228817740113898e-07,594.2,ASK
1388,1712462400.5194306,3369493.51079459,585.0,-0.0,594.2,ASK
1389,1712462413.8041158,3369502.03410183,587.8,1.9313904331218052e-09,594.2,BID
1390,1712462413.8078735,3369616.25690309,587.8,2.588300754575344e-08,594.2,BID
1391,1712462413.814345,3369632.92506397,587.1,3.777022880464542e-09,594.2,BID
1392,1712462413.817381,3370083.71411187,588.0,1.021492749224754e-07,594.2,BID
1393,1712462430.4017158,3370083.71411187,588.0,0.0,594.2,BID
1394,1712462430.964115,3370134.73452003,588.0,1.1560369440093932e-08,594.2,BID
1395,1712462460.534623,3370134.73452003,588.0,0.0,594.2,BID
1396,1712462488.3940885,3370144.13622943,585.0,-2.130255306685773e-09,594.2,ASK
1397,1712462490.550678,3370144.13622943,585.0,-0.0,594.2,ASK
1398,1712462520.3969676,3370144.13622943,585.0,-0.0,594.2,ASK
1399,1712462549.0340943,3374791.73343235,585.0,-1.0530591667892814e-06,594.2,ASK
1400,1712462549.046637,3377142.69230417,585.0,-5.326835959792351e-07,594.2,ASK
1401,1712462549.0499766,3377193.97435545,585.0,-1.161955992182084e-08,594.2,ASK
1402,1712462549.093976,3378114.15235545,585.0,2.084952364996841e-07,594.2,BID
1403,1712462549.103965,3378651.04452945,585.0,1.216497903589368e-07,594.2,BID
1404,1712462549.1140797,3378691.14477644,585.0,9.085970844655891e-09,594.2,BID
1405,1712462549.1740465,3379089.14477644,587.3,-9.017940455742985e-08,594.2,ASK
1406,1712462549.19402,3380973.58600589,586.3,-4.269793668221976e-07,594.2,ASK
1407,1712462550.415125,3380973.58600589,586.3,-0.0,594.2,ASK
1408,1712462552.2182782,3381609.58600589,586.0,1.4389911317733897e-07,594.2,BID
1409,1712462555.544169,3385468.58600589,586.0,8.731237071562123e-07,594.2,BID
1410,1712462555.5640657,3385972.69806183,586.0,1.1405861288016313e-07,594.2,BID
1411,1712462555.567596,3387830.61442015,586.0,4.203655916979957e-07,594.2,BID
1412,1712462580.5450745,3387830.61442015,586.0,0.0,594.2,BID
1413,1712462610.5440335,3387830.61442015,586.0,0.0,594.2,BID
1414,1712462640.401498,3387830.61442015,586.0,0.0,594.2,BID
1415,1712462670.3866403,3387830.61442015,586.0,0.0,594.2,BID
1416,1712462700.5361128,3387830.61442015,586.0,0.0,594.2,BID
1417,1712462722.677554,3388144.29253949,586.0,7.09072379681075e-08,594.2,BID
1418,1712462730.549358,3388144.29253949,586.0,0.0,594.2,BID
1419,1712462760.3886778,3388144.29253949,586.0,0.0,594.2,BID
1420,1712462790.3975253,3388144.29253949,586.0,0.0,594.2,BID
1421,1712462820.51709,3388144.29253949,586.0,0.0,594.2,BID
1422,1712462832.0941815,3390606.71318795,586.0,-5.566094074618703e-07,594.2,ASK
1423,1712462850.6017857,3390606.71318795,586.0,-0.0,594.2,ASK
1424,1712462871.881397,3390616.21216195,584.8,-2.146462793272055e-09,594.2,ASK
1425,1712462871.885856,3391323.21216195,584.8,-1.597592745175593e-07,594.2,ASK
1426,1712462871.8885517,3391332.71276054,584.7,-2.146829898554059e-09,594.2,ASK
1427,1712462871.8903933,3391342.21986305,584.3,-2.148299575325829e-09,594.2,ASK
1428,1712462871.8922532,3391513.16226939,584.7,-3.86274891388544e-08,594.2,ASK
1429,1712462871.8940814,3391522.66611883,584.5,-2.1475644860321647e-09,594.2,ASK
1430,1712462871.8959548,3391533.8885217,584.3,-2.5359023209126357e-09,594.2,ASK
1431,1712462871.8978078,3391548.49515758,584.7,-3.3006301998402434e-09,594.2,ASK
1432,1712462871.899707,3391558.00714388,584.0,-2.149403154866143e-09,594.2,ASK
1433,1712462871.9020624,3391631.03664706,584.5,-1.6502320291999015e-08,594.2,ASK
1434,1712462871.904086,3391640.54212276,584.4,-2.1479319685439404e-09,594.2,ASK
1435,1712462871.905965,3391650.03947273,584.9,-2.146095814785553e-09,594.2,ASK
1436,1712462871.907858,3391659.54820261,584.2,-2.148667308692772e-09,594.2,ASK
1437,1712462871.9097376,3393887.86496641,583.4,-5.035279626308628e-07,594.2,ASK
1438,1712462871.9116817,3393897.37858175,583.9,-2.149771265568081e-09,594.2,ASK
1439,1712462871.9135864,3395044.51755721,583.4,-2.592165353468807e-07,594.2,ASK
1440,1712462871.9155085,3395054.01978095,584.6,-2.1471971302106672e-09,594.2,ASK
1441,1712462871.9174016,3395063.53828677,583.6,-2.15087635686854e-09,594.2,ASK
1442,1712462871.9193244,3395073.04701665,584.2,-2.1486673085875477e-09,594.2,ASK
1443,1712462871.9212396,3395082.56715375,583.5,-2.151244973700241e-09,594.2,ASK
1444,1712462871.923172,3395092.08892269,583.4,-2.1516137171169958e-09,594.2,ASK
1445,1712462871.9250798,3395101.60416763,583.8,-2.150139502749848e-09,594.2,ASK
1446,1712462880.535087,3395101.60416763,583.8,-0.0,594.2,ASK
1447,1712462910.5468135,3395101.60416763,583.8,-0.0,594.2,ASK
1448,1712462940.4083233,3395101.60416763,583.8,-0.0,594.2,ASK
1449,1712462952.574609,3395118.63414038,587.2,3.845946238571938e-09,594.2,BID
1450,1712462962.0742557,3395140.42691087,587.2,4.921547727747128e-09,594.2,BID
1451,1712462970.415214,3395140.42691087,587.2,0.0,594.2,BID
1452,1712463000.4357889,3395140.42691087,587.2,0.0,594.2,BID
1453,1712463030.4040444,3395140.42691087,587.2,0.0,594.2,BID
1454,1712463060.5349083,3395140.42691087,587.2,0.0,594.2,BID
1455,1712463090.5640771,3395140.42691087,587.2,0.0,594.2,BID
1456,1712463102.751051,3395169.11094035,586.4,6.477794707314356e-09,594.2,BID
1457,1712463108.6641395,3395339.41066787,586.4,3.8459264390943966e-08,594.2,BID
1458,1712463120.3641064,3395339.41066787,586.4,0.0,594.2,BID
1459,1712463150.4170198,3395339.41066787,586.4,0.0,594.2,BID
1460,1712463180.4387891,3395339.41066787,586.4,0.0,594.2,BID
1461,1712463210.3959105,3395339.41066787,586.4,0.0,594.2,BID
1462,1712463240.5365374,3395339.41066787,586.4,0.0,594.2,BID
1463,1712463270.5590622,3395339.41066787,586.4,0.0,594.2,BID
1464,1712463300.4454916,3395339.41066787,586.4,0.0,594.2,BID
1465,1712463310.2742882,3395744.75444769,586.3,9.159507149126889e-08,594.2,BID
1466,1712463310.2786307,3397774.08745449,586.3,4.585660643909297e-07,594.2,BID
1467,1712463330.400947,3397774.08745449,586.3,0.0,594.2,BID
1468,1712463358.0743434,3397945.14938028,583.9,-3.864220380665276e-08,594.2,ASK
1469,1712463358.079872,3398000.14938028,583.8,-1.2424279684373558e-08,594.2,ASK
1470,1712463358.08525,3398202.56145126,583.3,-4.572407602448507e-08,594.2,ASK
1471,1712463360.533891,3398202.56145126,583.3,-0.0,594.2,ASK
1472,1712463374.984193,3398714.07040267,583.3,-1.1554129653293652e-07,594.2,ASK
1473,1712463387.8042006,3398724.91103291,586.3,2.448716624974641e-09,594.2,BID
1474,1712463390.53394,3398724.91103291,586.3,0.0,594.2,BID
1475,1712463420.374353,3398724.91103291,586.3,0.0,594.2,BID
1476,1712463448.7743764,3398776.15779567,586.3,1.1574987824099927e-08,594.2,BID
1477,1712463450.416018,3398776.15779567,586.3,0.0,594.2,BID
1478,1712463480.5344276,3398776.15779567,586.3,0.0,594.2,BID
1479,1712463495.73415,3399054.34438956,586.1,6.28329363951216e-08,594.2,BID
1480,1712463510.544105,3399054.34438956,586.1,0.0,594.2,BID
1481,1712463540.3888578,3399054.34438956,586.1,0.0,594.2,BID
1482,1712463561.9541342,3399079.9854152,585.0,-5.7912266071243865e-09,594.2,ASK
1483,1712463562.034086,3399693.9854152,584.7,1.3867671234188513e-07,594.2,BID
1484,1712463570.385054,3399693.9854152,584.7,0.0,594.2,BID
1485,1712463600.3981438,3399693.9854152,584.7,0.0,594.2,BID
1486,1712463607.1340396,3399704.28687632,583.7,2.339448470120507e-09,594.2,BID
1487,1712463607.2542846,3400460.87837444,584.1,-1.7182094871219145e-07,594.2,ASK
1488,1712463607.259093,3402078.44951029,584.1,-3.673483086469837e-07,594.2,ASK
1489,1712463607.3612316,3402446.16668508,584.1,-8.350809384881877e-08,594.2,ASK
1490,1712463607.4342282,3403124.41248508,584.1,1.5402874220176248e-07,594.2,BID
1491,1712463618.8840885,3403179.41248508,583.3,-1.2490428722302272e-08,594.2,ASK
1492,1712463618.887883,3403580.90334336,583.3,-9.117805360006456e-08,594.2,ASK
1493,1712463618.9540603,3404329.4044794,583.3,1.699836379685094e-07,594.2,BID
1494,1712463618.9642336,3406267.35617279,583.3,4.40106318064603e-07,594.2,BID
1495,1712463622.2140613,3408068.35617279,583.3,4.09004765979389e-07,594.2,BID
1496,1712463622.218213,3409371.53937279,583.3,2.95951215849196e-07,594.2,BID
1497,1712463622.2340488,3409381.06440708,583.2,-2.163122943169461e-09,594.2,ASK
1498,1712463622.3951864,3410251.43840708,583.2,1.976608074316922e-07,594.2,BID
1499,1712463622.4939916,3410758.11492256,583.2,1.1506558003396176e-07,594.2,BID
1500,1712463629.2641497,3410767.64159037,583.1,-2.1634939134985606e-09,594.2,ASK
1501,1712463629.331746,3411037.72028395,583.1,6.133452130141552e-08,594.2,BID
1502,1712463629.333962,3412658.98238124,583.3,3.681865212066975e-07,594.2,BID
1503,1712463629.3360271,3413276.98238124,583.3,1.4034699909786918e-07,594.2,BID
1504,1712463629.3442445,3413324.3909792,583.9,1.0766431157188618e-08,594.2,BID
1505,1712463629.3464465,3414007.39587141,583.3,1.551095258751433e-07,594.2,BID
1506,1712463630.377109,3414007.39587141,583.3,0.0,594.2,BID
1507,1712463635.6749687,3414016.92744313,582.8,-2.1605099480954204e-09,594.2,ASK
1508,1712463635.6796918,3414050.36881783,583.0,-7.580116358710737e-09,594.2,ASK
1509,1712463635.6839929,3414059.89875435,582.9,-2.160139299297069e-09,594.2,ASK
1510,1712463635.686081,3414069.42705623,583.0,-2.1597687774764355e-09,594.2,ASK
1511,1712463635.688189,3414161.65272981,582.7,-2.0904682994278728e-08,594.2,ASK
1512,1712463635.690283,3414171.65272981,583.0,-2.266688025447477e-09,594.2,ASK
1513,1712463635.6924243,3414181.18593729,582.7,-2.160880723871486e-09,594.2,ASK
1514,1712463635.6945405,3414182.60029129,582.6,-3.2058992750335165e-10,594.2,ASK
1515,1712463660.5318422,3414182.60029129,582.6,-0.0,594.2,ASK
1516,1712463690.5574176,3414182.60029129,582.6,-0.0,594.2,ASK
1517,1712463720.4142654,3414182.60029129,582.6,-0.0,594.2,ASK
1518,1712463750.3641129,3414182.60029129,582.6,-0.0,594.2,ASK
1519,1712463780.4179144,3414182.60029129,582.6,-0.0,594.2,ASK
1520,1712463781.0242336,3414267.96822709,585.7,1.9349799928469213e-08,594.2,BID
1521,1712463784.5446212,3414650.65364707,585.9,8.674083826395164e-08,594.2,BID
1522,1712463784.550532,3414927.98417678,585.7,6.28607241543571e-08,594.2,BID
1523,1712463784.5542314,3415120.63033789,585.8,4.366586399832023e-08,594.2,BID
1524,1712463810.383484,3415120.63033789,585.8,0.0,594.2,BID
1525,1712463840.5261614,3415120.63033789,585.8,0.0,594.2,BID
1526,1712463870.524228,3415120.63033789,585.8,0.0,594.2,BID
1527,1712463900.3986995,3415120.63033789,585.8,0.0,594.2,BID
1528,1712463912.694082,3415548.96320918,585.7,9.749069518780453e-08,594.2,BID
1529,1712463930.378098,3415548.96320918,585.7,0.0,594.2,BID
1530,1712463960.524195,3415548.96320918,585.7,0.0,594.2,BID
1531,1712463990.544295,3415548.96320918,585.7,0.0,594.2,BID
1532,1712464020.402991,3415548.96320918,585.7,0.0,594.2,BID
1533,1712464050.374452,3415548.96320918,585.7,0.0,594.2,BID
1534,1712464080.5241954,3415548.96320918,585.7,0.0,594.2,BID
1535,1712464110.524398,3415548.96320918,585.7,0.0,594.2,BID
1536,1712464140.3715694,3415548.96320918,585.7,0.0,594.2,BID
1537,1712464170.3718455,3415548.96320918,585.7,0.0,594.2,BID
1538,1712464195.7848225,3416979.31683892,585.6,3.255370229797203e-07,594.2,BID
1539,1712464200.4673254,3416979.31683892,585.6,0.0,594.2,BID
1540,1712464230.386321,3416979.31683892,585.6,0.0,594.2,BID
1541,1712464260.531654,3416979.31683892,585.6,0.0,594.2,BID
1542,1712464290.5239992,3416979.31683892,585.6,0.0,594.2,BID
1543,1712464320.383049,3416979.31683892,585.6,0.0,594.2,BID
1544,1712464350.374226,3416979.31683892,585.6,0.0,594.2,BID
1545,1712464380.5141478,3416979.31683892,585.6,0.0,594.2,BID
1546,1712464410.51393,3416979.31683892,585.6,0.0,594.2,BID
1547,1712464440.4342875,3416979.31683892,585.6,0.0,594.2,BID
1548,1712464465.3140829,3417004.95786456,585.0,-5.834917888677889e-09,594.2,ASK
1549,1712464470.369877,3417004.95786456,585.0,-0.0,594.2,ASK
1550,1712464495.814729,3417542.01479259,582.8,-1.2221322282601054e-07,594.2,ASK
