,time,acc_trade_volume,trade_price,dev,high,ask_bid
0,1712451675.1082814,83899.49474404,67620.0,0.0,67810.0,BID
1,1712451676.759524,83919.30278514,67600.0,6.221162516909009e-10,67810.0,BID
2,1712451678.8108163,83940.84399678,67600.0,6.76550385507676e-10,67810.0,BID
3,1712451682.639683,83954.31177472,67600.0,4.22985972633324e-10,67810.0,BID
4,1712451682.7407384,83958.95875046,67590.0,-1.4594876466964599e-10,67810.0,ASK
5,1712451686.5093622,83972.07349898,67600.0,4.1189828665725926e-10,67810.0,BID
6,1712451686.5193655,83973.07349898,67590.0,-3.140725771671506e-11,67810.0,ASK
7,1712451687.8193836,83984.07349898,67600.0,3.4547983488386557e-10,67810.0,BID
8,1712451689.0318522,83995.19939283,67600.0,3.4943381547609387e-10,67810.0,BID
9,1712451689.0326035,83995.27351622,67600.0,2.328012412247361e-12,67810.0,BID
10,1712451690.210817,83995.27351622,67600.0,0.0,67810.0,BID
11,1712451696.779509,83996.57351622,67600.0,-4.081792292226629e-11,67810.0,ASK
12,1712451697.5599797,83996.64763961,67660.0,2.327356015330325e-12,67810.0,BID
13,1712451697.5610976,83999.19661701,67660.0,8.003381772587023e-11,67810.0,BID
14,1712451697.8191876,84000.19661701,67660.0,3.139840224782686e-11,67810.0,BID
15,1712451706.049837,84005.88222176,67660.0,1.7851890496232787e-10,67810.0,BID
16,1712451706.051144,84006.03046854,67660.0,4.65471203066065e-12,67810.0,BID
17,1712451706.052413,84006.10451524,67660.0,2.324948071711564e-12,67810.0,BID
18,1712451707.109596,84016.4158232,67660.0,-3.237585950293211e-10,67810.0,ASK
19,1712451707.991031,84017.4158232,67660.0,-3.139840224782686e-11,67810.0,ASK
20,1712451707.9992745,84148.99442961,67660.0,-4.131358011269534e-09,67810.0,ASK
21,1712451713.3796985,84290.48744904,67660.0,4.4426547393225934e-09,67810.0,BID
22,1712451716.8696914,84290.78304467,67660.0,-9.281230493417745e-12,67810.0,ASK
23,1712451720.1492753,84290.78304467,67660.0,-0.0,67810.0,ASK
24,1712451720.4107895,84290.85706949,67680.0,2.3228028593105937e-12,67810.0,BID
25,1712451720.411909,84291.00511913,67680.0,4.6456057186211874e-12,67810.0,BID
26,1712451720.4130402,84291.07913301,67690.0,2.3224595763316072e-12,67810.0,BID
27,1712451720.4144974,84297.50731096,67680.0,2.0170788827394207e-10,67810.0,BID
28,1712451720.4156024,84298.45151469,67690.0,2.962788864243336e-11,67810.0,BID
29,1712451720.4167173,84298.52563808,67680.0,2.325895858170406e-12,67810.0,BID
30,1712451720.417827,84298.67369866,67690.0,4.6459490016001735e-12,67810.0,BID
31,1712451720.4189494,84301.70899797,67700.0,9.524375629618375e-11,67810.0,BID
32,1712451720.4200597,84301.78304467,67690.0,2.3234894252685666e-12,67810.0,BID
33,1712451734.4405072,84301.85702576,67700.0,2.3214306684889416e-12,67810.0,BID
34,1712451734.441652,84302.00498794,67700.0,4.642861337434503e-12,67810.0,BID
35,1712451734.4425974,84342.34652721,67700.0,1.265865189041549e-09,67810.0,BID
36,1712451735.6230834,84342.42054109,67700.0,-2.3224595763316072e-12,67810.0,ASK
37,1712451739.0191252,84345.38504199,67700.0,-9.302219399882652e-11,67810.0,ASK
38,1712451742.233289,84346.0740454,67700.0,-2.1620033534700358e-11,67810.0,ASK
39,1712451745.669439,84418.09921381,67660.0,-2.260056385425863e-09,67810.0,ASK
40,1712451746.7695696,84418.17322769,67700.0,2.3224595763316072e-12,67810.0,BID
41,1712451746.7710886,84447.61096686,67700.0,9.237180815035831e-10,67810.0,BID
42,1712451746.7791288,84448.06999121,67700.0,1.44035888590412e-11,67810.0,BID
43,1712451750.1404831,84448.06999121,67700.0,0.0,67810.0,BID
44,1712451750.9576285,84448.2177017,67700.0,-4.633415905526402e-12,67810.0,ASK
45,1712451755.0093932,84451.17191144,67700.0,-9.2668316221208e-11,67810.0,ASK
46,1712451757.1701462,84471.17191144,67700.0,6.27364502706546e-10,67810.0,BID
47,1712451761.6148596,84488.76685085,67670.0,-5.51922020655403e-10,67810.0,ASK
48,1712451765.2997885,84488.84083194,67720.0,2.320655486804371e-12,67810.0,BID
49,1712451765.311208,84496.21320461,67700.0,2.3125824569400888e-10,67810.0,BID
50,1712451765.3127337,84496.36116679,67720.0,4.641310973608742e-12,67810.0,BID
51,1712451765.31472,84496.65722231,67720.0,9.286736203823112e-12,67810.0,BID
52,1712451765.3162837,84496.73123619,67700.0,2.321684051069895e-12,67810.0,BID
53,1712451765.3177,84496.87926395,67720.0,4.64336810213979e-12,67810.0,BID
54,1712451765.318948,84502.30200109,67700.0,1.7010163945737027e-10,67810.0,BID
55,1712451765.320182,84502.89407934,67720.0,1.8572443843380688e-11,67810.0,BID
56,1712451765.321426,84508.76685085,67730.0,1.8421841889434102e-10,67810.0,BID
57,1712451766.749503,84509.05852488,67670.0,-9.149296639131536e-12,67810.0,ASK
58,1712451773.7008448,84509.13252783,67700.0,2.3213411963147203e-12,67810.0,BID
59,1712451773.70267,84527.37347248,67700.0,5.721860584620902e-10,67810.0,BID
60,1712451773.7043686,84527.44747543,67700.0,2.3213411963147203e-12,67810.0,BID
61,1712451773.706027,84527.59593025,67730.0,4.656764216030636e-12,67810.0,BID
62,1712451773.7081444,84527.74393615,67700.0,4.642682392629441e-12,67810.0,BID
63,1712451773.7098253,84528.76254587,67730.0,3.195197902217374e-11,67810.0,BID
64,1712451773.7111702,84528.83654882,67700.0,2.3213411963147203e-12,67810.0,BID
65,1712451773.7125204,84528.91052991,67730.0,2.320655486804371e-12,67810.0,BID
66,1712451773.7138553,84529.05852488,67730.0,4.642339537874266e-12,67810.0,BID
67,1712451774.0031128,84533.81604094,67730.0,1.4923483485487107e-10,67810.0,BID
68,1712451774.004887,84611.05852488,67730.0,2.4229596262419707e-09,67810.0,BID
69,1712451780.212969,84611.05852488,67730.0,0.0,67810.0,BID
70,1712451788.4542253,84619.85599458,67670.0,-2.7586550688159656e-10,67810.0,ASK
71,1712451794.422068,84620.22557834,67670.0,-1.1589174474844724e-11,67810.0,ASK
72,1712451796.5207262,84637.91768585,67660.0,-5.547779500798284e-10,67810.0,ASK
73,1712451796.521886,84720.22557834,67660.0,-2.580958986666523e-09,67810.0,ASK
74,1712451796.522904,84725.74536473,67660.0,-1.7308598066059367e-10,67810.0,ASK
75,1712451796.523795,84729.74536471,67660.0,-1.2542947684288439e-10,67810.0,ASK
76,1712451796.5256286,84729.74536473,67660.0,-6.269696388465653e-19,67810.0,ASK
77,1712451806.9696558,84792.41231894,67610.0,-1.9650708302968597e-09,67810.0,ASK
78,1712451810.218891,84792.41231894,67610.0,-0.0,67810.0,ASK
79,1712451810.9108238,85392.14115988,67610.0,-1.8798687456709e-08,67810.0,ASK
80,1712451810.9123936,85558.18461743,67600.0,-5.2046839331943405e-09,67810.0,ASK
81,1712451813.906546,85573.11051247,67600.0,4.678568324790652e-10,67810.0,BID
82,1712451821.4294925,85711.7273137,67600.0,4.344986841865544e-09,67810.0,BID
83,1712451823.9986856,85725.09431419,67600.0,4.189927968970516e-10,67810.0,BID
84,1712451827.3895123,85738.46131468,67600.0,-4.1899279689659534e-10,67810.0,ASK
85,1712451832.589847,85742.68245521,67600.0,1.3231296565630904e-10,67810.0,BID
86,1712451832.5919757,85743.46131468,67670.0,2.441359286007149e-11,67810.0,BID
87,1712451840.1504269,85743.46131468,67670.0,0.0,67810.0,BID
88,1712451843.921497,85749.93233152,67600.0,2.0242806467010518e-10,67810.0,BID
89,1712451846.9897375,85750.09786348,67600.0,5.178214665716192e-12,67810.0,BID
90,1712451847.0693305,85753.04987035,67600.0,-9.234546167368907e-11,67810.0,ASK
91,1712451848.619459,85753.20227171,67670.0,4.767459754857629e-12,67810.0,BID
92,1712451859.8617363,85802.51108855,67670.0,1.5424914833146555e-09,67810.0,BID
93,1712451862.1296012,85806.59877881,67670.0,1.2787221062182368e-10,67810.0,BID
94,1712451862.2894285,85813.98019228,67670.0,2.3090733345385468e-10,67810.0,BID
95,1712451870.1484344,85813.98019228,67670.0,0.0,67810.0,BID
96,1712451878.772751,85814.18013703,67670.0,6.253791256970358e-12,67810.0,BID
97,1712451878.7747667,85892.24970378,67670.0,2.441828425005432e-09,67810.0,BID
98,1712451878.7792947,85895.19142346,67670.0,9.200992181757896e-11,67810.0,BID
99,1712451885.799714,85895.95537997,67610.0,-2.389472363219451e-11,67810.0,ASK
100,1712451885.8010178,85906.33944538,67600.0,-3.2478861022069565e-10,67810.0,ASK
101,1712451898.9494376,85972.43339544,67600.0,-2.067259915687842e-09,67810.0,ASK
102,1712451900.2192392,85972.43339544,67600.0,-0.0,67810.0,ASK
103,1712451913.6704402,85981.4245118,67670.0,2.8300698651266053e-10,67810.0,BID
104,1712451913.6713696,85981.49848015,67610.0,2.3282492398677935e-12,67810.0,BID
105,1712451916.4124455,85981.5727405,67610.0,2.337440316928658e-12,67810.0,BID
106,1712451918.4594853,85981.64664327,67670.0,2.326185024437844e-12,67810.0,BID
107,1712451918.4615693,86017.95161354,67670.0,1.1427457748481647e-09,67810.0,BID
108,1712451927.5293944,86018.17036906,67670.0,-6.885612199570314e-12,67810.0,ASK
109,1712451928.839576,86018.24437201,67700.0,2.329338319551943e-12,67810.0,BID
110,1712451928.8415585,86018.31807954,67700.0,2.320039593858677e-12,67810.0,BID
111,1712451930.2215917,86018.31807954,67700.0,0.0,67810.0,BID
112,1712451938.2197628,86018.39194956,67700.0,2.3249269513142984e-12,67810.0,BID
113,1712451938.22133,86029.78031002,67700.0,3.584283064238221e-10,67810.0,BID
114,1712451939.1199155,86036.6439782,67690.0,-2.1602169778987302e-10,67810.0,ASK
115,1712451939.1219113,86044.03277678,67690.0,-2.325492392730524e-10,67810.0,ASK
116,1712451940.2291195,86051.41939223,67690.0,2.324805291549207e-10,67810.0,BID
117,1712451940.5493934,86051.56712453,67690.0,4.649610299837331e-12,67810.0,BID
118,1712451942.6995382,86167.56712453,67670.0,-3.6508928296752782e-09,67810.0,ASK
119,1712451949.874087,86168.16435889,67670.0,-1.8796884849671007e-11,67810.0,ASK
120,1712451949.87526,86168.1984726,67670.0,-1.073668096501518e-12,67810.0,ASK
121,1712451952.345832,86171.88118574,67700.0,1.1590681893619507e-10,67810.0,BID
122,1712451952.347767,86188.90761169,67740.0,5.358763484124027e-10,67810.0,BID
123,1712451952.3537424,86213.78901479,67690.0,7.830977256041157e-10,67810.0,BID
124,1712451952.3549137,86213.86360858,67700.0,2.347706319136328e-12,67810.0,BID
125,1712451952.356023,86219.86360858,67690.0,1.8883928429354886e-10,67810.0,BID
126,1712451952.3571267,86220.01279616,67700.0,4.695412638730651e-12,67810.0,BID
127,1712451952.3582351,86225.44406754,67730.0,1.7093956670062506e-10,67810.0,BID
128,1712451952.3593628,86225.51866133,67690.0,2.3477063195943228e-12,67810.0,BID
129,1712451952.3604784,86242.01010531,67730.0,5.190387463580915e-10,67810.0,BID
130,1712451954.031883,86286.38399885,67740.0,1.3965890495687264e-09,67810.0,BID
131,1712451954.0343952,86315.82173802,67730.0,9.265002660137131e-10,67810.0,BID
132,1712451955.679348,86315.96936128,67740.0,4.6461784609178606e-12,67810.0,BID
133,1712451960.1393611,86315.96936128,67740.0,0.0,67810.0,BID
134,1712451963.7493725,86316.04332053,67670.0,-2.326259955581553e-12,67810.0,ASK
135,1712451965.0096602,86316.11727978,67670.0,-2.326259955123848e-12,67810.0,ASK
136,1712451965.91942,86316.19123903,67670.0,-2.326259955581553e-12,67810.0,ASK
137,1712451966.839228,86316.26519828,67670.0,-2.326259955581553e-12,67810.0,ASK
138,1712451967.6992705,86316.33915753,67670.0,-2.326259955581553e-12,67810.0,ASK
139,1712451968.690144,86316.41311678,67670.0,-2.326259955123848e-12,67810.0,ASK
140,1712451973.451121,86341.346208,67730.0,7.842271476730653e-10,67810.0,BID
141,1712451973.452735,86374.5163589,67740.0,1.043309575962822e-09,67810.0,BID
142,1712451973.4543226,86375.0163589,67740.0,1.5726632946413503e-11,67810.0,BID
143,1712451973.455931,86375.09031815,67730.0,2.326259955581553e-12,67810.0,BID
144,1712451973.4575226,86375.31300038,67740.0,7.004083389795095e-12,67810.0,BID
145,1712451973.459178,86375.53487813,67730.0,6.978779866286954e-12,67810.0,BID
146,1712451973.4608333,86376.0540266,67740.0,1.6328914864903926e-11,67810.0,BID
147,1712451973.46245,86376.2019451,67740.0,4.652519910705401e-12,67810.0,BID
148,1712451973.7693093,86376.61334827,67740.0,-1.2939973295193194e-11,67810.0,ASK
149,1712451973.9391968,86432.26739221,67740.0,-1.750501442055828e-09,67810.0,ASK
150,1712451979.129668,86432.34068936,67750.0,2.305434748484234e-12,67810.0,BID
151,1712451979.1319852,86432.41499368,67750.0,2.3371135336599585e-12,67810.0,BID
152,1712451981.8400593,86432.41600085,67750.0,3.167878609113479e-14,67810.0,BID
153,1712451981.8423543,86432.78697273,67750.0,1.1668277180232478e-11,67810.0,BID
154,1712451981.8446748,86432.86078823,67750.0,2.321738548509131e-12,67810.0,BID
155,1712451982.7622445,86434.13334201,67750.0,-4.002597240525345e-11,67810.0,ASK
156,1712451982.7644303,86616.86078823,67740.0,-5.747374951874915e-09,67810.0,ASK
157,1712451982.8204074,86618.27906658,67740.0,-4.460948605259112e-11,67810.0,ASK
158,1712451982.8225417,86619.27906658,67730.0,-3.1453265892827007e-11,67810.0,ASK
159,1712451983.4401853,86620.27906658,67680.0,3.1453265892827007e-11,67810.0,BID
160,1712451983.9098527,86620.42684255,67670.0,-4.6480368771841816e-12,67810.0,ASK
161,1712451983.9126484,86624.86012169,67670.0,-1.3944110756734934e-10,67810.0,ASK
162,1712451983.915406,86627.09126708,67630.0,-7.017680919734483e-11,67810.0,ASK
163,1712451983.9181314,86627.76706327,67670.0,-2.125599725343748e-11,67810.0,ASK
164,1712451985.409339,86637.06006696,67680.0,2.922953160043557e-10,67810.0,BID
165,1712451986.4692466,86638.72563694,67680.0,5.238761544414668e-11,67810.0,BID
166,1712451989.7492943,86638.86258158,67750.0,4.307356174700603e-12,67810.0,BID
167,1712451990.141045,86638.86258158,67750.0,0.0,67810.0,BID
168,1712452003.1163886,86648.86258158,67690.0,-3.1431643432950083e-10,67810.0,ASK
169,1712452010.1693895,86677.68943277,67740.0,9.060753078986375e-10,67810.0,BID
170,1712452012.519621,86707.68943277,67690.0,-9.429493029885023e-10,67810.0,ASK
171,1712452020.2198367,86707.68943277,67690.0,-0.0,67810.0,ASK
172,1712452022.6797729,86708.25808286,67690.0,-1.78709890914353e-11,67810.0,ASK
173,1712452023.9498158,86708.35808286,67740.0,3.1427039938968965e-12,67810.0,BID
174,1712452024.269634,86720.35808286,67690.0,-3.771244793005548e-10,67810.0,ASK
175,1712452024.3693583,86720.75360587,67690.0,-1.243011743348056e-11,67810.0,ASK
176,1712452027.4243417,86720.85360587,67740.0,3.1427039938968965e-12,67810.0,BID
177,1712452029.3805938,86747.16543519,67740.0,8.26902910979473e-10,67810.0,BID
178,1712452035.27115,86747.23939444,67740.0,2.324320303449213e-12,67810.0,BID
179,1712452035.2735665,86757.07690387,67740.0,3.091638017835573e-10,67810.0,BID
180,1712452035.2758622,86757.15086312,67740.0,2.3243203039065362e-12,67810.0,BID
181,1712452035.2777476,86760.3233942,67740.0,9.970326096734978e-11,67810.0,BID
182,1712452038.18874,86760.39735345,67750.0,2.3243203039065362e-12,67810.0,BID
183,1712452038.1900887,86760.4713127,67750.0,2.3243203039065362e-12,67810.0,BID
184,1712452038.1991844,86760.7671497,67750.0,9.297281215168822e-12,67810.0,BID
185,1712452038.2013958,86774.28510637,67750.0,4.2482936419874487e-10,67810.0,BID
186,1712452041.033224,86774.43572584,67750.0,4.733524099390699e-12,67810.0,BID
187,1712452042.4397583,86774.50982178,67750.0,2.328616065870385e-12,67810.0,BID
188,1712452042.442666,86780.36742717,67750.0,1.8408719855442647e-10,67810.0,BID
189,1712452042.4452205,86780.44152311,67750.0,2.328616065870385e-12,67810.0,BID
190,1712452043.3418937,86780.51582743,67760.0,2.335164832653634e-12,67810.0,BID
191,1712452043.3443685,86780.59363225,67760.0,2.445175185825832e-12,67810.0,BID
192,1712452044.8493624,86791.79413823,67750.0,-3.5199874880083646e-10,67810.0,ASK
193,1712452044.9092522,86799.33045047,67750.0,-2.3684398577974005e-10,67810.0,ASK
194,1712452044.9384935,86825.39565616,67750.0,-8.19152260308587e-10,67810.0,ASK
195,1712452050.271321,86825.39565616,67750.0,-0.0,67810.0,ASK
196,1712452050.7858884,86825.48421704,67750.0,2.782509068441732e-12,67810.0,BID
197,1712452053.0197122,86831.01863032,67750.0,1.73886654495256e-10,67810.0,BID
198,1712452055.5512657,86831.33347902,67750.0,9.892283851101348e-12,67810.0,BID
199,1712452056.949628,86831.48399075,67740.0,-4.728953164005055e-12,67810.0,ASK
200,1712452060.5093803,86831.55808669,67740.0,-2.3280327048692763e-12,67810.0,ASK
201,1712452061.0894315,86831.70872838,67750.0,4.733036399301688e-12,67810.0,BID
202,1712452061.2892275,86831.78282432,67740.0,-2.3280327048692763e-12,67810.0,ASK
203,1712452062.1712158,86831.85692026,67740.0,-2.3280327048692763e-12,67810.0,ASK
204,1712452063.8540418,86832.85692026,67740.0,-3.1419166892243314e-11,67810.0,ASK
205,1712452063.8565893,86832.9310162,67740.0,-2.3280327048692763e-12,67810.0,ASK
206,1712452064.359411,86833.00511214,67740.0,-2.3280327048692763e-12,67810.0,ASK
207,1712452064.6197257,86833.15724372,67750.0,4.779847501316773e-12,67810.0,BID
208,1712452064.9993856,86833.2527779,67740.0,-3.0016043453323165e-12,67810.0,ASK
209,1712452065.0010946,86841.7065146,67740.0,-2.65609364240419e-10,67810.0,ASK
210,1712452072.1299193,86846.7065146,67700.0,-1.5709583446121654e-10,67810.0,ASK
211,1712452072.252281,86846.78061054,67700.0,-2.3280327048692763e-12,67810.0,ASK
212,1712452073.0693448,86846.85470648,67700.0,-2.3280327048692763e-12,67810.0,ASK
213,1712452074.6207335,86846.92880242,67700.0,-2.3280327053264854e-12,67810.0,ASK
214,1712452079.2622504,86850.62265584,67700.0,-1.1605779707805956e-10,67810.0,ASK
215,1712452079.682042,86887.53766164,67740.0,1.1598387280586019e-09,67810.0,BID
216,1712452079.6838455,86897.910497,67740.0,3.2590584532165845e-10,67810.0,BID
217,1712452080.13015,86897.910497,67740.0,0.0,67810.0,BID
218,1712452080.6395383,86898.85429873,67700.0,-2.964888845635299e-11,67810.0,ASK
219,1712452080.641658,86902.32368187,67700.0,-1.0898830809539238e-10,67810.0,ASK
220,1712452081.8109334,86904.14774572,67700.0,-5.7301723346070116e-11,67810.0,ASK
221,1712452081.8137722,86907.41700782,67690.0,-1.0270164194099272e-10,67810.0,ASK
222,1712452081.8167667,86912.32368187,67680.0,-1.5413982299055484e-10,67810.0,ASK
223,1712452088.844092,86914.58028645,67650.0,-7.088969574446238e-11,67810.0,ASK
224,1712452088.8474684,86915.11529956,67630.0,-1.680707241452666e-11,67810.0,ASK
225,1712452088.8507144,86918.31027664,67630.0,-1.0036802863845956e-10,67810.0,ASK
226,1712452088.8540015,86920.08280248,67700.0,-5.568269186827991e-11,67810.0,ASK
227,1712452088.8565638,86920.58841638,67600.0,-1.588351625814315e-11,67810.0,ASK
228,1712452088.8580542,86966.72741431,67620.0,-1.449425191366466e-09,67810.0,ASK
229,1712452088.859579,86968.73596759,67680.0,-6.30973331204774e-11,67810.0,ASK
230,1712452088.8610892,86975.16234955,67670.0,-2.0188041180047598e-10,67810.0,ASK
231,1712452088.862629,87006.00881404,67600.0,-9.690206701983636e-10,67810.0,ASK
232,1712452088.8642094,87034.76206533,67620.0,-9.03263803358576e-10,67810.0,ASK
233,1712452088.866356,87103.09550511,67600.0,-2.146648463846777e-09,67810.0,ASK
234,1712452088.867938,87105.28437553,67570.0,-6.876187324639576e-11,67810.0,ASK
235,1712452088.8694785,87106.01338225,67550.0,-2.2901249529922487e-11,67810.0,ASK
236,1712452088.8710375,87115.55454362,67600.0,-2.9972908526424167e-10,67810.0,ASK
237,1712452088.8726006,87121.4743305,67550.0,-1.8596607244061227e-10,67810.0,ASK
238,1712452088.8741734,87122.01618119,67590.0,-1.7021870332775597e-11,67810.0,ASK
239,1712452088.8757598,87123.50201704,67560.0,-4.66765211173488e-11,67810.0,ASK
240,1712452088.877337,87157.00124077,67550.0,-1.052355294736837e-09,67810.0,ASK
241,1712452088.8789165,87181.56492381,67580.0,-7.716513706027552e-10,67810.0,ASK
242,1712452088.8805015,87184.85094201,67570.0,-1.0322802340864036e-10,67810.0,ASK
243,1712452088.8820903,87219.00920724,67560.0,-1.073058634538422e-09,67810.0,ASK
244,1712452088.8837087,87226.40565694,67600.0,-2.3235442906923687e-10,67810.0,ASK
245,1712452088.8852863,87237.43900075,67550.0,-3.4660498018384164e-10,67810.0,ASK
246,1712452088.8868728,87281.79145491,67540.0,-1.3933021357756423e-09,67810.0,ASK
247,1712452088.8884735,87345.65755487,67580.0,-2.0063100264294763e-09,67810.0,ASK
248,1712452088.89007,87371.6939594,67560.0,-8.17915913033808e-10,67810.0,ASK
249,1712452088.8916895,87433.5293483,67580.0,-1.9425166217432123e-09,67810.0,ASK
250,1712452088.8932776,87434.4236112,67540.0,-2.8092659856704928e-11,67810.0,ASK
251,1712452088.8948865,87449.4236112,67550.0,-4.712147824164266e-10,67810.0,ASK
252,1712452088.8965328,87458.612509,67540.0,-2.8866296516465277e-10,67810.0,ASK
253,1712452088.940774,87503.03063159,67540.0,-1.395365064772729e-09,67810.0,ASK
254,1712452088.9442525,87510.15277239,67540.0,-2.2373720182781416e-10,67810.0,ASK
255,1712452088.9477842,87517.40758302,67520.0,-2.2790493416568583e-10,67810.0,ASK
256,1712452088.949568,87518.86919735,67520.0,-4.5915618565644616e-11,67810.0,ASK
257,1712452088.951172,87519.15590103,67530.0,-9.006600812664887e-12,67810.0,ASK
258,1712452088.9527822,87521.38346839,67540.0,-6.997751125763307e-11,67810.0,ASK
259,1712452088.9543867,87537.45964934,67530.0,-5.05022273895975e-10,67810.0,ASK
260,1712452091.411093,87537.61031325,67740.0,4.733004104485869e-12,67810.0,BID
261,1712452102.916993,87566.44840655,67560.0,-9.059290573109643e-10,67810.0,ASK
262,1712452105.5593004,87574.91384539,67550.0,-2.6593599473648994e-10,67810.0,ASK
263,1712452105.5691192,87575.51349126,67560.0,-1.883746654424899e-11,67810.0,ASK
264,1712452110.144849,87575.51349126,67560.0,-0.0,67810.0,ASK
265,1712452110.2599523,87619.21231976,67560.0,-1.370797052390831e-09,67810.0,ASK
266,1712452110.2624264,87626.10373026,67560.0,-2.1617799663019208e-10,67810.0,ASK
267,1712452110.5635402,87626.25588429,67710.0,4.772949367187744e-12,67810.0,BID
268,1712452122.6302218,87626.33004059,67680.0,2.3262234007645266e-12,67810.0,BID
269,1712452122.632924,87641.16652343,67680.0,4.654085164990553e-10,67810.0,BID
270,1712452122.6354444,87643.52989123,67700.0,7.413694428813758e-11,67810.0,BID
271,1712452122.6379478,87653.08676068,67710.0,2.997912969712588e-10,67810.0,BID
272,1712452132.2001035,87667.88211866,67690.0,4.6411846276484325e-10,67810.0,BID
273,1712452132.2094731,87673.4696574,67710.0,1.7527658973543238e-10,67810.0,BID
274,1712452135.9192257,87682.81270785,67590.0,-2.9308396716398727e-10,67810.0,ASK
275,1712452140.211313,87682.81270785,67590.0,-0.0,67810.0,ASK
276,1712452141.9192474,87682.91270785,67710.0,3.136205631399122e-12,67810.0,BID
277,1712452143.7895951,87683.08963585,67710.0,5.548825899223039e-12,67810.0,BID
278,1712452147.4077733,87683.18963585,67700.0,3.136205630942744e-12,67810.0,BID
279,1712452149.209735,87703.28432457,67590.0,-6.302107592124454e-10,67810.0,ASK
280,1712452149.2117214,87703.92436032,67590.0,-2.0072837233147096e-11,67810.0,ASK
281,1712452157.3799894,87704.92436032,67680.0,3.136205631216571e-11,67810.0,BID
282,1712452163.462932,87706.30985373,67590.0,-4.3451922344382754e-11,67810.0,ASK
283,1712452163.4663603,87756.30985373,67580.0,-1.5681028156082855e-09,67810.0,ASK
284,1712452163.4696834,87756.76494767,67590.0,-1.4272681773822331e-11,67810.0,ASK
285,1712452163.4732852,87769.43462044,67590.0,-3.973469908695676e-10,67810.0,ASK
286,1712452163.4765265,87824.01857146,67590.0,-1.711864945629345e-09,67810.0,ASK
287,1712452163.4780169,87824.43482755,67580.0,-1.3054646934874091e-11,67810.0,ASK
288,1712452170.2203534,87824.43482755,67580.0,-0.0,67810.0,ASK
289,1712452173.4832532,87831.41104127,67580.0,-2.1872274838524686e-10,67810.0,ASK
290,1712452178.259689,87831.51104127,67660.0,3.1352644453950935e-12,67810.0,BID
291,1712452200.2112863,87831.51104127,67660.0,0.0,67810.0,BID
292,1712452211.1492538,87832.51104127,67650.0,3.1682758074025456e-11,67810.0,BID
293,1712452212.7500265,87852.4482589,67650.0,6.316660428403215e-10,67810.0,BID
294,1712452212.7521057,87855.61857566,67660.0,1.0044437892530604e-10,67810.0,BID
295,1712452212.753951,87862.09459415,67650.0,2.0517812710137315e-10,67810.0,BID
296,1712452218.4300857,87925.39080519,67590.0,-2.005398541383136e-09,67810.0,ASK
297,1712452218.446443,87941.9642954,67590.0,-5.25093880765466e-10,67810.0,ASK
298,1712452218.447994,87945.02716355,67580.0,-9.704011060892175e-11,67810.0,ASK
299,1712452218.4495764,88019.0026037,67590.0,-2.3437459736923286e-09,67810.0,ASK
300,1712452218.4511838,88021.61013389,67580.0,-8.261374818043108e-11,67810.0,ASK
301,1712452224.1201344,88021.71013389,67640.0,3.1682758071259185e-12,67810.0,BID
302,1712452227.4394937,88026.1453793,67640.0,1.4052080732398682e-10,67810.0,BID
303,1712452227.8414264,88039.17703476,67640.0,4.1287878724321564e-10,67810.0,BID
304,1712452227.8447502,88056.10354042,67650.0,5.36278383864336e-10,67810.0,BID
305,1712452230.1493063,88056.10354042,67650.0,0.0,67810.0,BID
306,1712452231.0895717,88056.20354042,67590.0,-3.1667523837883697e-12,67810.0,ASK
307,1712452233.9594998,88070.9988984,67590.0,-4.685323514942154e-10,67810.0,ASK
308,1712452234.1601405,88074.79968262,67590.0,-1.2036142488256724e-10,67810.0,ASK
309,1712452236.0894938,88103.68191375,67590.0,-9.146287427473907e-10,67810.0,ASK
310,1712452236.68989,88118.47700178,67640.0,4.68523802846499e-10,67810.0,BID
311,1712452243.0404053,88119.47700178,67590.0,-3.1667523836040406e-11,67810.0,ASK
312,1712452245.4492748,88120.95936169,67590.0,-4.694266778322813e-11,67810.0,ASK
313,1712452251.3095243,88130.95936169,67590.0,-3.1667523836040403e-10,67810.0,ASK
314,1712452254.539407,88147.69556614,67590.0,-5.29994153345352e-10,67810.0,ASK
315,1712452255.9594584,88185.4888267,67590.0,-1.196818979625713e-09,67810.0,ASK
316,1712452255.9699843,88204.99873201,67590.0,-6.178303914432664e-10,67810.0,ASK
317,1712452255.9728482,88212.06599353,67590.0,-2.23802672640192e-10,67810.0,ASK
318,1712452255.9762638,88264.97037428,67590.0,-1.675350738431531e-09,67810.0,ASK
319,1712452255.979635,88302.37724152,67580.0,-1.18458285995392e-09,67810.0,ASK
320,1712452259.6996598,88302.67273309,67640.0,9.357486336646984e-12,67810.0,BID
321,1712452260.2192426,88302.67273309,67640.0,0.0,67810.0,BID
322,1712452260.7618425,88312.67273309,67590.0,-3.1650819460739165e-10,67810.0,ASK
323,1712452261.9492433,88312.89449536,67640.0,7.018957570887314e-12,67810.0,BID
324,1712452264.3191006,88316.87777789,67590.0,-1.2607415621803114e-10,67810.0,ASK
325,1712452271.659721,88320.81255216,67590.0,-1.2453883003868083e-10,67810.0,ASK
326,1712452271.6632311,88326.87777789,67590.0,-1.9196936456871087e-10,67810.0,ASK
327,1712452280.7197068,88336.87777789,67590.0,-3.1650819460739165e-10,67810.0,ASK
328,1712452286.47951,88349.59404876,67590.0,-4.0248039352039277e-10,67810.0,ASK
329,1712452288.4504771,88349.85716582,67590.0,-8.32787056286341e-12,67810.0,ASK
330,1712452288.454439,88356.10135135,67590.0,-1.9763358888934256e-10,67810.0,ASK
331,1712452288.4579468,88382.10274558,67580.0,-8.22965434501673e-10,67810.0,ASK
332,1712452288.4618106,88406.77383953,67590.0,-7.808603405100644e-10,67810.0,ASK
333,1712452288.4649932,88419.80850398,67580.0,-4.125578112385685e-10,67810.0,ASK
334,1712452290.2193396,88419.80850398,67580.0,-0.0,67810.0,ASK
335,1712452290.797482,88420.1194744,67590.0,-9.840002971028248e-12,67810.0,ASK
336,1712452290.799191,88436.66005749,67580.0,-5.233918607243e-10,67810.0,ASK
337,1712452292.1693006,88444.3926451,67580.0,-2.446814235867436e-10,67810.0,ASK
338,1712452292.171403,88446.66005749,67580.0,-7.174748213955401e-11,67810.0,ASK
339,1712452293.4956431,88447.09058916,67580.0,-1.3623266522010627e-11,67810.0,ASK
340,1712452295.7391634,88449.09058916,67580.0,-6.328578114525952e-11,67810.0,ASK
341,1712452299.7195776,88454.06676317,67580.0,-1.5746052966903235e-10,67810.0,ASK
342,1712452299.7225518,88529.67733494,67580.0,-2.3925370486519987e-09,67810.0,ASK
343,1712452306.8237717,88536.49776965,67630.0,2.1581826918617976e-10,67810.0,BID
344,1712452311.6194649,88545.16243899,67590.0,-2.7417518377351923e-10,67810.0,ASK
345,1712452312.41645,88560.10547791,67590.0,-4.728409453680696e-10,67810.0,ASK
346,1712452314.4693477,88564.67675263,67630.0,1.4464834574243248e-10,67810.0,BID
347,1712452316.1995416,88567.69273507,67640.0,9.543440231800131e-11,67810.0,BID
348,1712452316.2024827,88678.13532638,67640.0,3.4947228313799533e-09,67810.0,BID
349,1712452316.2395456,88679.79831438,67630.0,-5.262174730748261e-11,67810.0,ASK
350,1712452316.2422512,88716.47841833,67590.0,-1.1606645154829551e-09,67810.0,ASK
351,1712452316.2998824,88736.16229492,67640.0,6.2285475298215e-10,67810.0,BID
352,1712452316.3076336,88743.1858761,67650.0,2.2224641070699002e-10,67810.0,BID
353,1712452316.3102038,88748.12086861,67640.0,1.5615742797054888e-10,67810.0,BID
354,1712452320.1481416,88748.12086861,67640.0,0.0,67810.0,BID
355,1712452330.6398983,88751.93574987,67640.0,1.2062914162574987e-10,67810.0,BID
356,1712452330.6428409,88771.09140379,67640.0,6.05714813165773e-10,67810.0,BID
357,1712452331.9992557,88771.38708681,67640.0,9.349698317340871e-12,67810.0,BID
358,1712452350.1511335,88771.38708681,67640.0,0.0,67810.0,BID
359,1712452359.2793164,88786.17998621,67600.0,-4.677382704674368e-10,67810.0,ASK
360,1712452369.2798948,88786.32791522,67600.0,4.6773832104550995e-12,67810.0,BID
361,1712452376.6496942,88795.08587007,67600.0,-2.7691871239084976e-10,67810.0,ASK
362,1712452377.0292876,88796.56516002,67600.0,-4.677382736302919e-11,67810.0,ASK
363,1712452378.6397543,88803.09975493,67640.0,2.0661805632256647e-10,67810.0,BID
364,1712452380.2205307,88803.09975493,67640.0,0.0,67810.0,BID
365,1712452384.759536,88813.56634271,67610.0,-3.3092172597042277e-10,67810.0,ASK
366,1712452384.764144,88828.09975493,67600.0,-4.59502366690338e-10,67810.0,ASK
367,1712452391.9099472,88872.60686953,67600.0,-1.407179826986514e-09,67810.0,ASK
368,1712452398.1096215,88893.24410387,67600.0,-6.52486689128874e-10,67810.0,ASK
369,1712452398.3899229,88903.1811689,67600.0,-3.1417982440185504e-10,67810.0,ASK
370,1712452398.394055,88917.12168665,67600.0,-4.4075684375063586e-10,67810.0,ASK
371,1712452407.8693686,88918.60097659,67600.0,4.6770656343978315e-11,67810.0,BID
372,1712452410.2418194,88918.60097659,67600.0,0.0,67810.0,BID
373,1712452424.3716516,88961.50779241,67600.0,1.3562484284755555e-09,67810.0,BID
374,1712452428.441703,88968.90096112,67590.0,-2.3369185647453024e-10,67810.0,ASK
375,1712452428.449113,89014.1028315,67590.0,-1.4287931764547063e-09,67810.0,ASK
376,1712452437.2802217,89038.72121209,67580.0,-7.781663437075613e-10,67810.0,ASK
377,1712452437.2855852,89048.72121209,67580.0,-3.1609160515776667e-10,67810.0,ASK
378,1712452437.2894006,89090.40314194,67580.0,-1.3175308112361499e-09,67810.0,ASK
379,1712452440.1680093,89090.40314194,67580.0,-0.0,67810.0,ASK
380,1712452440.949461,89092.40314194,67580.0,-6.319512599099617e-11,67810.0,ASK
381,1712452447.0493364,89107.05502594,67590.0,4.6296382769292764e-10,67810.0,BID
382,1712452447.320548,89183.17259418,67580.0,-2.4051296575272607e-09,67810.0,ASK
383,1712452448.6192927,89232.07283578,67580.0,-1.5451284644510851e-09,67810.0,ASK
384,1712452453.979534,89262.07283578,67590.0,9.479268898649426e-10,67810.0,BID
385,1712452459.422498,89282.09950107,67590.0,6.327938180906156e-10,67810.0,BID
386,1712452459.4259405,89291.66301184,67590.0,3.0218363401342907e-10,67810.0,BID
387,1712452461.5695183,89304.98056142,67580.0,-4.208021117995643e-10,67810.0,ASK
388,1712452462.7492816,89305.06194645,67580.0,-2.571568612433367e-12,67810.0,ASK
389,1712452470.1492288,89305.06194645,67580.0,-0.0,67810.0,ASK
390,1712452470.5813158,89319.85922375,67580.0,-4.673436722467885e-10,67810.0,ASK
391,1712452470.583591,89325.823256,67580.0,-1.8836253971648868e-10,67810.0,ASK
392,1712452470.5857463,89351.58222434,67580.0,-8.135476961907194e-10,67810.0,ASK
393,1712452471.8519244,89353.06195207,67580.0,4.6734367224540966e-11,67810.0,BID
394,1712452479.0593712,89353.91223321,67580.0,2.68545018351456e-11,67810.0,BID
395,1712452485.0794406,89354.91223321,67580.0,3.1583085372537694e-11,67810.0,BID
396,1712452485.139412,89356.72081563,67580.0,5.7120612974439406e-11,67810.0,BID
397,1712452488.9794734,89363.28724044,67570.0,-2.0738795536635523e-10,67810.0,ASK
398,1712452488.9837625,89384.40629845,67570.0,-6.67005012117668e-10,67810.0,ASK
399,1712452491.259744,89389.57356431,67570.0,-1.6319819879898078e-10,67810.0,ASK
400,1712452491.263102,89457.26873738,67570.0,-2.1380224303783597e-09,67810.0,ASK
401,1712452495.483874,89458.39268496,67570.0,3.549773237326225e-11,67810.0,BID
402,1712452500.1596673,89458.39268496,67570.0,0.0,67810.0,BID
403,1712452501.157774,89461.35345113,67570.0,-9.40024231857364e-11,67810.0,ASK
404,1712452501.162254,89510.54945235,67570.0,-1.5619414233342095e-09,67810.0,ASK
405,1712452502.7495089,89513.50890781,67560.0,-9.396080898571622e-11,67810.0,ASK
406,1712452502.7521465,89599.47538945,67560.0,-2.729380546426089e-09,67810.0,ASK
407,1712452504.851719,89600.47538945,67570.0,3.174935735832185e-11,67810.0,BID
408,1712452511.109157,89673.36425714,67560.0,2.314174707733093e-09,67810.0,BID
409,1712452511.1139958,89688.22427148,67560.0,4.717959056303286e-10,67810.0,BID
410,1712452511.7483902,89695.91811972,67560.0,-2.442747372324581e-10,67810.0,ASK
411,1712452514.3185987,89698.90230021,67560.0,-9.4745812798936e-11,67810.0,ASK
412,1712452518.8415346,89750.06002578,67560.0,-1.6242249107607567e-09,67810.0,ASK
413,1712452527.96874,89826.13810285,67550.0,-2.41543005602962e-09,67810.0,ASK
414,1712452527.973173,89830.13839729,67550.0,-1.2700677771373062e-10,67810.0,ASK
415,1712452529.7786393,89840.74453719,67530.0,-3.3673812587754313e-10,67810.0,ASK
416,1712452529.7818708,89870.36100394,67530.0,-9.40303786536541e-10,67810.0,ASK
417,1712452530.1507666,89870.36100394,67530.0,-0.0,67810.0,ASK
418,1712452530.3590355,89871.36100394,67550.0,3.172132776952074e-11,67810.0,BID
419,1712452532.2089643,89916.58528388,67570.0,1.4345742071176795e-09,67810.0,BID
420,1712452532.2112234,89922.75383044,67550.0,1.9567448729091595e-10,67810.0,BID
421,1712452532.2131248,89945.36417804,67560.0,7.17230247202824e-10,67810.0,BID
422,1712452542.8087227,89946.84434381,67570.0,4.695282354296182e-11,67810.0,BID
423,1712452548.2297003,89961.64600159,67570.0,4.695282379716828e-10,67810.0,BID
424,1712452548.548359,90008.13775567,67570.0,1.4747801697519131e-09,67810.0,BID
425,1712452548.6484609,90029.5954883,67570.0,6.806677699466965e-10,67810.0,BID
426,1712452548.7496316,90054.62950975,67570.0,7.94112399804755e-10,67810.0,BID
427,1712452548.8352325,90070.31646025,67570.0,4.97610898514962e-10,67810.0,BID
428,1712452548.935335,90076.08724238,67570.0,1.8305687143219558e-10,67810.0,BID
429,1712452551.218611,90115.67545796,67540.0,-1.2557907622233675e-09,67810.0,ASK
430,1712452560.2085128,90115.67545796,67540.0,-0.0,67810.0,ASK
431,1712452564.4485,90130.79195296,67540.0,-4.792633150985372e-10,67810.0,ASK
432,1712452568.3185394,90133.77613345,67540.0,-9.461242400998728e-11,67810.0,ASK
433,1712452582.5185275,90133.92419385,67540.0,-4.694204453049096e-12,67810.0,ASK
434,1712452582.5212605,90238.94694369,67540.0,-3.329710442073209e-09,67810.0,ASK
435,1712452582.5239255,90241.90859036,67540.0,-9.389799693769192e-11,67810.0,ASK
436,1712452582.6584015,90311.24526262,67540.0,2.198295531153412e-09,67810.0,BID
437,1712452583.1584527,90325.06374533,67540.0,4.3811027842265664e-10,67810.0,BID
438,1712452586.6758358,90337.42217121,67530.0,-3.91819674907645e-10,67810.0,ASK
439,1712452586.677913,90346.53767926,67530.0,-2.890040718333941e-10,67810.0,ASK
440,1712452590.2106397,90346.53767926,67530.0,-0.0,67810.0,ASK
441,1712452594.278895,90353.79942275,67530.0,-2.3011734151322714e-10,67810.0,ASK
442,1712452594.2819371,90446.25203065,67530.0,-2.929730081378106e-09,67810.0,ASK
443,1712452599.5587864,90488.84018557,67530.0,-1.349575760096699e-09,67810.0,ASK
444,1712452606.2186155,90491.80754462,67530.0,-9.403262134479816e-11,67810.0,ASK
445,1712452620.1405475,90491.80754462,67530.0,-0.0,67810.0,ASK
446,1712452625.2424314,90497.63615091,67540.0,-1.8464526531715718e-10,67810.0,ASK
447,1712452627.6024537,90497.93227172,67540.0,-9.38085415421058e-12,67810.0,ASK
448,1712452627.6083388,90517.83581044,67540.0,-6.30527094274542e-10,67810.0,ASK
449,1712452628.050294,90528.65365044,67530.0,-3.4269992474632645e-10,67810.0,ASK
450,1712452628.0553486,90534.84153053,67530.0,-1.9602675221505143e-10,67810.0,ASK
451,1712452628.0593417,90552.09229145,67540.0,-5.46489361009023e-10,67810.0,ASK
452,1712452628.0633032,90566.00663367,67530.0,-4.4079446836771446e-10,67810.0,ASK
453,1712452644.9092648,90568.46860102,67530.0,-7.799302130296534e-11,67810.0,ASK
454,1712452644.912828,90571.42937082,67550.0,-9.379465657211812e-11,67810.0,ASK
455,1712452650.140987,90571.42937082,67550.0,-0.0,67810.0,ASK
456,1712452654.8339446,90571.90431974,67550.0,-1.5043413182227133e-11,67810.0,ASK
457,1712452657.6886096,90573.2544723,67530.0,-4.27643941562369e-11,67810.0,ASK
458,1712452657.6981845,90616.22642998,67530.0,-1.3610830289371071e-09,67810.0,ASK
459,1712452665.5889256,90644.42683813,67530.0,-8.932126673842e-10,67810.0,ASK
460,1712452665.5935757,90651.9856002,67530.0,-2.3941433736524544e-10,67810.0,ASK
461,1712452667.817145,90659.85399106,67520.0,-2.4922144213979744e-10,67810.0,ASK
462,1712452671.58887,90742.51719811,67520.0,-2.6182537242339063e-09,67810.0,ASK
463,1712452671.593608,90748.70339133,67520.0,-1.9593993525184914e-10,67810.0,ASK
464,1712452672.5288508,90761.70339133,67520.0,-4.117587452716491e-10,67810.0,ASK
465,1712452674.5984907,90771.70339133,67520.0,-3.1673749636280704e-10,67810.0,ASK
466,1712452676.9684372,90798.64640192,67520.0,-8.533861718756393e-10,67810.0,ASK
467,1712452677.529488,90814.07043455,67520.0,-4.885369479041723e-10,67810.0,ASK
468,1712452677.5339708,90830.23551562,67520.0,-5.120087306616284e-10,67810.0,ASK
469,1712452677.5383716,90841.1356261,67520.0,-3.45247370351232e-10,67810.0,ASK
470,1712452680.2390234,90841.1356261,67520.0,-0.0,67810.0,ASK
471,1712452680.939196,90841.57540459,67520.0,-1.3921403605318479e-11,67810.0,ASK
472,1712452680.9427614,90850.82339837,67520.0,-2.9274977489989406e-10,67810.0,ASK
473,1712452683.5298114,90861.2408875,67520.0,-3.2977072329131804e-10,67810.0,ASK
474,1712452683.5368772,90881.75732225,67520.0,-6.49457795678585e-10,67810.0,ASK
475,1712452684.1783347,90894.83921796,67520.0,-4.141138192203829e-10,67810.0,ASK
476,1712452684.258524,90897.83592231,67520.0,-9.486214467383352e-11,67810.0,ASK
477,1712452686.0385473,90903.25833462,67530.0,1.7164911881733348e-10,67810.0,BID
478,1712452697.458713,90903.73948552,67570.0,1.5231067517814483e-11,67810.0,BID
479,1712452697.4685972,90905.53303847,67590.0,5.6775797527188e-11,67810.0,BID
480,1712452697.4723375,90914.83029195,67580.0,2.9430911484158124e-10,67810.0,BID
481,1712452697.4761038,90914.96320553,67590.0,4.207444506666093e-12,67810.0,BID
482,1712452698.709425,90915.06677114,67590.0,3.278420134777661e-12,67810.0,BID
483,1712452708.969545,90923.19293361,67590.0,2.5723765505058983e-10,67810.0,BID
484,1712452708.9743185,90928.44847121,67590.0,1.6636661809853046e-10,67810.0,BID
485,1712452709.478593,90966.94966236,67590.0,-1.2187740725892402e-09,67810.0,ASK
486,1712452710.2237928,90966.94966236,67590.0,-0.0,67810.0,ASK
487,1712452719.748587,90967.24541624,67590.0,9.359715750786686e-12,67810.0,BID
488,1712452725.2489524,90969.25385317,67590.0,6.356095402172085e-11,67810.0,BID
489,1712452725.2538805,90971.75436164,67590.0,7.913352992022735e-11,67810.0,BID
490,1712452728.1185672,90974.64026327,67560.0,-9.133005775555728e-11,67810.0,ASK
491,1712452730.308634,90975.82990655,67560.0,3.7648611560911807e-11,67810.0,BID
492,1712452740.1409986,90975.82990655,67560.0,0.0,67810.0,BID
493,1712452741.528673,90976.08675083,67560.0,8.128190234979931e-12,67810.0,BID
494,1712452747.8889282,90976.53978616,67560.0,1.4336925648149595e-11,67810.0,BID
495,1712452747.8918817,90977.62980928,67560.0,3.449527970776701e-11,67810.0,BID
496,1712452764.128695,91011.9730537,67560.0,-1.086839169382671e-09,67810.0,ASK
497,1712452770.150333,91011.9730537,67560.0,-0.0,67810.0,ASK
498,1712452772.8787973,91086.06534444,67560.0,-2.344571192395988e-09,67810.0,ASK
499,1712452774.7888048,91124.72409586,67560.0,-1.2233147876533503e-09,67810.0,ASK
500,1712452774.7935414,91139.82178679,67560.0,-4.777502608250896e-10,67810.0,ASK
501,1712452777.37873,91145.90102958,67560.0,1.9237112761212843e-10,67810.0,BID
502,1712452777.738547,91160.53203556,67560.0,4.6298251537212284e-10,67810.0,BID
503,1712452778.279401,91160.68747597,67550.0,-4.918745307861327e-12,67810.0,ASK
504,1712452778.2840946,91175.482564,67550.0,-4.68174716123171e-10,67810.0,ASK
505,1712452778.2887695,91325.31123235,67540.0,-4.741167753082017e-09,67810.0,ASK
506,1712452778.291565,91326.73837962,67550.0,-4.5160546976524797e-11,67810.0,ASK
507,1712452780.6513758,91334.13920851,67560.0,2.3419130441277504e-10,67810.0,BID
508,1712452795.288468,91341.93195515,67540.0,-2.4659312189306504e-10,67810.0,ASK
509,1712452798.8808577,91355.36754218,67540.0,-4.251547629162095e-10,67810.0,ASK
510,1712452799.4391575,91430.76026777,67540.0,-2.385722060542616e-09,67810.0,ASK
511,1712452800.1774309,91430.76026777,67540.0,-0.0,67810.0,ASK
512,1712452812.2854335,91457.59114416,67540.0,-8.564314168478626e-10,67810.0,ASK
513,1712452819.3421898,91458.64432193,67540.0,-3.361703571058761e-11,67810.0,ASK
514,1712452821.7284882,91488.3190152,67540.0,-9.472049750573535e-10,67810.0,ASK
515,1712452825.6784365,91517.99370847,67540.0,-9.472049750573535e-10,67810.0,ASK
516,1712452829.1991298,91675.66190327,67540.0,-5.032709088650344e-09,67810.0,ASK
517,1712452829.203168,91680.10371552,67540.0,-1.4178096545751482e-10,67810.0,ASK
518,1712452829.2070146,91805.74518853,67540.0,-4.010428253655959e-09,67810.0,ASK
519,1712452830.1483788,91805.74518853,67540.0,-0.0,67810.0,ASK
520,1712452838.168873,91806.93483181,67530.0,-3.79422901359946e-11,67810.0,ASK
521,1712452839.945537,91819.73631839,67530.0,-4.0828854006660655e-10,67810.0,ASK
522,1712452839.9479916,91822.01461835,67520.0,-7.266373000428519e-11,67810.0,ASK
523,1712452844.868549,91846.91462126,67520.0,-7.9415666080964e-10,67810.0,ASK
524,1712452844.8783476,91977.58418551,67520.0,-4.167553923158715e-09,67810.0,ASK
525,1712452849.5064309,91980.54539368,67540.0,9.444429387226171e-11,67810.0,BID
526,1712452849.5249505,92001.02156692,67520.0,-6.530637536553291e-10,67810.0,ASK
527,1712452852.1817288,92005.42030177,67520.0,-1.4029253702886416e-10,67810.0,ASK
528,1712452852.4185154,92020.7774317,67520.0,-4.89797815241497e-10,67810.0,ASK
529,1712452855.3162854,92032.29527915,67520.0,-3.673483615109511e-10,67810.0,ASK
530,1712452858.4787862,92040.93366474,67520.0,-2.755112712131574e-10,67810.0,ASK
531,1712452860.2207592,92040.93366474,67520.0,-0.0,67810.0,ASK
532,1712452861.0584934,92043.69893369,67520.0,-8.815039387007842e-11,67810.0,ASK
533,1712452861.0610268,92043.81956637,67520.0,-3.845491504831114e-12,67810.0,ASK
534,1712452863.259225,92047.8972527,67520.0,-1.2998723182731924e-10,67810.0,ASK
535,1712452863.2641628,92066.85753091,67520.0,-6.044099226226225e-10,67810.0,ASK
536,1712452863.272283,92090.94008269,67520.0,-7.676961855036603e-10,67810.0,ASK
537,1712452864.0282764,92092.45501641,67520.0,-4.829259161396336e-11,67810.0,ASK
538,1712452864.3284175,92112.70133947,67520.0,-6.454060651727054e-10,67810.0,ASK
539,1712452866.8187454,92119.18012866,67520.0,-2.0652885098203358e-10,67810.0,ASK
540,1712452870.7686017,92127.96529967,67520.0,-2.8005098193049955e-10,67810.0,ASK
541,1712452870.9500506,92160.06099271,67520.0,-1.0231366402944723e-09,67810.0,ASK
542,1712452872.9390993,92164.9200846,67520.0,-1.548966381570855e-10,67810.0,ASK
543,1712452876.3885117,92168.56440352,67520.0,-1.1617247869725376e-10,67810.0,ASK
544,1712452876.9586945,92172.56469796,67520.0,-1.2752015693923828e-10,67810.0,ASK
545,1712452876.9784677,92212.8098919,67520.0,-1.282923925788452e-09,67810.0,ASK
546,1712452880.1940577,92215.54313109,67520.0,-8.712935902305634e-11,67810.0,ASK
547,1712452882.6059268,92216.54313109,67520.0,-3.187769271781733e-11,67810.0,ASK
548,1712452882.6102426,92220.98625905,67520.0,-1.4163666781468748e-10,67810.0,ASK
549,1712452882.614471,92235.59586018,67520.0,-4.657203755518896e-10,67810.0,ASK
550,1712452882.6785462,92235.74396444,67520.0,4.721222090678036e-12,67810.0,BID
551,1712452889.6389742,92405.80654091,67510.0,-5.421202555510793e-09,67810.0,ASK
552,1712452889.648253,92437.19524626,67510.0,-1.0005995039576482e-09,67810.0,ASK
553,1712452889.738628,92442.08860931,67500.0,-1.5598912366449291e-10,67810.0,ASK
554,1712452889.748246,92449.15381995,67500.0,-2.2522261376884272e-10,67810.0,ASK
555,1712452890.2112136,92449.15381995,67500.0,-0.0,67810.0,ASK
556,1712452891.508766,92464.95990185,67500.0,-5.034191310241485e-10,67810.0,ASK
557,1712452895.30898,92482.45990185,67510.0,5.57369931945343e-10,67810.0,BID
558,1712452895.328755,92499.95990185,67510.0,5.57369931945343e-10,67810.0,BID
559,1712452895.348317,92517.45990185,67510.0,5.57369931945343e-10,67810.0,BID
560,1712452895.3683794,92534.95990185,67510.0,5.57369931945343e-10,67810.0,BID
561,1712452895.4481533,92552.45990185,67510.0,5.57369931945343e-10,67810.0,BID
562,1712452895.4882414,92569.95990185,67510.0,5.57369931945343e-10,67810.0,BID
563,1712452896.528423,92612.50299273,67500.0,-1.354985123916151e-09,67810.0,ASK
564,1712452899.439231,92642.69374025,67500.0,-9.615665651771843e-10,67810.0,ASK
565,1712452899.4432926,92655.10718537,67500.0,-3.953646320993135e-10,67810.0,ASK
566,1712452899.452296,92657.58386388,67500.0,-7.888149328990183e-11,67810.0,ASK
567,1712452899.4556584,92688.86576594,67500.0,-9.96319521274463e-10,67810.0,ASK
568,1712452900.4301505,92689.21229989,67500.0,-1.1037005950065651e-11,67810.0,ASK
569,1712452901.3689842,92689.24392451,67500.0,-1.0072349882375486e-12,67810.0,ASK
570,1712452901.3740675,92745.31175516,67500.0,-1.785744168783788e-09,67810.0,ASK
571,1712452902.331694,92983.430819,67510.0,7.584023223279424e-09,67810.0,BID
572,1712452902.4087627,92995.38939269,67510.0,3.8087710878635076e-10,67810.0,BID
573,1712452902.699192,92999.09202122,67510.0,1.1792764638753523e-10,67810.0,BID
574,1712452902.703611,93031.74426247,67510.0,1.0399644276216234e-09,67810.0,BID
575,1712452903.9784136,93033.79419186,67510.0,-6.528965740529245e-11,67810.0,ASK
576,1712452907.018844,93035.33163891,67510.0,-4.8967243292890326e-11,67810.0,ASK
577,1712452907.6786964,93036.12399856,67510.0,-2.523642538280037e-11,67810.0,ASK
578,1712452910.609486,93043.53140596,67500.0,-2.3592378048197207e-10,67810.0,ASK
579,1712452910.6127422,93192.51855343,67500.0,-4.745197499775965e-09,67810.0,ASK
580,1712452910.615693,93193.39913268,67500.0,-2.804619409419393e-11,67810.0,ASK
581,1712452910.6185036,93379.57489864,67500.0,-5.929644228742618e-09,67810.0,ASK
582,1712452910.8088636,93380.03798561,67500.0,1.474918588322487e-11,67810.0,BID
583,1712452911.4485576,93409.67200546,67490.0,-9.43834950117688e-10,67810.0,ASK
584,1712452911.4591424,93485.18794908,67490.0,-2.4051609346440246e-09,67810.0,ASK
585,1712452911.463962,93489.63305205,67490.0,-1.4157524227877855e-10,67810.0,ASK
586,1712452911.528648,93502.89489911,67490.0,-4.22385988188644e-10,67810.0,ASK
587,1712452911.5417006,93514.8534728,67490.0,-3.808771087858873e-10,67810.0,ASK
588,1712452911.5489256,93522.26197776,67490.0,-2.359587374501679e-10,67810.0,ASK
589,1712452911.5590456,93547.66714303,67490.0,-8.091471564342919e-10,67810.0,ASK
590,1712452911.563138,93609.46044926,67490.0,-1.968098907891018e-09,67810.0,ASK
591,1712452911.650282,93613.90621096,67480.0,-1.4159622263854987e-10,67810.0,ASK
592,1712452911.6593592,93625.80899904,67480.0,-3.7910035326335156e-10,67810.0,ASK
593,1712452911.6634593,93661.06895996,67490.0,-1.1230195439070962e-09,67810.0,ASK
594,1712452911.6675706,93710.01258445,67480.0,-1.5588402657799515e-09,67810.0,ASK
595,1712452911.7488246,93716.44487679,67450.0,-2.0486664821715038e-10,67810.0,ASK
596,1712452911.7586455,93730.51847905,67480.0,-4.4824015622192926e-10,67810.0,ASK
597,1712452911.7627923,93734.94953721,67470.0,-1.4112791914772562e-10,67810.0,ASK
598,1712452911.7669313,93768.18311666,67470.0,-1.0584798809339646e-09,67810.0,ASK
599,1712452913.5394976,93780.33992911,67450.0,-3.871909558817897e-10,67810.0,ASK
600,1712452913.5421646,93784.87243433,67450.0,-1.4435897862905948e-10,67810.0,ASK
601,1712452915.1285508,93785.61988504,67450.0,-2.3806088649369632e-11,67810.0,ASK
602,1712452915.9573967,93793.03278348,67450.0,-2.360986685155011e-10,67810.0,ASK
603,1712452915.9605353,93856.65553969,67450.0,-2.0263663599394572e-09,67810.0,ASK
604,1712452916.0700743,93877.84313687,67440.0,-6.74818834188799e-10,67810.0,ASK
605,1712452916.0760329,93882.29153544,67440.0,-1.416802061845798e-10,67810.0,ASK
606,1712452916.0810823,93886.74059372,67430.0,-1.4170121775656339e-10,67810.0,ASK
607,1712452916.0858295,93900.81213855,67430.0,-4.4817462767227717e-10,67810.0,ASK
608,1712452918.5985973,93908.93365229,67450.0,2.586678606032397e-10,67810.0,BID
609,1712452920.1499372,93908.93365229,67450.0,0.0,67810.0,BID
610,1712452921.368293,94182.40649333,67450.0,8.682784068838266e-09,67810.0,BID
611,1712452931.0486736,94182.55475129,67450.0,4.707201812993303e-12,67810.0,BID
612,1712452931.2087357,94183.55475129,67450.0,3.1750078127752036e-11,67810.0,BID
613,1712452931.2287629,94270.4330974,67450.0,2.758394276602705e-09,67810.0,BID
614,1712452931.2320466,94356.29770789,67450.0,2.7262080914663793e-09,67810.0,BID
615,1712452931.2353313,94364.27688836,67450.0,2.5333960331769736e-10,67810.0,BID
616,1712452932.4790735,94368.4879965,67430.0,-1.3370301244963888e-10,67810.0,ASK
617,1712452932.4834914,94369.39494788,67430.0,-2.879577717326053e-11,67810.0,ASK
618,1712452935.2713108,94370.97201419,67430.0,5.007197855506506e-11,67810.0,BID
619,1712452939.364319,94415.46998151,67430.0,-1.4128139389361442e-09,67810.0,ASK
620,1712452939.7386909,94415.89817222,67430.0,-1.3595088495885266e-11,67810.0,ASK
621,1712452939.749732,94433.7065906,67430.0,-5.654186748969885e-10,67810.0,ASK
622,1712452939.8584127,94450.9423103,67420.0,-5.47235447062865e-10,67810.0,ASK
623,1712452943.399176,94452.9423103,67420.0,-6.350015625550407e-11,67810.0,ASK
624,1712452943.404362,94461.31736633,67420.0,-2.659086832766708e-10,67810.0,ASK
625,1712452943.558598,94462.05898603,67420.0,2.354648341602953e-11,67810.0,BID
626,1712452947.1494274,94469.05898603,67400.0,-2.2225054689426431e-10,67810.0,ASK
627,1712452947.155918,94488.83820914,67400.0,-6.279918790488319e-10,67810.0,ASK
628,1712452947.6717894,94506.73554387,67400.0,-5.68241775956196e-10,67810.0,ASK
629,1712452947.771465,94544.29394387,67400.0,1.1924821343531852e-09,67810.0,BID
630,1712452947.7784965,94569.88924387,67400.0,8.12652774703279e-10,67810.0,BID
631,1712452949.298392,94618.26526344,67400.0,1.53594240085721e-09,67810.0,BID
632,1712452950.1436,94618.26526344,67400.0,0.0,67810.0,BID
633,1712452950.5639277,94628.26526344,67400.0,3.17019309813918e-10,67810.0,BID
634,1712452951.448447,94628.35428421,67400.0,2.8221303064338362e-12,67810.0,BID
635,1712452952.681636,94638.82215042,67400.0,3.3185157211202243e-10,67810.0,BID
636,1712452952.6845143,94645.76183984,67400.0,2.2000155502478648e-10,67810.0,BID
637,1712452953.8855448,94647.76183984,67400.0,6.340386196278362e-11,67810.0,BID
638,1712452954.1213353,94655.66686783,67400.0,2.5060465174530387e-10,67810.0,BID
639,1712452954.1260762,94656.44600663,67420.0,2.4700204462194613e-11,67810.0,BID
640,1712452954.133739,94669.61712606,67400.0,4.1754991911754576e-10,67810.0,BID
641,1712452954.1364684,94671.94852232,67430.0,7.390976332504069e-11,67810.0,BID
642,1712452958.3392856,94684.04056592,67420.0,3.833411316312278e-10,67810.0,BID
643,1712452962.109071,94706.13290056,67400.0,-7.003696679749038e-10,67810.0,ASK
644,1712452962.1127417,94734.0011832,67400.0,-8.83478372823313e-10,67810.0,ASK
645,1712452962.116152,94751.8053375,67410.0,-5.64426070800648e-10,67810.0,ASK
646,1712452963.4608,94753.8053375,67420.0,6.340386196278362e-11,67810.0,BID
647,1712452965.4701452,94753.85710259,67420.0,1.641053310429251e-12,67810.0,BID
648,1712452965.558736,94759.90099996,67430.0,1.9160321728213102e-10,67810.0,BID
649,1712452967.192138,94764.84923487,67420.0,-1.568686015965298e-10,67810.0,ASK
650,1712452967.6685967,94777.89691765,67420.0,4.136367389586924e-10,67810.0,BID
651,1712452970.4817746,94782.89691765,67420.0,1.5850965490695903e-10,67810.0,BID
652,1712452971.4883816,94788.93477073,67420.0,1.9141160161819958e-10,67810.0,BID
653,1712452975.0684843,94798.93477073,67420.0,3.17019309813918e-10,67810.0,BID
654,1712452978.4394429,94803.8690635,67420.0,1.5642660883623088e-10,67810.0,BID
655,1712452979.1384716,94807.50198423,67420.0,-1.1517060224334272e-10,67810.0,ASK
656,1712452980.2083137,94807.50198423,67420.0,-0.0,67810.0,ASK
657,1712452980.8124702,94808.72083569,67420.0,-3.8624325289582737e-11,67810.0,ASK
658,1712452980.8157082,94826.51706882,67410.0,-5.639468958289375e-10,67810.0,ASK
659,1712452980.818957,94830.15718268,67400.0,-1.1535199032385219e-10,67810.0,ASK
660,1712452980.9309642,95068.32046793,67430.0,7.547183970672954e-09,67810.0,BID
661,1712452980.988951,95069.61148668,67430.0,4.0911242913367634e-11,67810.0,BID
662,1712452980.9946773,95134.90174166,67430.0,2.068990463030067e-09,67810.0,BID
663,1712452980.9995282,95150.58186706,67430.0,4.968893125269905e-10,67810.0,BID
664,1712452981.0086155,95152.82107788,67460.0,7.095861139941732e-11,67810.0,BID
665,1712452981.0115669,95159.62496971,67460.0,2.1560931737935408e-10,67810.0,BID
666,1712452981.2310853,95160.75405907,67420.0,-3.5779843691115087e-11,67810.0,ASK
667,1712452981.2340474,95163.66953011,67470.0,-9.23886999500328e-11,67810.0,ASK
668,1712452981.236913,95171.60136536,67440.0,-2.5135284724497115e-10,67810.0,ASK
669,1712452989.5705383,95183.33731378,67440.0,3.719018307254517e-10,67810.0,BID
670,1712452994.4584286,95184.72717143,67440.0,-4.4043360279645045e-11,67810.0,ASK
671,1712452994.5382442,95244.09964236,67440.0,1.8814611178704527e-09,67810.0,BID
672,1712452997.838449,95245.58112384,67500.0,4.6946838455828016e-11,67810.0,BID
673,1712453001.808412,95247.06260532,67500.0,4.6946838455366876e-11,67810.0,BID
674,1712453004.5784516,95247.21075346,67500.0,4.694683592418408e-12,67810.0,BID
675,1712453005.3977516,95249.21075346,67500.0,6.337823197854364e-11,67810.0,BID
676,1712453008.1685042,95408.54895102,67500.0,5.049286624000075e-09,67810.0,BID
677,1712453010.3587923,95408.54895102,67500.0,0.0,67810.0,BID
678,1712453010.49825,95409.1338156,67500.0,1.8510061591324865e-11,67810.0,BID
679,1712453016.6093023,95412.60052687,67500.0,-1.0971606303637048e-10,67810.0,ASK
680,1712453016.6153076,95429.75078524,67500.0,-5.42779216919073e-10,67810.0,ASK
681,1712453017.750931,95430.15078524,67500.0,-1.2659382854790011e-11,67810.0,ASK
682,1712453021.0382822,95432.54457334,67500.0,-7.575970007901613e-11,67810.0,ASK
683,1712453021.0412514,95448.70605792,67430.0,-5.114860520076712e-10,67810.0,ASK
684,1712453021.148322,95456.55475228,67430.0,-2.483990670372949e-10,67810.0,ASK
685,1712453022.768721,95463.94136773,67430.0,-2.337749824600198e-10,67810.0,ASK
686,1712453025.598881,95465.42284921,67500.0,-4.6886603119373817e-11,67810.0,ASK
687,1712453025.605772,95473.42284921,67500.0,-2.5318765709948456e-10,67810.0,ASK
688,1712453025.6117666,95480.64111314,67430.0,-2.2844691659532856e-10,67810.0,ASK
689,1712453029.5585918,95628.74537855,67520.0,4.68727149569983e-09,67810.0,BID
690,1712453030.3613503,95634.62090306,67430.0,-1.8595128561480558e-10,67810.0,ASK
691,1712453030.3644557,95663.01663765,67520.0,-8.986811890575494e-10,67810.0,ASK
692,1712453030.3674405,95664.50598112,67430.0,-4.7135422973408676e-11,67810.0,ASK
693,1712453034.9586244,95665.01663765,67430.0,-1.6161491301462472e-11,67810.0,ASK
694,1712453034.9621444,95673.26393598,67430.0,-2.61014267696517e-10,67810.0,ASK
695,1712453035.5990508,95680.4804561,67430.0,-2.2839172769962248e-10,67810.0,ASK
696,1712453035.603834,95680.58852926,67430.0,-3.4203487717802327e-12,67810.0,ASK
697,1712453036.0483832,95681.29784867,67500.0,2.244886494418756e-11,67810.0,BID
698,1712453036.368376,95682.51445519,67500.0,3.8503719301341934e-11,67810.0,BID
699,1712453040.1307347,95682.51445519,67500.0,0.0,67810.0,BID
700,1712453041.9687777,95689.10658914,67510.0,-2.0850884130761108e-10,67810.0,ASK
701,1712453057.548436,95690.10658914,67510.0,-3.1629946067378765e-11,67810.0,ASK
702,1712453060.9786477,95692.10658914,67520.0,6.325989213475753e-11,67810.0,BID
703,1712453061.3289096,95692.18065225,67520.0,-2.342612174587392e-12,67810.0,ASK
704,1712453062.3288217,95704.22422718,67510.0,-3.8093762549460753e-10,67810.0,ASK
705,1712453062.3345811,95716.96059061,67520.0,-4.0285048838537717e-10,67810.0,ASK
706,1712453062.339576,95762.18065225,67510.0,-1.430308110836528e-09,67810.0,ASK
707,1712453070.1471295,95762.18065225,67510.0,-0.0,67810.0,ASK
708,1712453070.9591138,95779.27953983,67500.0,-5.407449010314424e-10,67810.0,ASK
709,1712453070.964333,95779.37953983,67510.0,-3.16245661323338e-12,67810.0,ASK
710,1712453070.9672332,95779.47953983,67500.0,-3.16245661323338e-12,67810.0,ASK
711,1712453070.9701235,95780.32041291,67510.0,-2.6592246325816552e-11,67810.0,ASK
712,1712453070.97305,95962.18065225,67500.0,-5.751251165514876e-09,67810.0,ASK
713,1712453084.3684106,95966.62443835,67510.0,-1.40532807389349e-10,67810.0,ASK
714,1712453100.2283242,95966.62443835,67510.0,-0.0,67810.0,ASK
715,1712453114.1391082,95968.18840456,67500.0,-4.9691336564986124e-11,67810.0,ASK
716,1712453122.4125242,96027.40927553,67510.0,-1.881603459349076e-09,67810.0,ASK
717,1712453122.5089097,96027.48336441,67500.0,-2.3539993694129765e-12,67810.0,ASK
718,1712453122.515379,96028.96484589,67500.0,-4.7070578869922434e-11,67810.0,ASK
719,1712453122.5219927,96054.95617158,67500.0,-8.25813054254692e-10,67810.0,ASK
720,1712453126.3546271,96064.225043,67430.0,-2.9449652196064963e-10,67810.0,ASK
721,1712453126.3614025,96073.64014013,67430.0,-2.9914249891539813e-10,67810.0,ASK
722,1712453126.3652506,96100.72279001,67430.0,-8.604873057063373e-10,67810.0,ASK
723,1712453126.4892876,96130.16052918,67580.0,9.35314711695952e-10,67810.0,BID
724,1712453126.4933832,96170.72279001,67580.0,1.2887701421248643e-09,67810.0,BID
725,1712453126.4973829,96203.38985455,67580.0,1.0379189066029e-09,67810.0,BID
726,1712453126.5013113,96220.46185455,67580.0,5.424225232061312e-10,67810.0,BID
727,1712453126.5085666,96250.52300307,67580.0,9.551220730257661e-10,67810.0,BID
728,1712453126.5117817,96255.46185455,67580.0,1.5692035388464224e-10,67810.0,BID
729,1712453126.5284483,96290.46185455,67580.0,1.112042426910408e-09,67810.0,BID
730,1712453127.2286592,96319.89959372,67440.0,-9.35314711695952e-10,67810.0,ASK
731,1712453127.2341366,96327.96185455,67430.0,-2.5615931713662807e-10,67810.0,ASK
732,1712453127.2487774,96352.56665824,67430.0,-7.81759588830999e-10,67810.0,ASK
733,1712453127.2554002,96357.96185455,67420.0,-1.7141963423506498e-10,67810.0,ASK
734,1712453127.260811,96362.96185455,67420.0,-1.5886320384434404e-10,67810.0,ASK
735,1712453130.2112682,96362.96185455,67420.0,-0.0,67810.0,ASK
736,1712453135.3992631,96365.96185455,67430.0,-9.523696186504127e-11,67810.0,ASK
737,1712453135.4060097,96392.50395203,67430.0,-8.425962418405513e-10,67810.0,ASK
738,1712453135.785511,96393.64027594,67430.0,-3.607334562729607e-11,67810.0,ASK
739,1712453136.0790758,96400.67113042,67430.0,-2.2319907333034077e-10,67810.0,ASK
740,1712453160.2033973,96400.67113042,67430.0,-0.0,67810.0,ASK
741,1712453161.4183707,96408.49318759,67450.0,-2.4829627745280156e-10,67810.0,ASK
742,1712453176.0099618,96409.52930363,67590.0,3.2889526393335826e-11,67810.0,BID
743,1712453176.0136232,96409.97269639,67590.0,1.4074657007217159e-11,67810.0,BID
744,1712453180.4481256,96439.62429016,67460.0,-9.412332579053247e-10,67810.0,ASK
745,1712453190.1503203,96439.62429016,67460.0,-0.0,67810.0,ASK
746,1712453192.400003,96441.10517421,67590.0,4.7003917137949685e-11,67810.0,BID
747,1712453193.1788695,96441.96767254,67470.0,-2.737607987317504e-11,67810.0,ASK
748,1712453193.1853728,96443.74399846,67480.0,-5.6381373244070885e-11,67810.0,ASK
749,1712453206.9694488,96446.44968914,67600.0,8.587982328829448e-11,67810.0,BID
750,1712453206.9751546,96456.5447381,67600.0,3.204213353653533e-10,67810.0,BID
751,1712453210.9396603,96462.46189786,67600.0,1.878132775170773e-10,67810.0,BID
752,1712453212.629004,96484.71159608,67600.0,7.06215298546925e-10,67810.0,BID
753,1712453212.635923,96506.84059608,67600.0,7.02384283464167e-10,67810.0,BID
754,1712453217.1405756,96507.40357785,67620.0,1.7869291297468708e-11,67810.0,BID
755,1712453217.1505537,96546.58148097,67620.0,1.2435240368099644e-09,67810.0,BID
756,1712453217.1537237,96556.80368275,67600.0,3.244572223180994e-10,67810.0,BID
757,1712453217.1785326,96564.20368645,67500.0,-2.3487940243353753e-10,67810.0,ASK
758,1712453217.1890905,96565.29916909,67500.0,-3.4771105298117817e-11,67810.0,ASK
759,1712453217.192294,96565.33608242,67620.0,-1.1716454810733878e-12,67810.0,ASK
760,1712453217.195425,96605.27493389,67480.0,-1.26767687523767e-09,67810.0,ASK
761,1712453217.1985672,96606.68317581,67500.0,-4.469822368486351e-11,67810.0,ASK
762,1712453217.2017498,96693.43273567,67480.0,-2.753469539657938e-09,67810.0,ASK
763,1712453217.2385511,96733.37158714,67480.0,1.267676875238132e-09,67810.0,BID
764,1712453217.2586498,96824.58314026,67480.0,2.895095186490122e-09,67810.0,BID
765,1712453217.2721708,96864.52199173,67480.0,1.26767687523767e-09,67810.0,BID
766,1712453217.2753017,96871.23235852,67480.0,2.1299002076829157e-10,67810.0,BID
767,1712453217.329403,96889.73716978,67480.0,5.873509240131828e-10,67810.0,BID
768,1712453217.4282248,96943.70953594,67480.0,1.713106861229876e-09,67810.0,BID
769,1712453217.5086484,97006.93430773,67480.0,2.006782323236698e-09,67810.0,BID
770,1712453217.5890334,97048.57013304,67480.0,1.3215395782369524e-09,67810.0,BID
771,1712453217.688735,97079.41148512,67480.0,9.78918206054163e-10,67810.0,BID
772,1712453217.7084758,97094.15421737,67480.0,4.679408661810488e-10,67810.0,BID
773,1712453217.808384,97137.94511244,67480.0,1.389942449093516e-09,67810.0,BID
774,1712453217.909327,97175.31562367,67480.0,1.186156615887668e-09,67810.0,BID
775,1712453217.9883635,97203.88211764,67480.0,9.067131997919498e-10,67810.0,BID
776,1712453219.4493089,97214.19283656,67480.0,3.2726679563607717e-10,67810.0,BID
777,1712453220.2227223,97214.19283656,67480.0,0.0,67810.0,BID
778,1712453221.9252498,97225.25022763,67480.0,3.5038504658108953e-10,67810.0,BID
779,1712453222.3687017,97257.61149763,67480.0,1.0254593533506031e-09,67810.0,BID
780,1712453222.5097747,97260.36002573,67480.0,8.709497025575169e-11,67810.0,BID
781,1712453222.9085252,97275.17923142,67480.0,4.69588896975726e-10,67810.0,BID
782,1712453224.7887032,97289.98362531,67480.0,4.691195427489874e-10,67810.0,BID
783,1712453226.55874,97290.98362531,67480.0,3.168785876915007e-11,67810.0,BID
784,1712453227.0184968,97299.06989902,67480.0,2.5623669929150623e-10,67810.0,BID
785,1712453229.9483397,97344.40604653,67470.0,-1.436605439434091e-09,67810.0,ASK
786,1712453232.6983757,97344.8506227,67480.0,1.4087666887230298e-11,67810.0,BID
787,1712453240.408954,97361.1888864,67470.0,-5.177245926588312e-10,67810.0,ASK
788,1712453240.6892347,97435.28491485,67480.0,2.347944484878171e-09,67810.0,BID
789,1712453241.1186762,97575.82326857,67480.0,4.453359504328548e-09,67810.0,BID
790,1712453250.2214036,97575.82326857,67480.0,0.0,67810.0,BID
791,1712453256.0291314,97575.91198659,67630.0,2.8091119318600918e-12,67810.0,BID
792,1712453264.12829,97585.91198659,67620.0,3.166337494986104e-10,67810.0,BID
793,1712453266.659084,97600.71645288,67630.0,4.687593670730542e-10,67810.0,BID
794,1712453266.671141,97694.45093018,67620.0,2.967949900478921e-09,67810.0,BID
795,1712453268.9785748,97700.45680796,67520.0,-1.901663600511932e-10,67810.0,ASK
796,1712453268.9881232,97702.05167663,67510.0,-5.049892469397764e-11,67810.0,ASK
797,1712453275.068399,97704.47232188,67510.0,-7.664579817158791e-11,67810.0,ASK
798,1712453275.5706108,97705.95095562,67630.0,4.68185345231378e-11,67810.0,BID
799,1712453280.2225928,97705.95095562,67630.0,0.0,67810.0,BID
800,1712453284.7182946,97713.24189159,67630.0,2.3079134420078477e-10,67810.0,BID
801,1712453288.2787566,97716.24189159,67620.0,9.496366933564852e-11,67810.0,BID
802,1712453292.7725372,97719.39677673,67620.0,9.986648974231196e-11,67810.0,BID
803,1712453298.2712264,97768.3567633,67510.0,-1.5498066584370963e-09,67810.0,ASK
804,1712453298.27696,97842.28845042,67520.0,-2.3402747630300684e-09,67810.0,ASK
805,1712453298.280763,97843.76774036,67600.0,-4.682626690428078e-11,67810.0,ASK
806,1712453298.2838962,97849.75222644,67510.0,-1.894362524152119e-10,67810.0,ASK
807,1712453310.222741,97849.75222644,67510.0,-0.0,67810.0,ASK
808,1712453320.925702,97850.62698818,67510.0,-2.7681686079983763e-11,67810.0,ASK
809,1712453322.1985242,97856.14182833,67510.0,-1.74516176044598e-10,67810.0,ASK
810,1712453322.204375,97858.15125125,67510.0,-6.358784561601036e-11,67810.0,ASK
811,1712453337.588942,97859.84619761,67520.0,-5.363628850523671e-11,67810.0,ASK
812,1712453337.5947466,97865.7519977,67510.0,-1.8688803667169919e-10,67810.0,ASK
813,1712453338.3887432,97880.56461806,67510.0,-4.687428451439052e-10,67810.0,ASK
814,1712453340.1682036,97880.56461806,67510.0,-0.0,67810.0,ASK
1015,1712453352.278386,97881.84660956,67510.0,-4.0565732092002065e-11,67810.0,ASK
815,1712453352.278386,97881.84660956,67510.0,-4.056573209200207e-11,67810.0,ASK
816,1712453364.16316,97895.3698506,67510.0,-4.279124885335443e-10,67810.0,ASK
817,1712453364.1682386,97897.50993994,67510.0,-6.771830454408278e-11,67810.0,ASK
818,1712453365.6085093,97898.01350897,67610.0,1.59343071781496e-11,67810.0,BID
819,1712453365.628367,97904.908875,67610.0,2.1818831953940798e-10,67810.0,BID
820,1712453366.3382702,97906.04812775,67510.0,-3.6049086005287497e-11,67810.0,ASK
821,1712453370.140657,97906.04812775,67510.0,-0.0,67810.0,ASK
822,1712453376.6683176,97920.93157761,67520.0,-4.709275841137092e-10,67810.0,ASK
823,1712453376.6781092,97964.81498244,67510.0,-1.3885158356203816e-09,67810.0,ASK
824,1712453380.308516,97964.96291143,67600.0,4.680624622458897e-12,67810.0,BID
825,1712453380.4325852,97965.0368579,67600.0,2.339741981815478e-12,67810.0,BID
826,1712453391.8281558,97965.2368579,67600.0,6.3282046640591865e-12,67810.0,BID
827,1712453392.009767,97965.38597809,67540.0,-4.718315409121836e-12,67810.0,ASK
828,1712453392.188221,97987.5753272,67600.0,7.02093712662086e-10,67810.0,BID
829,1712453399.7083478,97988.62734556,67570.0,3.328693746268609e-11,67810.0,BID
830,1712453400.3418734,97988.62734556,67570.0,0.0,67810.0,BID
831,1712453403.7875545,97988.70135769,67570.0,2.355085771752733e-12,67810.0,BID
832,1712453404.6347277,97988.84941809,67540.0,-4.711321527559583e-12,67810.0,ASK
833,1712453404.641844,98021.00185993,67540.0,-1.023099298726558e-09,67810.0,ASK
834,1712453404.8082988,98108.50185993,67540.0,2.78427340243944e-09,67810.0,BID
1035,1712453404.828895,98121.58909672,67540.0,4.164393749237351e-10,67810.0,BID
835,1712453404.828895,98121.58909672,67540.0,4.1643937492373505e-10,67810.0,BID
836,1712453404.8404214,98122.39298081,67570.0,2.5579806747694968e-11,67810.0,BID
837,1712453404.8451557,98126.00185993,67600.0,1.1483549881645796e-10,67810.0,BID
838,1712453411.7091842,98138.54347489,67600.0,3.9907754236321374e-10,67810.0,BID
839,1712453411.7187638,98237.21514382,67600.0,3.139758895726762e-09,67810.0,BID
840,1712453429.248752,98237.31514382,67570.0,-3.182026745830293e-12,67810.0,ASK
841,1712453429.255998,98242.12383174,67570.0,-1.5301373572894629e-10,67810.0,ASK
842,1712453430.148317,98242.12383174,67570.0,-0.0,67810.0,ASK
843,1712453442.9110918,98284.9528365,67570.0,-1.362088015151529e-09,67810.0,ASK
844,1712453442.9144497,98287.12383174,67570.0,-6.904401850854407e-11,67810.0,ASK
845,1712453454.8686578,98287.74332878,67600.0,1.970182352656289e-11,67810.0,BID
846,1712453456.398266,98288.76865626,67570.0,-3.2608422258387194e-11,67810.0,ASK
847,1712453458.6920118,98312.44780382,67570.0,-7.530663689530081e-10,67810.0,ASK
848,1712453460.218399,98312.44780382,67570.0,-0.0,67810.0,ASK
849,1712453462.4982033,98313.92775055,67570.0,-4.7059536591353055e-11,67810.0,ASK
850,1712453471.9085538,98354.8312005,67570.0,-1.3006531658270156e-09,67810.0,ASK
851,1712453476.9484982,98358.76128075,67570.0,-1.2496919759473227e-10,67810.0,ASK
852,1712453478.5732446,98360.76128075,67580.0,6.359625740210171e-11,67810.0,BID
853,1712453484.4194157,98363.93515134,67580.0,-1.0092314550149474e-10,67810.0,ASK
854,1712453485.9211934,98398.0828668,67570.0,-1.0858334510439359e-09,67810.0,ASK
855,1712453485.9245343,98408.0828668,67570.0,-3.1798128701050845e-10,67810.0,ASK
856,1712453485.9288757,98413.41848614,67570.0,-1.6966271047300567e-10,67810.0,ASK
857,1712453486.0382078,98430.88355467,67560.0,-5.55356496889622e-10,67810.0,ASK
858,1712453490.2186544,98430.88355467,67560.0,-0.0,67810.0,ASK
859,1712453492.6085722,98442.58939564,67540.0,-3.7212914309658917e-10,67810.0,ASK
860,1712453492.6147838,98472.08098682,67540.0,-9.37538839157274e-10,67810.0,ASK
861,1712453492.8086815,98472.08098683,67540.0,-3.1781029128119268e-19,67810.0,ASK
862,1712453492.8166149,98520.16851301,67530.0,-1.5287043414362823e-09,67810.0,ASK
863,1712453493.0121324,98534.98705841,67510.0,-4.710821388891061e-10,67810.0,ASK
864,1712453493.0170696,98561.77138556,67510.0,-8.514748095669662e-10,67810.0,ASK
865,1712453493.0205667,98562.59878995,67510.0,-2.63032179776702e-11,67810.0,ASK
1065,1712453493.0205667,98562.59878995,67510.0,-2.6303217977670197e-11,67810.0,ASK
866,1712453493.0240784,98813.93515133,67510.0,-7.989992776177447e-09,67810.0,ASK
867,1712453498.3882108,98825.6593249,67510.0,-3.727119371688032e-10,67810.0,ASK
868,1712453513.3759797,98837.61789859,67570.0,3.8016352616825576e-10,67810.0,BID
869,1712453513.382222,98839.21789859,67560.0,5.0864062691214265e-11,67810.0,BID
870,1712453513.3885903,98902.18536197,67580.0,2.001738128052908e-09,67810.0,BID
871,1712453514.048138,98909.11056972,67510.0,-2.2015262571721064e-10,67810.0,ASK
872,1712453520.1496828,98909.11056972,67510.0,-0.0,67810.0,ASK
873,1712453522.4238803,98912.37331105,67580.0,1.036163042844982e-10,67810.0,BID
1073,1712453522.4238803,98912.37331105,67580.0,1.0361630428449819e-10,67810.0,BID
874,1712453522.4318078,98948.14808081,67580.0,1.1361150193147503e-09,67810.0,BID
875,1712453541.1390584,98970.34399676,67580.0,7.048854163817743e-10,67810.0,BID
876,1712453548.9280863,98980.03957237,67580.0,3.079066377038505e-10,67810.0,BID
1077,1712453549.7680898,98980.33551791,67580.0,9.3984720278098e-12,67810.0,BID
877,1712453549.7680898,98980.33551791,67580.0,9.398472027809799e-12,67810.0,BID
878,1712453550.1446245,98980.33551791,67580.0,0.0,67810.0,BID
879,1712453557.7411458,98981.19465522,67580.0,2.7279829522826792e-11,67810.0,BID
880,1712453566.8485005,98996.44321161,67570.0,4.841810662288449e-10,67810.0,BID
881,1712453566.855912,98997.91900854,67570.0,4.6860365848883316e-11,67810.0,BID
1081,1712453566.855912,98997.91900854,67570.0,4.686036584888332e-11,67810.0,BID
882,1712453573.8685088,99007.14695589,67570.0,-2.9301117251668336e-10,67810.0,ASK
883,1712453577.848402,99041.60485215,67570.0,-1.0941272422418362e-09,67810.0,ASK
884,1712453580.2083547,99041.60485215,67570.0,-0.0,67810.0,ASK
885,1712453581.4451938,99088.44964886,67580.0,1.487247831984457e-09,67810.0,BID
886,1712453581.4516163,99104.13324442,67580.0,4.979292286980912e-10,67810.0,BID
887,1712453585.8385177,99108.02304264,67580.0,1.2349491033904772e-10,67810.0,BID
888,1712453585.938418,99119.98161633,67580.0,3.796657055465782e-10,67810.0,BID
889,1712453586.778524,99127.38134993,67580.0,2.349297793306321e-10,67810.0,BID
890,1712453588.3286622,99190.76005472,67580.0,2.0121731315529123e-09,67810.0,BID
891,1712453588.3365405,99258.72302239,67580.0,2.1577161909398112e-09,67810.0,BID
1091,1712453588.3365405,99258.72302239,67580.0,2.157716190939811e-09,67810.0,BID
892,1712453605.4084866,99258.79713481,67600.0,2.352951527352285e-12,67810.0,BID
893,1712453610.242252,99258.79713481,67600.0,0.0,67810.0,BID
894,1712453611.048586,99259.88340729,67580.0,-3.4471360917429185e-11,67810.0,ASK
895,1712453611.055941,99276.0250701,67580.0,-5.12233435689899e-10,67810.0,ASK
896,1712453617.3385844,99278.43811759,67580.0,7.65747383547511e-11,67810.0,BID
897,1712453627.1085532,99283.43811759,67580.0,1.5866811298171615e-10,67810.0,BID
898,1712453628.8584018,99283.5135837,67580.0,2.394813053322577e-12,67810.0,BID
899,1712453636.548592,99284.42404331,67570.0,-2.8892181653201994e-11,67810.0,ASK
900,1712453640.1509771,99284.42404331,67570.0,-0.0,67810.0,ASK
901,1712453641.2889044,99288.13544474,67570.0,-1.177697398806493e-10,67810.0,ASK
902,1712453642.1484375,99290.9133173,67570.0,-8.814711504132359e-11,67810.0,ASK
1103,1712453642.1529226,99357.62708191,67570.0,-2.1169530843783512e-09,67810.0,ASK
903,1712453642.1529226,99357.62708191,67570.0,-2.116953084378351e-09,67810.0,ASK
904,1712453642.158033,99358.66304461,67570.0,-3.2873042705443586e-11,67810.0,ASK
905,1712453648.3822548,99368.46239736,67550.0,-3.1095187253005097e-10,67810.0,ASK
906,1712453650.3344347,99372.49883953,67550.0,-1.2808389320649918e-10,67810.0,ASK
907,1712453650.341702,99383.26576389,67550.0,-3.416547374654413e-10,67810.0,ASK
908,1712453651.4485712,99389.71687002,67550.0,-2.047057170194245e-10,67810.0,ASK
909,1712453651.4595318,99390.16098549,67550.0,-1.4092618210650332e-11,67810.0,ASK
910,1712453651.4688227,99405.03695178,67510.0,-4.72042357447734e-10,67810.0,ASK
911,1712453652.8983088,99585.75908885,67510.0,-5.73465292690775e-09,67810.0,ASK
912,1712453655.679171,99619.98839716,67510.0,-1.0861602583306538e-09,67810.0,ASK
913,1712453663.5384212,99620.98839716,67550.0,3.173187867232087e-11,67810.0,BID
914,1712453668.2187755,99621.08839716,67570.0,3.173187866955031e-12,67810.0,BID
915,1712453670.159697,99621.08839716,67570.0,0.0,67810.0,BID
916,1712453673.078517,99643.74113816,67550.0,-7.182958564083614e-10,67810.0,ASK
917,1712453682.178382,99651.14196616,67560.0,-2.346728851219373e-10,67810.0,ASK
918,1712453684.6591868,99651.14196705,67560.0,-2.8221320790191395e-17,67810.0,ASK
919,1712453693.961063,99651.43821945,67510.0,-9.393868555390568e-12,67810.0,ASK
920,1712453693.968382,99652.91816617,67510.0,-4.6927636557332647e-11,67810.0,ASK
921,1712453693.9735048,99668.02117606,67510.0,-4.789014019666917e-10,67810.0,ASK
922,1712453693.9771411,99741.6773732,67470.0,-2.335564654381521e-09,67810.0,ASK
923,1712453693.980961,99741.67737387,67550.0,-2.1245009921714687e-17,67810.0,ASK
1123,1712453693.980961,99741.67737387,67550.0,-2.124500992171469e-17,67810.0,ASK
924,1712453693.9846463,100022.11872712,67510.0,-8.892516009654134e-09,67810.0,ASK
925,1712453693.988324,100145.94453002,67480.0,-3.9263928872676086e-09,67810.0,ASK
926,1712453698.6790524,100221.10134871,67470.0,-2.383147869207693e-09,67810.0,ASK
927,1712453700.2338212,100221.10134871,67470.0,-0.0,67810.0,ASK
928,1712453701.4591973,100270.61341571,67470.0,-1.5752100577764695e-09,67810.0,ASK
929,1712453701.4947662,100273.57769613,67470.0,-9.430760246082319e-11,67810.0,ASK
930,1712453701.504203,100576.98989138,67470.0,-9.652958774874108e-09,67810.0,ASK
931,1712453701.5685694,100592.67000682,67460.0,-4.98857693583775e-10,67810.0,ASK
932,1712453701.573536,100618.08402465,67460.0,-8.085385830150144e-10,67810.0,ASK
933,1712453701.648845,100630.04259834,67440.0,-3.8045807203231404e-10,67810.0,ASK
934,1712453704.5387344,100642.63939228,67440.0,-4.0076283848185935e-10,67810.0,ASK
935,1712453706.8024957,100701.63813843,67430.0,-1.877025621484807e-09,67810.0,ASK
936,1712453706.8081603,100709.4667912,67430.0,-2.490660020745521e-10,67810.0,ASK
937,1712453707.8285089,100850.00514492,67430.0,-4.471181303803575e-09,67810.0,ASK
938,1712453711.574931,100920.47798892,67430.0,-2.242070254689837e-09,67810.0,ASK
939,1712453711.5908933,100985.84127292,67430.0,-2.079511290976864e-09,67810.0,ASK
940,1712453711.649112,101047.16379475,67430.0,-1.950955777201028e-09,67810.0,ASK
941,1712453711.750119,101077.31867133,67430.0,-9.593674382411656e-10,67810.0,ASK
942,1712453711.7830796,101077.76979057,67420.0,-1.43522096162843e-11,67810.0,ASK
943,1712453711.7868395,101108.62408462,67420.0,-9.816191740315323e-10,67810.0,ASK
944,1712453713.2883935,101109.66142901,67430.0,3.3002769133227595e-11,67810.0,BID
945,1712453716.1280951,101117.71963711,67420.0,-2.5636922907661337e-10,67810.0,ASK
946,1712453721.7902727,101117.81963711,67410.0,-3.181466970199515e-12,67810.0,ASK
947,1712453721.7981968,101121.44601511,67410.0,-1.1537201827789301e-10,67810.0,ASK
1147,1712453721.7981968,101121.44601511,67410.0,-1.15372018277893e-10,67810.0,ASK
948,1712453726.1102643,101164.46804033,67400.0,-1.368731522205351e-09,67810.0,ASK
949,1712453726.1182804,101179.30483558,67400.0,-4.720277402873261e-10,67810.0,ASK
950,1712453726.1234038,101179.30483561,67410.0,-9.54632544332642e-19,67810.0,ASK
951,1712453726.1270924,101209.30483561,67400.0,-9.54440091004298e-10,67810.0,ASK
952,1712453726.130812,101216.73807003,67400.0,-2.364858978758397e-10,67810.0,ASK
953,1712453726.1345296,101319.90097803,67400.0,-3.28209384332622e-09,67810.0,ASK
954,1712453726.1898985,101324.35272161,67390.0,-1.416307515876893e-10,67810.0,ASK
955,1712453726.1972191,101327.83281328,67390.0,-1.1071796700694023e-10,67810.0,ASK
956,1712453726.254738,101369.44621581,67390.0,-1.323916656591456e-09,67810.0,ASK
957,1712453726.258434,101384.59967131,67380.0,-4.821021815481987e-10,67810.0,ASK
958,1712453726.768904,101384.77752508,67370.0,-5.6583589475100255e-12,67810.0,ASK
959,1712453726.7766883,101399.68772991,67370.0,-4.74363241827847e-10,67810.0,ASK
960,1712453726.782456,101400.68772991,67370.0,-3.181466970014329e-11,67810.0,ASK
961,1712453726.868972,101410.68772991,67360.0,-3.1814669700143287e-10,67810.0,ASK
962,1712453726.875523,101432.45370377,67360.0,-6.92477269058013e-10,67810.0,ASK
963,1712453726.885553,101435.31695351,67350.0,-9.109334474698779e-11,67810.0,ASK
1163,1712453726.885553,101435.31695351,67350.0,-9.10933447469878e-11,67810.0,ASK
964,1712453726.8894367,101475.75396481,67360.0,-1.2864901581705921e-09,67810.0,ASK
1164,1712453726.8894367,101475.75396481,67360.0,-1.286490158170592e-09,67810.0,ASK
965,1712453727.056659,101480.75396481,67350.0,-1.5907334850071646e-10,67810.0,ASK
1166,1712453727.062163,101492.26221331,67350.0,-3.661311248542728e-10,67810.0,ASK
966,1712453727.062163,101492.26221331,67350.0,-3.6613112485427275e-10,67810.0,ASK
967,1712453727.0660644,101493.41662828,67340.0,-3.6727330967633634e-11,67810.0,ASK
968,1712453727.0700262,101502.26221331,67340.0,-2.814193660337993e-10,67810.0,ASK
969,1712453727.131003,101502.41077964,67310.0,-4.726588717888464e-12,67810.0,ASK
970,1712453727.1349125,101507.41077964,67310.0,-1.5907334850071646e-10,67810.0,ASK
971,1712453727.1389704,101507.63113816,67310.0,7.010633529079367e-12,67810.0,BID
972,1712453727.1427906,101509.63113816,67310.0,6.362933940028658e-11,67810.0,BID
973,1712453727.2887475,101512.60290636,67300.0,-9.45458237085354e-11,67810.0,ASK
974,1712453727.3021357,101548.34640161,67300.0,-1.1371674953075282e-09,67810.0,ASK
975,1712453727.3061264,101559.96821328,67300.0,-3.6974409959797887e-10,67810.0,ASK
976,1712453727.559446,101561.96821328,67280.0,-6.362933940028658e-11,67810.0,ASK
977,1712453727.5636752,101562.04395428,67290.0,-2.409674898007917e-12,67810.0,ASK
978,1712453727.567571,101577.0072123,67280.0,-4.760511115442482e-10,67810.0,ASK
979,1712453728.1195998,101577.1072123,67260.0,-3.181466970199515e-12,67810.0,ASK
980,1712453728.1286452,101584.54105113,67260.0,-2.365051269803837e-10,67810.0,ASK
981,1712453728.132575,101592.23501542,67260.0,-2.447809325709226e-10,67810.0,ASK
982,1712453728.136589,101595.77724426,67250.0,-1.126948405469364e-10,67810.0,ASK
1182,1712453728.136589,101595.77724426,67250.0,-1.1269484054693639e-10,67810.0,ASK
983,1712453730.1888323,101600.42677868,67250.0,-1.4792340183201526e-10,67810.0,ASK
984,1712453730.2315946,101600.42677868,67250.0,-0.0,67810.0,ASK
985,1712453730.4723945,101607.46414434,67250.0,-2.2323103304880672e-10,67810.0,ASK
986,1712453730.4817202,101610.67699005,67250.0,-1.0191411126242176e-10,67810.0,ASK
987,1712453730.5895343,101619.97358748,67240.0,-2.948957249634663e-10,67810.0,ASK
988,1712453730.594402,101620.27102947,67240.0,-9.43510482577849e-12,67810.0,ASK
989,1712453733.0391364,101625.84432051,67240.0,-1.7678938063644418e-10,67810.0,ASK
990,1712453733.379708,101625.92611706,67240.0,2.594653913961966e-12,67810.0,BID
991,1712453736.2483037,101626.92611706,67240.0,3.1720823364015826e-11,67810.0,BID
992,1712453736.2960756,101639.02945506,67230.0,-3.8392784681300615e-10,67810.0,ASK
993,1712453737.2683363,101639.17817605,67240.0,4.71755225456088e-12,67810.0,BID
994,1712453738.5587275,101671.69777423,67230.0,-1.031548429736284e-09,67810.0,ASK
995,1712453738.567506,101673.40748436,67230.0,-5.4233413037473074e-11,67810.0,ASK
996,1712453739.7017634,101677.64749905,67230.0,-1.3449675704243624e-10,67810.0,ASK
997,1712453741.1549675,101678.64749905,67230.0,3.1720823364015826e-11,67810.0,BID
998,1712453742.3126664,101726.21967995,67230.0,1.5090287473697538e-09,67810.0,BID
999,1712453742.3175018,101743.55573941,67230.0,5.4991407995902e-10,67810.0,BID
1000,1712453743.679211,101756.13305438,67210.0,-3.9896278655684225e-10,67810.0,ASK
1200,1712453743.679211,101756.13305438,67210.0,-3.989627865568423e-10,67810.0,ASK
1201,1712453743.6940205,101756.23305438,67220.0,-3.1720823365862228e-12,67810.0,ASK
1202,1712453743.695426,101759.33305438,67210.0,-9.833455242817212e-11,67810.0,ASK
1203,1712453743.6968386,101759.63058487,67220.0,-9.437912118788776e-12,67810.0,ASK
1204,1712453743.809195,101759.96885561,67230.0,1.0730226392801312e-11,67810.0,BID
1205,1712453743.8106322,101777.46885561,67230.0,5.55114408870277e-10,67810.0,BID
1206,1712453743.8120832,101794.63058487,67230.0,5.443841824774758e-10,67810.0,BID
1207,1712453743.824361,101812.13058487,67230.0,5.55114408870277e-10,67810.0,BID
1208,1712453743.8270304,101829.63058487,67230.0,5.55114408870277e-10,67810.0,BID
1209,1712453745.0185728,101830.63058487,67230.0,3.1720823364015826e-11,67810.0,BID
1210,1712453745.7888763,101834.94811802,67200.0,-1.3695570641927878e-10,67810.0,ASK
1211,1712453745.7918403,101835.69216563,67200.0,-2.360180281128749e-11,67810.0,ASK
1212,1712453745.8344126,101837.39812545,67200.0,-5.4114450116309424e-11,67810.0,ASK
1213,1712453745.835715,101911.08963837,67200.0,-2.3375554647626028e-09,67810.0,ASK
1214,1712453747.506123,101923.45351188,67200.0,3.9219224770560975e-10,67810.0,BID
1215,1712453749.948404,101924.45351188,67200.0,3.1720823364015826e-11,67810.0,BID
1216,1712453752.419032,101931.56810032,67200.0,2.2568060321300367e-10,67810.0,BID
1217,1712453752.4220777,101998.99833989,67230.0,2.138942718793e-09,67810.0,BID
1218,1712453752.484316,102014.573684,67230.0,-4.940627393473792e-10,67810.0,ASK
1219,1712453752.6417682,102014.85720584,67240.0,8.993546206467873e-12,67810.0,BID
1220,1712453752.647105,102020.50628933,67240.0,1.7919357955497115e-10,67810.0,BID
1221,1712453752.648484,102052.18057796,67250.0,1.004734514812792e-09,67810.0,BID
1222,1712453752.7023835,102083.86823607,67230.0,-1.0051586057268802e-09,67810.0,ASK
1223,1712453752.704101,102087.82119836,67250.0,-1.2539121856573308e-10,67810.0,ASK
1224,1712453756.8419814,102103.5013138,67250.0,4.973861721996754e-10,67810.0,BID
1225,1712453756.844443,102128.85603595,67250.0,8.042726627635411e-10,67810.0,BID
1226,1712453757.4788718,102140.81460964,67270.0,-3.79335803706197e-10,67810.0,ASK
1227,1712453757.4818327,102173.10009021,67250.0,-1.024122026383476e-09,67810.0,ASK
1228,1712453760.138129,102173.10009021,67250.0,-0.0,67810.0,ASK
1229,1712453761.373882,102173.17576909,67390.0,2.3976682112320577e-12,67810.0,BID
1230,1712453762.5998075,102178.49577079,67250.0,-1.6854899228414783e-10,67810.0,ASK
1231,1712453762.6026795,102205.45361463,67250.0,-8.54081947639106e-10,67810.0,ASK
1232,1712453762.605566,102247.10745621,67250.0,-1.3196824773694776e-09,67810.0,ASK
1233,1712453762.8048697,102247.18925276,67250.0,-2.5914890356655038e-12,67810.0,ASK
1234,1712453763.68204,102257.93851822,67390.0,3.4055963949730477e-10,67810.0,BID
1235,1712453767.3183837,102258.10498417,67260.0,-5.273996081845088e-12,67810.0,ASK
1236,1712453767.4642348,102353.81445292,67260.0,3.032279953942204e-09,67810.0,BID
1237,1712453768.738374,102354.1573355,67370.0,1.0863250913910287e-11,67810.0,BID
1238,1712453769.488347,102354.68187071,67260.0,-1.6618393385745668e-11,67810.0,ASK
1239,1712453772.1784034,102355.1539524,67260.0,-1.4956554078567634e-11,67810.0,ASK
1240,1712453775.3687456,102362.26366472,67260.0,-2.2525083910504064e-10,67810.0,ASK
1241,1712453775.868368,102362.35717815,67370.0,2.9627047662443298e-12,67810.0,BID
1242,1712453776.4483092,102362.80004795,67260.0,-1.403105914469399e-11,67810.0,ASK
1243,1712453784.082742,102363.13254015,67370.0,1.0534061530989667e-11,67810.0,BID
1244,1712453786.289369,102374.72637269,67280.0,-3.673173246024886e-10,67810.0,ASK
1245,1712453786.2924037,102446.04495748,67270.0,-2.259524766218453e-09,67810.0,ASK
1246,1712453786.2940378,102491.29561929,67270.0,-1.4336374080968455e-09,67810.0,ASK
1247,1712453786.3487308,102814.29882305,67270.0,1.0233429906280812e-08,67810.0,BID
1248,1712453786.4310677,102822.2306583,67270.0,2.512974457037558e-10,67810.0,BID
1249,1712453786.4483197,102866.38726703,67270.0,1.398975474785967e-09,67810.0,BID
1250,1712453788.0101411,102908.78421156,67270.0,1.343225562588004e-09,67810.0,BID
1251,1712453790.146705,102908.78421156,67270.0,0.0,67810.0,BID
1252,1712453791.10874,102931.74111811,67270.0,-7.2618514206425e-10,67810.0,ASK
1253,1712453792.0082257,102967.96477224,67270.0,-1.1458459946764816e-09,67810.0,ASK
1254,1712453792.408509,102968.59502572,67270.0,-1.9936515049068443e-11,67810.0,ASK
1255,1712453802.2086947,102969.78232165,67380.0,3.755717965386984e-11,67810.0,BID
1256,1712453804.4505994,102970.31418726,67270.0,-1.6824257341249848e-11,67810.0,ASK
1257,1712453804.4593089,102999.250451,67260.0,-9.153273656048019e-10,67810.0,ASK
1258,1712453804.461796,103002.2235445,67270.0,-9.404648317767352e-11,67810.0,ASK
1259,1712453804.4643235,103012.2235445,67270.0,-3.1632534657173377e-10,67810.0,ASK
1260,1712453804.4668398,103018.27149989,67260.0,-1.9131215847945715e-10,67810.0,ASK
1261,1712453804.4693844,103048.27149989,67270.0,-9.489760397152014e-10,67810.0,ASK
1262,1712453804.4708426,103450.53250395,67260.0,-1.2724535152157232e-08,67810.0,ASK
1263,1712453812.3057382,103453.50118437,67370.0,9.390688627181008e-11,67810.0,BID
1264,1712453814.8987143,103467.40843089,67260.0,-4.399214575297735e-10,67810.0,ASK
1265,1712453814.902325,103470.38152439,67260.0,-9.404648317767352e-11,67810.0,ASK
1266,1712453815.049199,103485.29576749,67260.0,-4.717753117460295e-10,67810.0,ASK
1267,1712453816.018886,103487.86638895,67260.0,-8.13152724241389e-11,67810.0,ASK
1268,1712453816.0222244,103492.01843486,67260.0,-1.3133973614622742e-10,67810.0,ASK
1269,1712453818.892213,103497.48655681,67250.0,-1.7297055709319307e-10,67810.0,ASK
1270,1712453818.8938146,103520.306851,67250.0,-7.21863746851891e-10,67810.0,ASK
1271,1712453819.573137,103523.28082869,67250.0,-9.407445234842984e-11,67810.0,ASK
1272,1712453819.5767903,103606.81410674,67250.0,-2.64236931294402e-09,67810.0,ASK
1273,1712453819.5802343,103606.91410674,67240.0,-3.163253465901464e-12,67810.0,ASK
1274,1712453819.5817535,103628.65129209,67240.0,-6.876022689330714e-10,67810.0,ASK
1275,1712453819.5832849,103635.5297941,67240.0,-2.1758445322088867e-10,67810.0,ASK
1276,1712453819.5925567,103639.0260639,67240.0,-1.1059587561938416e-10,67810.0,ASK
1277,1712453819.5940864,103647.48836779,67240.0,-2.6768412108004223e-10,67810.0,ASK
1278,1712453819.598875,103669.0260639,67240.0,-6.81291918635159e-10,67810.0,ASK
1279,1712453819.622471,103684.70617934,67230.0,-4.96001795084337e-10,67810.0,ASK
1280,1712453819.6240427,103685.75951258,67230.0,-3.331960021965226e-11,67810.0,ASK
1281,1712453819.6692786,103687.53851258,67240.0,5.6274279154953086e-11,67810.0,BID
1282,1712453820.213153,103687.53851258,67240.0,0.0,67810.0,BID
1283,1712453825.2356725,103688.28211758,67240.0,2.3483203121831038e-11,67810.0,BID
1284,1712453826.1595223,103710.25261758,67240.0,6.938330352549446e-10,67810.0,BID
1285,1712453827.2796664,103710.99622258,67240.0,2.3483203121371488e-11,67810.0,BID
1286,1712453829.2518828,103721.1980643,67230.0,-3.2217631850802406e-10,67810.0,ASK
1287,1712453829.2537615,103722.1980643,67200.0,-3.158021143146842e-11,67810.0,ASK
1288,1712453829.2568362,103722.94211191,67200.0,-2.3497180838937848e-11,67810.0,ASK
1289,1712453829.2593927,103725.55251191,67230.0,-8.243698392086399e-11,67810.0,ASK
1290,1712453829.262011,103770.15554491,67200.0,-1.4085732126245147e-09,67810.0,ASK
1291,1712453829.264631,103780.15554491,67230.0,-3.1580211431468417e-10,67810.0,ASK
1292,1712453829.2665138,103786.88839872,67200.0,-2.1262494685688315e-10,67810.0,ASK
1293,1712453829.2680366,103798.00965475,67230.0,-3.51211616811038e-10,67810.0,ASK
1294,1712453829.2695456,103857.53346427,67200.0,-1.8797744898481743e-09,67810.0,ASK
1295,1712453829.271073,103889.2688196,67230.0,-1.0022092311738891e-09,67810.0,ASK
1296,1712453829.2725854,103892.24368201,67230.0,-9.39467838874215e-11,67810.0,ASK
1297,1712453829.2741296,104021.79410559,67200.0,-4.091229767692804e-09,67810.0,ASK
1298,1712453829.6883993,104029.23126162,67200.0,2.3486695987641e-10,67810.0,BID
1299,1712453829.7288177,104029.37993839,67200.0,4.6952438314565234e-12,67810.0,BID
1300,1712453831.1285312,104039.37993839,67200.0,3.1580211431468417e-10,67810.0,BID
1301,1712453831.188522,104051.33851208,67200.0,3.7765428554867525e-10,67810.0,BID
1302,1712453831.197991,104071.81550011,67200.0,6.46667611467077e-10,67810.0,BID
1303,1712453831.662088,104107.65725349,67200.0,1.1318901498152423e-09,67810.0,BID
1304,1712453836.4894164,104138.36135349,67220.0,-9.69641969813033e-10,67810.0,ASK
1305,1712453836.4989932,104159.39055349,67210.0,-6.641065822343181e-10,67810.0,ASK
1306,1712453836.501293,104171.24388653,67200.0,-3.7433076357111356e-10,67810.0,ASK
1307,1712453836.503968,104263.34946944,67200.0,-2.908713782316231e-09,67810.0,ASK
1308,1712453836.5072217,104266.31814987,67210.0,-9.3751555651861e-11,67810.0,ASK
1309,1712453837.098534,104296.31814987,67200.0,9.474063429440526e-10,67810.0,BID
1310,1712453837.1789885,104302.78958139,67200.0,2.0436917566575087e-10,67810.0,BID
1311,1712453837.182513,104317.8984201,67200.0,4.771403209458363e-10,67810.0,BID
1312,1712453842.5475924,104343.4992621,67240.0,8.084800031836115e-10,67810.0,BID
1313,1712453842.618291,104343.49926247,67240.0,1.1684583381524369e-17,67810.0,BID
1314,1712453843.099162,104345.94135098,67220.0,-7.712167148052827e-11,67810.0,ASK
1315,1712453843.1028717,104354.14920838,67240.0,-2.592058720910185e-10,67810.0,ASK
1316,1712453843.1059732,104355.60961174,67250.0,-4.611984688416649e-11,67810.0,ASK
1317,1712453849.6585245,104365.00560374,67250.0,2.9672741396855027e-10,67810.0,BID
1318,1712453850.2124517,104365.00560374,67250.0,0.0,67810.0,BID
1319,1712453856.2887335,104367.94011554,67250.0,-9.253944090218516e-11,67810.0,ASK
1320,1712453856.292783,104368.79678617,67250.0,-2.7014994841107868e-11,67810.0,ASK
1321,1712453858.1485777,104409.80697117,67260.0,1.293250751694388e-09,67810.0,BID
1322,1712453858.1520991,104409.80697203,67260.0,2.7120100809316217e-17,67810.0,BID
1323,1712453858.1759558,104491.82734203,67260.0,-2.586501503389235e-09,67810.0,ASK
1324,1712453858.179182,104532.83752617,67260.0,-1.2932507245747461e-09,67810.0,ASK
1325,1712453858.184427,104593.36370581,67250.0,-1.908685057544515e-09,67810.0,ASK
1326,1712453858.1871629,104595.36370581,67250.0,-6.306973507652517e-11,67810.0,ASK
1327,1712453859.859084,104735.07569781,67250.0,4.4057991612267024e-09,67810.0,BID
1328,1712453861.301569,104735.07569868,67250.0,2.743536010737541e-17,67810.0,BID
1329,1712453861.3081863,104738.04834941,67280.0,9.374214700830436e-11,67810.0,BID
1330,1712453862.755481,104750.91355341,67280.0,4.057025039927745e-10,67810.0,BID
1331,1712453862.7884011,104750.91355348,67280.0,2.2072739791335053e-18,67810.0,BID
1332,1712453862.9092505,104771.30239348,67290.0,6.42959368658817e-10,67810.0,BID
1333,1712453862.9114778,104783.17731547,67290.0,3.74474091982026e-10,67810.0,BID
1334,1712453862.9137046,104799.00662216,67300.0,4.991750896914708e-10,67810.0,BID
1335,1712453862.9158309,104837.87578216,67300.0,1.225733811923598e-09,67810.0,BID
1336,1712453870.2587,104837.97578216,67220.0,-3.153486754009816e-12,67810.0,ASK
1337,1712453870.2605066,104867.56828219,67220.0,-9.331955685717767e-10,67810.0,ASK
1338,1712453870.2621355,104872.07719368,67220.0,-1.4218792657902039e-10,67810.0,ASK
1339,1712453874.728865,104874.07719368,67300.0,6.306973507652517e-11,67810.0,BID
1340,1712453874.7326574,104874.23602738,67300.0,5.008799690092496e-12,67810.0,BID
1341,1712453874.8689876,104877.07719368,67300.0,-8.959580292469527e-11,67810.0,ASK
1342,1712453880.1418946,104877.07719368,67300.0,-0.0,67810.0,ASK
1343,1712453883.080129,104905.56909368,67220.0,-8.975134874805702e-10,67810.0,ASK
1344,1712453883.082054,104924.98579368,67220.0,-6.11638751096603e-10,67810.0,ASK
1345,1712453883.0884843,104929.78154333,67220.0,-1.5106925103127835e-10,67810.0,ASK
1346,1712453883.0981982,104956.78154333,67220.0,8.50517661580337e-10,67810.0,BID
1347,1712453883.1394298,104991.22637329,67220.0,1.0850346752264932e-09,67810.0,BID
1348,1712453883.9888043,105051.57958127,67200.0,-1.9011655303708963e-09,67810.0,ASK
1349,1712453883.9906344,105091.80564245,67200.0,-1.267147240348228e-09,67810.0,ASK
1350,1712453883.992412,105094.77962014,67200.0,-9.368224261107732e-11,67810.0,ASK
1351,1712453884.0964234,105101.43627261,67200.0,-2.0968890713805368e-10,67810.0,ASK
1352,1712453884.752104,105107.67917261,67200.0,-1.9665543368481879e-10,67810.0,ASK
1353,1712453884.7552154,105116.83937261,67200.0,-2.885522919854401e-10,67810.0,ASK
1354,1712453884.7582324,105201.36895887,67190.0,-2.66273726074857e-09,67810.0,ASK
1355,1712453884.7612798,105214.50794958,67200.0,-4.1388680200705405e-10,67810.0,ASK
1356,1712453884.7684314,105220.46121643,67190.0,-1.8753180000105647e-10,67810.0,ASK
1357,1712453884.832313,105221.73639921,67190.0,-4.0169091708469836e-11,67810.0,ASK
1358,1712453894.7779143,105222.33101792,67270.0,1.873087832465297e-11,67810.0,BID
1359,1712453895.7690132,105250.81911792,67220.0,-8.973937849946811e-10,67810.0,ASK
1360,1712453895.771389,105275.63481792,67220.0,-7.817107827586922e-10,67810.0,ASK
1361,1712453895.7788322,105298.0156394,67190.0,-7.05010516644862e-10,67810.0,ASK
1362,1712453896.7486458,105300.95450536,67190.0,-9.257620014830208e-11,67810.0,ASK
1363,1712453896.760022,105301.15450536,67190.0,-6.300130826429341e-12,67810.0,ASK
1364,1712453896.7631996,105314.94554826,67190.0,-4.3442687252094384e-10,67810.0,ASK
1365,1712453898.2991502,105326.50149551,67190.0,-3.6401989749696234e-10,67810.0,ASK
1366,1712453898.3038056,105341.54895782,67190.0,-4.740049058007751e-10,67810.0,ASK
1367,1712453898.307005,105341.71876731,67190.0,-5.349110012645807e-12,67810.0,ASK
1368,1712453900.4498794,105346.44662031,67220.0,1.4893046214292416e-10,67810.0,BID
1369,1712453900.468123,105513.91362331,67220.0,5.275320140126875e-09,67810.0,BID
1370,1712453910.141119,105513.91362331,67220.0,0.0,67810.0,BID
1371,1712453918.7788308,105542.73652331,67220.0,9.067177228075779e-10,67810.0,BID
1372,1712453918.798059,105562.37882331,67220.0,6.1791219921347e-10,67810.0,BID
1373,1712453925.9483488,105563.12264956,67220.0,2.3399465132165968e-11,67810.0,BID
1374,1712453927.298601,105593.12264956,67220.0,9.437472178104244e-10,67810.0,BID
1375,1712453928.0184104,105593.86647581,67220.0,2.3399465132623748e-11,67810.0,BID
1376,1712453934.9683816,105604.63215812,67220.0,3.3866942426301646e-10,67810.0,BID
1377,1712453935.0502832,105634.2696989,67220.0,9.323448884620551e-10,67810.0,BID
1378,1712453935.0535824,105653.54011764,67220.0,6.062134690641663e-10,67810.0,BID
1379,1712453935.0565586,105776.75355237,67220.0,3.876077874110178e-09,67810.0,BID
1380,1712453935.1689968,105792.43366781,67220.0,4.93268844047809e-10,67810.0,BID
1381,1712453935.271691,105813.16999431,67220.0,6.52328348066187e-10,67810.0,BID
1382,1712453940.2219388,105813.16999431,67220.0,0.0,67810.0,BID
1383,1712453943.4183242,105823.75111788,67230.0,-3.3265302339844275e-10,67810.0,ASK
1384,1712453946.391062,105828.04651915,67230.0,-1.3504031114637893e-10,67810.0,ASK
1385,1712453946.4719324,105830.88768545,67230.0,8.932156905829779e-11,67810.0,BID
1386,1712453946.494517,105838.51648763,67230.0,2.3983692216564037e-10,67810.0,BID
1387,1712453951.2482457,105853.98399079,67230.0,4.86272715421678e-10,67810.0,BID
1388,1712453956.5903337,105858.51648763,67230.0,-1.4249420370078382e-10,67810.0,ASK
1389,1712453956.5944438,105874.90240375,67240.0,-5.15146099788854e-10,67810.0,ASK
1390,1712453956.5979414,105943.60835958,67220.0,-2.160001608629502e-09,67810.0,ASK
1391,1712453956.601152,105952.44225958,67210.0,-2.77723204341727e-10,67810.0,ASK
1392,1712453956.604335,105952.98660501,67220.0,-1.7113319947868028e-11,67810.0,ASK
1393,1712453956.607514,105974.28667883,67210.0,-6.696390896443153e-10,67810.0,ASK
1394,1712453956.6095157,105974.82189007,67220.0,-1.6826156122713862e-11,67810.0,ASK
1395,1712453959.480136,105974.97069959,67200.0,-4.678325171445703e-12,67810.0,ASK
1396,1712453959.4842598,105976.45879482,67200.0,-4.678325265642512e-11,67810.0,ASK
1397,1712453959.7669244,105979.66733483,67200.0,1.0087119084811315e-10,67810.0,BID
1398,1712453961.7889383,105990.79420387,67200.0,3.4981035828808733e-10,67810.0,BID
1399,1712453963.5583107,106011.51915217,67190.0,-6.51558094578324e-10,67810.0,ASK
1400,1712453965.298275,106019.34120934,67190.0,-2.4591253939881493e-10,67810.0,ASK
1401,1712453965.798531,106021.41747899,67190.0,-6.527448355497279e-11,67810.0,ASK
1402,1712453969.2064223,106031.41747899,67200.0,3.143834595612309e-10,67810.0,BID
1403,1712453970.2283442,106031.41747899,67200.0,0.0,67810.0,BID
1404,1712453971.7522676,106044.54450979,67190.0,-4.125018942720123e-10,67810.0,ASK
1405,1712453971.7561443,106098.50387199,67190.0,-1.695611098986879e-09,67810.0,ASK
1406,1712453972.6685114,106099.9921887,67190.0,-4.6768646429020266e-11,67810.0,ASK
1407,1712453972.6707213,106161.98759274,67190.0,-1.9481345014190604e-09,67810.0,ASK
1408,1712453975.57533,106166.98759274,67180.0,-1.5711926808009578e-10,67810.0,ASK
1409,1712453975.5775683,106186.73778059,67180.0,-6.20627011887415e-10,67810.0,ASK
1410,1712453975.5794573,106190.4035442,67180.0,-1.1519241907153776e-10,67810.0,ASK
1411,1712453976.748659,106191.62286255,67190.0,3.8315681341450326e-11,67810.0,BID
1412,1712453977.208228,106252.5772245,67180.0,-1.9154209471747633e-09,67810.0,ASK
1413,1712453981.6386569,106256.51141993,67180.0,-1.2362758128924018e-10,67810.0,ASK
1414,1712453982.5085351,106356.51141993,67180.0,-3.1423853616019163e-09,67810.0,ASK
1415,1712453982.608719,106360.97585756,67180.0,-1.4028983456291815e-10,67810.0,ASK
1416,1712453983.0281918,106364.75356136,67180.0,-1.187100112160628e-10,67810.0,ASK
1417,1712453983.1285045,106376.71213505,67180.0,-3.757844690906196e-10,67810.0,ASK
1418,1712453983.1307282,106399.23140415,67180.0,-7.07642215738521e-10,67810.0,ASK
1419,1712453983.6539986,106472.99091318,67180.0,-2.3178080145477674e-09,67810.0,ASK
1420,1712453984.1882348,106676.17038235,67180.0,-6.384681896978721e-09,67810.0,ASK
1421,1712453984.198074,106684.67849804,67180.0,-2.6735778199064657e-10,67810.0,ASK
1422,1712453984.228666,106689.69063954,67170.0,-1.575008007988707e-10,67810.0,ASK
1423,1712453984.2407365,106693.66815926,67170.0,-1.2498899743632842e-10,67810.0,ASK
