,time,acc_trade_volume,trade_price,dev,high,ask_bid
0,1712451675.074691,40363057.94050941,288.6,0.0,294.5,ASK
1,1712451683.3944485,40365152.41486838,288.5,-1.0245889068358905e-07,294.5,ASK
2,1712451683.3956769,40378829.62124788,288.5,-6.690706846297103e-07,294.5,ASK
3,1712451683.6954594,40379002.93147318,288.5,-8.478104949041668e-09,294.5,ASK
4,1712451683.6966586,40382426.24239481,288.5,-1.6746380207211214e-07,294.5,ASK
5,1712451689.2144012,40384426.24239481,288.5,9.783733111352269e-08,294.5,BID
6,1712451690.544906,40384426.24239481,288.5,0.0,294.5,BID
7,1712451690.966233,40384599.61271381,288.4,-8.477809838783654e-09,294.5,ASK
8,1712451690.9697435,40387891.24585981,288.4,-1.6096088438198786e-07,294.5,ASK
9,1712451691.0843225,40389639.34418093,288.4,-8.548202040540752e-08,294.5,ASK
10,1712451691.1442966,40389839.84254766,288.4,-9.804371567390442e-09,294.5,ASK
11,1712451691.1844077,40396968.9947668,288.4,-3.486155945050822e-07,294.5,ASK
12,1712451691.185465,40411352.99927901,288.4,-7.03377923524259e-07,294.5,ASK
13,1712451693.2744918,40411526.42973339,288.3,-8.480750459632392e-09,294.5,ASK
14,1712451693.2756183,40411873.29064215,288.3,-1.6961500919264783e-08,294.5,ASK
15,1712451694.5763023,40420271.5084708,288.3,4.106729118869735e-07,294.5,BID
16,1712451696.7843983,40420444.9991023,288.2,-8.483693121112753e-09,294.5,ASK
17,1712451696.7941554,40420587.72967054,288.2,-6.979525807657556e-09,294.5,ASK
18,1712451697.27451,40429842.30461849,288.2,-4.525487811455623e-07,294.5,ASK
19,1712451697.275601,40431859.18473761,288.2,-9.862545224987622e-08,294.5,ASK
20,1712451698.1144588,40435626.19923328,288.1,-1.84207035780775e-07,294.5,ASK
21,1712451698.1159315,40437018.86322564,288.1,-6.810127918703872e-08,294.5,ASK
22,1712451698.117453,40439087.08467652,288.1,-1.0113604374039136e-07,294.5,ASK
23,1712451698.1944814,40441829.90343999,288.1,-1.3412385715099932e-07,294.5,ASK
24,1712451698.1959584,40453381.33317652,288.1,-5.64864996734662e-07,294.5,ASK
25,1712451700.564459,40454233.38198724,288.1,-4.166519293789612e-08,294.5,ASK
26,1712451700.567081,40459712.35738871,288.1,-2.679219363189521e-07,294.5,ASK
27,1712451701.0861447,40459795.22231772,288.1,-4.052095621036379e-09,294.5,ASK
28,1712451703.9942122,40460141.24307896,288.1,-1.692041769964418e-08,294.5,ASK
29,1712451704.984619,40460181.24307896,288.0,-1.9560002860883403e-09,294.5,ASK
30,1712451704.9859722,40462793.21093323,288.1,-1.277252467550854e-07,294.5,ASK
31,1712451704.98744,40462856.21093323,288.0,-3.0807004505891355e-09,294.5,ASK
32,1712451704.988766,40484420.60566937,288.0,-1.0544990568303409e-06,294.5,ASK
33,1712451705.324305,40484440.60566937,288.1,9.780001430441702e-10,294.5,BID
34,1712451705.8645651,40489366.90226937,288.1,2.4089593897385493e-07,294.5,BID
35,1712451706.6245751,40489540.51338048,288.0,-8.489584575076681e-09,294.5,ASK
36,1712451706.634322,40492999.9857047,288.0,-1.691682213969748e-07,294.5,ASK
37,1712451706.635642,40497013.08980933,288.0,-1.962408194189961e-07,294.5,ASK
38,1712451708.6545136,40497602.56195959,288.0,-2.8825192363679128e-08,294.5,ASK
39,1712451711.0743165,40503040.57304991,288.0,-2.659187812106e-07,294.5,ASK
40,1712451711.0757802,40503077.18609752,288.0,-1.790378289858336e-09,294.5,ASK
41,1712451711.654406,40503111.66885614,288.0,-1.686207143091661e-09,294.5,ASK
42,1712451714.4046245,40508494.34486938,288.1,2.632128955457593e-07,294.5,BID
43,1712451714.40613,40508743.04615603,288.1,1.2161494695642514e-08,294.5,BID
44,1712451714.7440507,40509329.77015514,288.0,-2.8690807752990472e-08,294.5,ASK
45,1712451714.7542765,40510354.74900168,288.0,-5.0121472926792495e-08,294.5,ASK
46,1712451714.7551365,40526813.74431255,287.9,-8.048449884194815e-07,294.5,ASK
47,1712451714.7559888,40534731.52338685,287.9,-3.871794533630629e-07,294.5,ASK
48,1712451714.9942353,40537422.86614145,287.9,-1.3160667994910348e-07,294.5,ASK
49,1712451715.0340931,40537499.70409124,287.9,-3.7573762942949975e-09,294.5,ASK
50,1712451715.035262,40538695.77784914,287.9,-5.8488015315602e-08,294.5,ASK
51,1712451715.05416,40542156.07567648,287.9,-1.6920858850572997e-07,294.5,ASK
52,1712451715.154265,40547034.80455073,287.9,-2.385698768445721e-07,294.5,ASK
53,1712451717.5046082,40554972.48626056,287.8,-3.8815269238281e-07,294.5,ASK
54,1712451718.3842382,40568273.97464523,287.8,-6.504428771450908e-07,294.5,ASK
55,1712451719.634379,40569316.36519422,287.8,-5.0972905300965294e-08,294.5,ASK
56,1712451719.6359336,40577000.81442113,287.8,-3.757696221569675e-07,294.5,ASK
57,1712451719.6374836,40578737.52855798,287.9,-8.49253337131288e-08,294.5,ASK
58,1712451720.3746042,40578737.52855798,287.9,-0.0,294.5,ASK
59,1712451721.454452,40578911.26031614,287.8,-8.472295393187674e-09,294.5,ASK
60,1712451721.464353,40582807.57552139,287.8,-1.900097812454123e-07,294.5,ASK
61,1712451721.6342757,40583500.18852139,287.8,3.3776334225109135e-08,294.5,BID
62,1712451724.7210946,40584195.7539036,287.8,3.3920311666954204e-08,294.5,BID
63,1712451725.2343771,40584543.33819279,287.7,-1.695048046036096e-08,294.5,ASK
64,1712451725.237238,40584868.24758873,287.7,-1.5844704546523378e-08,294.5,ASK
65,1712451725.6543689,40584885.62076454,287.8,8.4722953888276e-10,294.5,BID
66,1712451726.4643476,40585603.46423617,287.7,-3.500673683419616e-08,294.5,ASK
67,1712451726.4657738,40588443.269364,287.7,-1.384874484466538e-07,294.5,ASK
68,1712451726.584213,40589714.09560754,287.7,6.19737890330953e-08,294.5,BID
69,1712451726.9842155,40591710.40328196,287.7,9.735300265324412e-08,294.5,BID
70,1712451733.361682,40592905.99223262,287.6,-5.83047271609809e-08,294.5,ASK
71,1712451735.8303862,40592925.99223262,287.7,9.75330645680682e-10,294.5,BID
72,1712451741.0248415,40594797.18527083,287.6,-9.125159570754113e-08,294.5,ASK
73,1712451741.02696,40595675.19568089,287.6,-4.2817523007690454e-08,294.5,ASK
74,1712451744.424118,40596277.69568089,287.6,-2.9381835701130548e-08,294.5,ASK
75,1712451744.4342444,40599542.80070893,287.6,-1.592278497607092e-07,294.5,ASK
76,1712451744.4359016,40600891.77544294,287.6,-6.578481991672602e-08,294.5,ASK
77,1712451745.764257,40603363.94993958,287.6,-1.2055937740195528e-07,294.5,ASK
78,1712451746.1842716,40603391.26169549,287.6,1.331899626343827e-09,294.5,BID
79,1712451746.595048,40604619.00453519,287.6,5.987276082879364e-08,294.5,BID
80,1712451746.9742951,40604951.24409211,287.6,-1.620217107838013e-08,294.5,ASK
81,1712451747.694312,40614842.4477931,287.5,-4.823597046122613e-07,294.5,ASK
82,1712451747.696242,40615378.77276782,287.6,-2.6154709194570772e-08,294.5,ASK
83,1712451747.914574,40615726.35705701,287.5,-1.695048046036096e-08,294.5,ASK
84,1712451747.9164872,40619531.86218508,287.5,-1.855812886851177e-07,294.5,ASK
85,1712451747.9183948,40622758.85898887,287.5,-1.5736944381251604e-07,294.5,ASK
86,1712451749.4444437,40622903.95994824,287.5,-7.076070619466336e-09,294.5,ASK
87,1712451749.4462316,40623251.78603519,287.5,-1.6962272098273157e-08,294.5,ASK
88,1712451749.4479833,40624516.75585383,287.5,-6.168819149924239e-08,294.5,ASK
89,1712451750.3743267,40624516.75585383,287.5,-0.0,294.5,ASK
90,1712451752.354247,40624536.75585383,287.6,9.747048241790295e-10,294.5,BID
91,1712451753.0744689,40624827.57038301,287.5,-1.4172916226680632e-08,294.5,ASK
92,1712451753.0763776,40624879.57381749,287.5,-2.5343999230395003e-09,294.5,ASK
93,1712451754.0342054,40624979.57381749,287.5,-4.873524120895149e-09,294.5,ASK
94,1712451754.044201,40630223.75820908,287.5,-2.555765912682584e-07,294.5,ASK
95,1712451756.2643316,40632310.71473081,287.5,1.017083294789668e-07,294.5,BID
96,1712451758.8145938,40632481.65490175,287.5,8.330810463242424e-09,294.5,BID
97,1712451758.8242104,40634981.02804174,287.5,1.2180755284870196e-07,294.5,BID
98,1712451758.9144266,40635774.01757412,287.5,3.8646536136413015e-08,294.5,BID
99,1712451758.9242797,40636372.33238957,287.5,2.9159016850049002e-08,294.5,BID
100,1712451759.704419,40638003.38668805,287.4,-7.948982466145814e-08,294.5,ASK
101,1712451759.7057793,40638351.33380008,287.4,-1.6957286432439442e-08,294.5,ASK
102,1712451759.7076986,40643127.54987215,287.5,-2.327700423386493e-07,294.5,ASK
103,1712451759.8646786,40644519.3383203,287.4,-6.782914573229949e-08,294.5,ASK
104,1712451759.8665411,40653218.01612126,287.4,-4.239321608287782e-07,294.5,ASK
105,1712451759.8684306,40657968.2696734,287.4,-2.315047526671633e-07,294.5,ASK
106,1712451760.4644608,40667774.0795181,287.4,4.778885080306866e-07,294.5,BID
107,1712451760.4689293,40676220.6309734,287.4,4.116447225576989e-07,294.5,BID
108,1712451761.164244,40676220.63100393,287.4,1.488007742719972e-15,294.5,BID
109,1712451761.1662874,40677854.97098551,287.4,7.964995321965134e-08,294.5,BID
110,1712451761.7944436,40687413.45414301,287.4,4.658349822724933e-07,294.5,BID
111,1712451762.0742638,40690878.91590438,287.4,-1.688901148407795e-07,294.5,ASK
112,1712451762.434466,40691342.26332836,287.4,-2.2581348471121453e-08,294.5,ASK
113,1712451766.4344957,40691762.38717349,287.5,-2.0474836930052725e-08,294.5,ASK
114,1712451766.5941665,40692109.04818292,287.5,-1.68946079123528e-08,294.5,ASK
115,1712451767.3996036,40694605.88661055,287.6,1.216840230304757e-07,294.5,BID
116,1712451767.4012084,40694623.88661055,287.6,8.77234341761126e-10,294.5,BID
117,1712451767.49419,40695578.99539929,287.7,4.654745719984648e-08,294.5,BID
118,1712451767.9745326,40696088.55920995,287.7,2.4833715223937533e-08,294.5,BID
119,1712451767.976113,40696106.55920995,287.8,8.77234341761126e-10,294.5,BID
120,1712451767.984178,40696142.55920995,287.8,1.7544686835222535e-09,294.5,BID
121,1712451768.3045018,40697114.90479017,287.5,-4.7387496390490426e-08,294.5,ASK
122,1712451768.305947,40699568.73615584,287.5,-1.195880634918859e-07,294.5,ASK
123,1712451770.4031885,40700304.52991046,287.7,3.5859086111559816e-08,294.5,BID
124,1712451772.4442494,40710057.61160479,287.5,-4.753187889036501e-07,294.5,ASK
125,1712451773.7177098,40734339.1117295,287.5,-1.1833647654931842e-06,294.5,ASK
126,1712451773.719438,40743268.6453746,287.5,-4.3518297607743973e-07,294.5,ASK
127,1712451775.2541723,40744981.59146155,287.5,-8.348084072510399e-08,294.5,ASK
128,1712451776.0942264,40746697.84224673,287.5,-8.36418959911353e-08,294.5,ASK
129,1712451777.404316,40772686.31947755,287.5,-1.266554706497214e-06,294.5,ASK
130,1712451779.098887,40775491.79451854,287.5,-1.3672550282820102e-07,294.5,ASK
131,1712451779.1029985,40776142.37142044,287.5,-3.1706022239324176e-08,294.5,ASK
132,1712451780.314192,40776177.14193504,287.5,1.694549415989342e-09,294.5,BID
133,1712451780.574399,40776177.14193504,287.5,0.0,294.5,BID
134,1712451780.7765307,40778538.09805369,287.5,1.1481780546735565e-07,294.5,BID
135,1712451780.7778296,40783128.82771884,287.5,2.232559518935997e-07,294.5,BID
136,1712451781.154338,40790082.93063956,287.5,3.381913073462184e-07,294.5,BID
137,1712451781.8045216,40797537.9395321,287.5,3.6255132148468665e-07,294.5,BID
138,1712451782.7871158,40803165.79549362,287.5,2.7369338459328226e-07,294.5,BID
139,1712451785.834234,40803167.79549362,288.0,9.72638199928386e-11,294.5,BID
140,1712451785.835949,40803185.79549362,288.0,8.753743799355477e-10,294.5,BID
141,1712451788.6844032,40803313.79693234,287.8,6.224954447341187e-09,294.5,BID
142,1712451791.4209802,40803433.03993234,287.9,5.799014843737813e-09,294.5,BID
143,1712451804.0146194,40803450.4070737,287.9,8.445972554443071e-10,294.5,BID
144,1712451809.8643816,40804619.72801847,287.9,5.6866310943039566e-08,294.5,BID
145,1712451810.5555494,40804619.72801847,287.9,0.0,294.5,BID
146,1712451813.6444457,40806758.53551056,287.9,1.0397294313201374e-07,294.5,BID
147,1712451813.647225,40816123.77716748,287.9,4.5526852781845546e-07,294.5,BID
148,1712451819.9989495,40818165.23370433,287.6,-9.924046235920764e-08,294.5,ASK
149,1712451820.0841107,40830352.04976201,287.6,5.924325296271375e-07,294.5,BID
150,1712451825.5978754,40843776.71822162,287.9,6.526077243874161e-07,294.5,BID
151,1712451826.334142,40843796.71822162,288.0,9.722515328418268e-10,294.5,BID
152,1712451826.4142334,40848346.37943162,288.0,2.2117075426670005e-07,294.5,BID
153,1712451827.2845182,40850346.37943162,287.6,-9.722515328418269e-08,294.5,ASK
154,1712451827.2868023,40855972.19736238,287.5,-2.7348550533342493e-07,294.5,ASK
155,1712451829.4343286,40857529.94726715,287.5,-7.572623663504284e-08,294.5,ASK
156,1712451829.4365928,40858225.35755922,287.6,-3.380568612078835e-08,294.5,ASK
157,1712451829.438579,40873693.30302629,287.5,-7.519366845136172e-07,294.5,ASK
158,1712451833.8064878,40873711.30302629,287.8,8.75026379557644e-10,294.5,BID
159,1712451833.8141558,40873762.74747073,287.9,2.5008469981641475e-09,294.5,BID
160,1712451834.834478,40876892.50334868,287.5,-1.521454974878461e-07,294.5,ASK
161,1712451834.8368402,40880365.93162238,287.6,-1.688522981660569e-07,294.5,ASK
162,1712451835.2344482,40880715.74766866,287.5,-1.7005459360548646e-08,294.5,ASK
163,1712451835.2367811,40882370.29429357,287.4,-8.043177461117403e-08,294.5,ASK
164,1712451835.2378316,40883144.28038052,287.5,-3.7625457971754953e-08,294.5,ASK
165,1712451835.2388785,40888358.12911646,287.4,-2.5345862127632133e-07,294.5,ASK
166,1712451838.8341885,40888802.10619183,287.9,2.158286960366653e-08,294.5,BID
167,1712451840.365442,40888802.10619183,287.9,0.0,294.5,BID
168,1712451844.8371792,40888941.23662661,287.5,-6.7555362113155045e-09,294.5,ASK
169,1712451844.8451326,40903149.50619182,287.5,-6.898884467570025e-07,294.5,ASK
170,1712451844.8469863,40906259.26892085,287.4,-1.5099582458401604e-07,294.5,ASK
171,1712451844.848831,40906355.87239911,287.5,-4.690622124142168e-09,294.5,ASK
172,1712451844.8506556,40911537.86247916,287.3,-2.516136867356718e-07,294.5,ASK
173,1712451844.852513,40911642.28294557,287.3,-5.070179239946424e-09,294.5,ASK
174,1712451844.8543518,40914884.03950461,287.2,-1.5740483997814128e-07,294.5,ASK
175,1712451844.8561952,40915270.97409055,287.4,-1.878776998585639e-08,294.5,ASK
176,1712451844.8580518,40915375.43091506,287.2,-5.071944622427252e-09,294.5,ASK
177,1712451844.859138,40916329.66664091,287.3,-4.633331312622005e-08,294.5,ASK
178,1712451844.8602266,40917025.56086498,287.4,-3.378943390308229e-08,294.5,ASK
179,1712451844.8613267,40924967.8913748,287.3,-3.856431660380704e-07,294.5,ASK
180,1712451844.8624277,40925316.08078984,287.2,-1.6906482075119273e-08,294.5,ASK
181,1712451844.863757,40926901.790849,287.3,-7.699481240125708e-08,294.5,ASK
182,1712451844.864864,40932044.83166667,287.2,-2.49722489077663e-07,294.5,ASK
183,1712451844.8660047,40941214.38962002,287.3,-4.452317057226198e-07,294.5,ASK
184,1712451844.8671594,40941634.43351205,287.2,-2.0395406133700364e-08,294.5,ASK
185,1712451844.868285,40945913.28401674,287.3,-2.0776136847927386e-07,294.5,ASK
186,1712451844.8694277,40962306.04890568,287.2,-7.959575270848967e-07,294.5,ASK
187,1712451847.8562832,40964732.50253541,287.9,1.1781746665636829e-07,294.5,BID
188,1712451851.5553987,40965079.96605174,287.8,1.6871235760764893e-08,294.5,BID
189,1712451853.9245434,40965237.99054285,287.4,-7.672944986042896e-09,294.5,ASK
190,1712451853.964389,40966819.70161193,287.4,-7.68006397722055e-08,294.5,ASK
191,1712451853.96707,40967157.42483053,287.2,-1.639829154759466e-08,294.5,ASK
192,1712451861.7154307,40972163.13482318,287.2,-2.430543336677174e-07,294.5,ASK
193,1712451863.6648197,40983517.21616856,287.2,-5.513021489187086e-07,294.5,ASK
194,1712451863.6712654,40989115.67325747,287.2,-2.718354158173563e-07,294.5,ASK
195,1712451870.3656363,40989115.67325747,287.2,-0.0,294.5,ASK
196,1712451870.9342146,40989133.67325747,287.3,8.72776145963179e-10,294.5,BID
197,1712451871.2743144,40989829.32818672,287.3,-3.373061267064005e-08,294.5,ASK
198,1712451875.3747756,40994554.2983637,287.5,2.2910229226974882e-07,294.5,BID
199,1712451875.375996,40998754.21282883,287.8,2.0364362001392365e-07,294.5,BID
200,1712451881.1643164,40998922.00156979,287.8,8.13566725963765e-09,294.5,BID
201,1712451881.16697,40999973.29057279,287.8,5.0974442462862185e-08,294.5,BID
202,1712451884.234845,41001269.97890789,287.8,-6.287325820125158e-08,294.5,ASK
203,1712451884.8342392,41003456.09891293,288.0,1.059996329229447e-07,294.5,BID
204,1712451884.8364367,41009296.84349122,287.9,2.832034745884815e-07,294.5,BID
205,1712451887.3644826,41010769.32998496,287.8,-7.139728261070471e-08,294.5,ASK
206,1712451887.3669465,41011889.65592272,287.8,-5.4321875232041544e-08,294.5,ASK
207,1712451887.3692489,41012063.56896619,287.5,-8.43261976732039e-09,294.5,ASK
208,1712451887.3741963,41012528.56502757,287.4,-2.254652613018761e-08,294.5,ASK
209,1712451898.396368,41013843.78854879,287.4,-6.377198421825051e-08,294.5,ASK
210,1712451898.399337,41018160.06896727,287.4,-2.0928592158530698e-07,294.5,ASK
211,1712451900.5645962,41018160.06896727,287.4,-0.0,294.5,ASK
212,1712451904.4347837,41018508.0160793,287.4,-1.7187148718172582e-08,294.5,ASK
213,1712451904.438043,41018682.05018998,287.3,-8.596565509148362e-09,294.5,ASK
214,1712451904.4413412,41021730.44263148,287.4,-1.505779827790815e-07,294.5,ASK
215,1712451904.4451222,41022078.16295857,287.3,-1.7175946479573737e-08,294.5,ASK
216,1712451904.447619,41024890.45812703,287.4,-1.389157536544369e-07,294.5,ASK
217,1712451904.4501386,41032219.88340311,287.2,-3.620433045219974e-07,294.5,ASK
218,1712451904.4526725,41041103.0012242,287.3,-4.3878929237497444e-07,294.5,ASK
219,1712451904.4547231,41041799.13766694,287.3,-3.4386262037697544e-08,294.5,ASK
220,1712451905.2245278,41042319.35386694,287.4,2.569652940308132e-08,294.5,BID
221,1712451905.22722,41043120.83134423,287.4,3.958967360305632e-08,294.5,BID
222,1712451905.3442435,41043932.09522145,287.4,4.0073081296952057e-08,294.5,BID
223,1712451906.4841268,41044748.80273472,287.4,4.034197441040375e-08,294.5,BID
224,1712451911.9143798,41044957.57100194,287.4,1.0312289231050762e-08,294.5,BID
225,1712451912.454323,41046430.52361279,287.3,-7.2757768931358e-08,294.5,ASK
226,1712451918.8244538,41046772.09027779,287.4,1.687198101537431e-08,294.5,BID
227,1712451919.4945672,41049560.48264162,287.4,-1.377350539339398e-07,294.5,ASK
228,1712451919.4974527,41053463.53256078,287.3,-1.9279452852303888e-07,294.5,ASK
229,1712451928.5054207,41053530.87777005,287.3,-3.3265748936240272e-09,294.5,ASK
230,1712451928.5143342,41054630.87777005,287.4,-5.4335451958831553e-08,294.5,ASK
231,1712451929.0743463,41054928.49681766,287.3,-1.4701150421411274e-08,294.5,ASK
232,1712451930.5541332,41054928.49681766,287.3,-0.0,294.5,ASK
233,1712451931.504559,41055010.49681766,287.8,4.048348424229697e-09,294.5,BID
234,1712451931.507334,41055028.49681766,287.6,8.88661849221153e-10,294.5,BID
235,1712451933.8147173,41064403.66413016,287.9,4.628529733711044e-07,294.5,BID
236,1712451933.8182192,41070605.21596399,287.9,3.061712511496049e-07,294.5,BID
237,1712451933.8202198,41071880.24917375,287.8,6.294852055593252e-08,294.5,BID
238,1712451934.1542234,41076904.10792502,287.3,-2.48028422673721e-07,294.5,ASK
239,1712451934.9143715,41076938.84220775,287.9,1.7148351068887927e-09,294.5,BID
240,1712451942.3856149,41077149.69984068,287.5,-1.0410062999990724e-08,294.5,ASK
241,1712451951.974781,41077497.52592763,287.5,-1.7172209646625637e-08,294.5,ASK
242,1712451951.978687,41077599.04203755,287.4,-5.011860775641475e-09,294.5,ASK
243,1712451951.9820027,41078388.18440462,287.5,-3.8960039734517784e-08,294.5,ASK
244,1712451954.7068093,41079286.6682947,287.4,-4.43582419584992e-08,294.5,ASK
245,1712451954.7102983,41079386.6682947,287.4,-4.9370102734508505e-09,294.5,ASK
246,1712451955.1452055,41082529.52093856,287.4,1.551629579069067e-07,294.5,BID
247,1712451959.8345523,41091194.0127501,287.6,4.2776685087785243e-07,294.5,BID
248,1712451960.3819492,41091194.0127501,287.6,0.0,294.5,BID
249,1712451963.3550525,41125446.9342674,287.7,1.6901997169382948e-06,294.5,BID
250,1712451963.3581374,41129265.17632843,288.0,1.884099622710505e-07,294.5,BID
251,1712451963.3611977,41130582.09772845,287.9,6.498307528099536e-08,294.5,BID
252,1712451963.3642557,41140224.76645418,288.0,4.7581447738765523e-07,294.5,BID
253,1712451963.368682,41155681.38588038,288.0,7.627020593202452e-07,294.5,BID
254,1712451963.554216,41155955.61664079,287.6,-1.3531831245031449e-08,294.5,ASK
255,1712451965.8446407,41155973.61664079,287.4,-8.88204379574421e-10,294.5,ASK
256,1712451967.844428,41156955.61664079,287.4,-4.8456483374560106e-08,294.5,ASK
257,1712451967.8542638,41159808.33085431,287.4,-1.407662921179401e-07,294.5,ASK
258,1712451967.8571556,41161179.62923163,287.3,-6.766629024661516e-08,294.5,ASK
259,1712451967.8599074,41162859.62923163,287.4,-8.2899075426946e-08,294.5,ASK
260,1712451970.534393,41163294.15950302,287.4,-2.1441760561389327e-08,294.5,ASK
261,1712451970.5444405,41163833.39232224,287.4,-2.6608275091287008e-08,294.5,ASK
262,1712451970.704357,41165014.9075006,287.4,5.830149755294698e-08,294.5,BID
263,1712451971.784273,41167865.33922427,287.4,1.4065366336893473e-07,294.5,BID
264,1712451977.3043067,41168031.1405015,287.4,-8.18141225403754e-09,294.5,ASK
265,1712451977.4042387,41170829.96484148,287.4,-1.3810711313490566e-07,294.5,ASK
266,1712451983.5946474,41171029.96484148,287.5,-9.868937550826906e-09,294.5,ASK
267,1712451983.598292,41176937.91347161,287.4,-2.915258804213196e-07,294.5,ASK
268,1712451984.3742144,41176955.29872891,287.6,8.578700931770911e-10,294.5,BID
269,1712451984.8743532,41179451.72908358,287.4,-1.2318557635111916e-07,294.5,ASK
270,1712451984.8772123,41179799.67619561,287.4,-1.7169341597768782e-08,294.5,ASK
271,1712451988.7942266,41181955.29872891,287.4,1.0636852082178469e-07,294.5,BID
272,1712451988.796101,41203928.23569456,287.4,1.0842477136110012e-06,294.5,BID
273,1712451988.8143356,41205869.84317891,287.4,9.58080150566162e-08,294.5,BID
274,1712451989.154374,41206492.362316,287.4,3.071801244040713e-08,294.5,BID
275,1712451990.36426,41206492.362316,287.4,0.0,294.5,BID
276,1712451991.444587,41215807.70224956,287.4,4.589115246716404e-07,294.5,BID
277,1712451991.4481733,41219913.99785081,287.4,2.022928190023559e-07,294.5,BID
278,1712451991.704382,41230113.23098813,287.4,-5.024556981184983e-07,294.5,ASK
279,1712451991.9243567,41230673.07799786,287.6,2.7580340240080704e-08,294.5,BID
280,1712451994.4544263,41231176.91318562,287.6,2.4820970125109e-08,294.5,BID
281,1712451994.4581733,41232385.31568562,287.6,5.95308209522071e-08,294.5,BID
282,1712451994.8543837,41232587.5619946,287.6,9.963475586814146e-09,294.5,BID
283,1712451995.9647284,41232698.04323385,287.6,-5.4427551022585125e-09,294.5,ASK
284,1712451996.564667,41232716.04323385,287.9,8.8675319451636e-10,294.5,BID
285,1712451996.5681958,41233150.54288686,288.2,2.140521974023618e-08,294.5,BID
286,1712452000.744664,41233172.33126741,288.4,1.0733842252552526e-09,294.5,BID
287,1712452000.7481525,41233207.01735829,288.3,1.7087778829091223e-09,294.5,BID
288,1712452000.7516255,41233557.48279188,288.4,1.72653523779775e-08,294.5,BID
289,1712452002.914363,41234317.57762402,288.2,-3.744536225220386e-08,294.5,ASK
290,1712452003.834215,41236346.59829658,288.2,-9.995780906289341e-08,294.5,ASK
291,1712452003.844237,41237966.59829658,287.8,-7.980778750647242e-08,294.5,ASK
292,1712452003.846715,41246173.29338451,287.6,-4.0429517142438113e-07,294.5,ASK
293,1712452004.5844502,41246539.51044414,288.4,1.804134152874405e-08,294.5,BID
294,1712452006.7342646,41246869.20173793,288.3,1.624193377629693e-08,294.5,BID
295,1712452008.7844045,41247165.90655929,288.3,1.4616886009195584e-08,294.5,BID
296,1712452011.234692,41247432.92702408,288.3,1.3154513897572274e-08,294.5,BID
297,1712452014.0844834,41247673.23226167,288.3,1.1838413171837145e-08,294.5,BID
298,1712452017.7171907,41251092.03568047,288.3,1.6842415850247568e-07,294.5,BID
299,1712452017.7187972,41293938.59639507,288.3,2.1107958104281286e-06,294.5,BID
300,1712452017.724374,41300609.29562765,288.4,3.286257696751793e-07,294.5,BID
301,1712452019.9647017,41300627.29562765,288.4,8.8675319451636e-10,294.5,BID
302,1712452019.9669282,41314067.58261427,288.4,6.621231900334039e-07,294.5,BID
303,1712452020.5692484,41314067.58261427,288.4,0.0,294.5,BID
304,1712452023.126027,41315777.58261427,288.6,8.41131547629043e-08,294.5,BID
305,1712452023.1282513,41317522.33336294,288.6,8.58225086228538e-08,294.5,BID
306,1712452023.1297762,41317542.43027142,288.8,9.885464170925082e-10,294.5,BID
307,1712452023.131368,41317905.17060263,288.6,1.7842826677093793e-08,294.5,BID
308,1712452023.1329167,41323100.79806888,288.7,2.555676123739261e-07,294.5,BID
309,1712452023.1344793,41323118.79806888,288.8,8.85401629083203e-10,294.5,BID
310,1712452023.1360743,41326804.07538597,288.9,1.812750300098042e-07,294.5,BID
311,1712452023.1376488,41327565.49206681,289.0,3.74533094234778e-08,294.5,BID
312,1712452030.715027,41329215.49206681,288.8,8.116181599929363e-08,294.5,BID
313,1712452030.71867,41329306.17714961,288.8,4.4607066691818256e-09,294.5,BID
314,1712452030.72214,41333093.80749387,288.9,1.8630967095425024e-07,294.5,BID
315,1712452039.374469,41334673.56570807,288.9,7.77066942449182e-08,294.5,BID
316,1712452039.3785913,41336594.25079088,288.8,9.447653895967397e-08,294.5,BID
317,1712452047.6693387,41336859.06429526,288.0,-1.3025906010217322e-08,294.5,ASK
318,1712452050.564235,41336859.06429526,288.0,-0.0,294.5,ASK
319,1712452052.264501,41336940.03185985,288.0,-3.981422883706162e-09,294.5,ASK
320,1712452056.5862386,41338274.25079088,288.0,-6.560762708801936e-08,294.5,ASK
321,1712452056.590082,41345328.80475625,288.0,-3.46894002977424e-07,294.5,ASK
322,1712452067.9144754,41352954.31515273,288.1,-3.749696776248773e-07,294.5,ASK
323,1712452068.0183911,41355395.71374779,288.1,1.2005103875641138e-07,294.5,BID
324,1712452078.0145135,41355595.71374779,288.2,-9.834611930971568e-09,294.5,ASK
325,1712452078.0183685,41356069.82990907,288.2,-2.3313742281923167e-08,294.5,ASK
326,1712452078.8542557,41356615.08991188,288.2,-2.6812102645425882e-08,294.5,ASK
327,1712452080.3243077,41356769.49215879,288.2,-7.592430898385745e-09,294.5,ASK
328,1712452080.34418,41356769.49215879,288.2,-0.0,294.5,ASK
329,1712452080.9246218,41356880.90715879,288.2,-5.4770717355765324e-09,294.5,ASK
330,1712452084.324401,41396777.99740295,288.7,1.96130884808853e-06,294.5,BID
331,1712452096.4869528,41396945.65546695,288.8,8.241935498675582e-09,294.5,BID
332,1712452096.4908943,41406467.68704867,288.9,4.680954094326282e-07,294.5,BID
333,1712452096.4942484,41407632.48476619,289.0,5.7260518389257655e-08,294.5,BID
334,1712452096.49726,41407782.48476619,288.9,7.373879283247969e-09,294.5,BID
335,1712452096.5002775,41414745.71467772,289.0,3.4230677859408536e-07,294.5,BID
336,1712452096.503333,41414895.71467772,288.8,7.373879283247969e-09,294.5,BID
337,1712452096.5055242,41416982.29799688,289.0,1.0257475673270173e-07,294.5,BID
338,1712452096.5072565,41417000.29799688,289.2,8.84865513989756e-10,294.5,BID
339,1712452096.5089772,41417181.66816248,289.0,8.916011378181441e-09,294.5,BID
340,1712452096.5110457,41419901.06427837,288.9,1.3368332454612217e-07,294.5,BID
341,1712452096.5127654,41421258.09748812,288.8,6.671066048029634e-08,294.5,BID
342,1712452096.5144982,41427981.28952531,289.2,3.30506709868765e-07,294.5,BID
343,1712452096.516255,41434278.43778854,289.1,3.095627408118628e-07,294.5,BID
344,1712452096.518005,41437445.39096773,289.3,1.556848695935415e-07,294.5,BID
345,1712452096.5197804,41437467.62400911,289.1,1.092958421734018e-09,294.5,BID
346,1712452096.5215333,41437485.62400911,289.6,8.84865513989756e-10,294.5,BID
347,1712452096.523312,41437520.19020338,289.3,1.6992462923621207e-09,294.5,BID
348,1712452096.5250745,41437538.19020338,289.1,8.84865513989756e-10,294.5,BID
349,1712452096.526833,41437729.97469241,289.0,9.427971136620104e-09,294.5,BID
350,1712452096.528626,41437747.97469241,289.3,8.84865513989756e-10,294.5,BID
351,1712452096.5303955,41440523.80699365,289.2,1.3645768199906506e-07,294.5,BID
352,1712452096.532199,41440546.49377057,289.5,1.1152636956170583e-09,294.5,BID
353,1712452096.5339646,41440564.49377057,289.6,8.84865513989756e-10,294.5,BID
354,1712452096.5644774,41448138.15711688,289.6,-3.723151949844766e-07,294.5,ASK
355,1712452096.5685096,41449818.15711688,289.6,-8.258744797237727e-08,294.5,ASK
356,1712452096.5866845,41451953.56502547,289.6,-1.0497493425617137e-07,294.5,ASK
357,1712452096.6842337,41452507.49038828,289.4,2.723052504862604e-08,294.5,BID
358,1712452096.8043644,41453060.52560927,288.3,-2.718676639300384e-08,294.5,ASK
359,1712452097.0497549,41453538.14551706,289.4,2.347941028874409e-08,294.5,BID
360,1712452097.0529137,41453602.86147658,289.4,3.1813844879583917e-09,294.5,BID
361,1712452097.1841605,41454145.88633845,288.3,-2.669466519498652e-08,294.5,ASK
362,1712452097.4042325,41454690.24362939,289.4,2.6760166335575785e-08,294.5,BID
363,1712452097.784315,41455239.43561834,289.6,2.699783619908185e-08,294.5,BID
364,1712452097.9243476,41455788.06130894,288.6,-2.696999742790649e-08,294.5,ASK
365,1712452098.164259,41456335.11931998,289.6,2.6892931562289133e-08,294.5,BID
366,1712452098.3059485,41456877.47429235,288.6,-2.6661733966169592e-08,294.5,ASK
367,1712452098.524337,41457427.77815975,289.6,2.7052495248732213e-08,294.5,BID
368,1712452098.5866811,41460017.55716527,289.6,1.2731145171329866e-07,294.5,BID
369,1712452098.664261,41460560.43354648,288.6,-2.668736600517529e-08,294.5,ASK
370,1712452098.8842676,41461109.53575642,289.6,2.699342273474253e-08,294.5,BID
371,1712452099.0345151,41461657.47083929,288.7,-2.6936047707854266e-08,294.5,ASK
372,1712452099.2146132,41462325.08553344,289.6,3.281940108248063e-08,294.5,BID
373,1712452099.2184186,41472021.7664194,289.6,4.766810286751346e-07,294.5,BID
374,1712452099.2542813,41472304.3673013,289.6,1.3892431922981693e-08,294.5,BID
375,1712452099.2580657,41472571.39451773,289.7,1.31268430618309e-08,294.5,BID
376,1712452099.2742991,41473261.76386533,289.7,3.3938001533818374e-08,294.5,BID
377,1712452099.394129,41473666.68292822,288.7,-1.9905495261583882e-08,294.5,ASK
378,1712452099.396264,41473815.84881008,289.2,-7.332874706631876e-09,294.5,ASK
379,1712452099.594401,41474365.58646972,289.7,2.7024660930967463e-08,294.5,BID
380,1712452099.7942154,41474919.48840342,288.7,-2.7229373292401933e-08,294.5,ASK
381,1712452099.9743457,41475286.41078328,289.7,1.803760890303818e-08,294.5,BID
382,1712452099.978584,41475977.41384352,289.7,3.3969154336929445e-08,294.5,BID
383,1712452100.1370673,41476520.98083247,288.8,-2.672131572596005e-08,294.5,ASK
384,1712452100.3760614,41477060.34224082,289.7,2.6514572767877363e-08,294.5,BID
385,1712452100.5383503,41477612.08257231,288.9,-2.712311066753964e-08,294.5,ASK
386,1712452100.7578554,41478164.71978321,289.7,2.7167200537289663e-08,294.5,BID
387,1712452100.917432,41478707.91729702,289.0,-2.6703152625365844e-08,294.5,ASK
388,1712452101.1353805,41479248.89416964,289.7,2.6593987691671804e-08,294.5,BID
389,1712452101.1941154,41479559.56037606,289.7,1.5272100690145013e-08,294.5,BID
390,1712452101.294268,41480112.47819373,289.0,-2.718099494022869e-08,294.5,ASK
391,1712452101.5244286,41480651.53583957,289.7,2.649964004769292e-08,294.5,BID
392,1712452101.6642814,41481199.49509371,289.0,-2.6937235947689823e-08,294.5,ASK
393,1712452101.904418,41481740.43744786,289.7,2.65922907913262e-08,294.5,BID
394,1712452102.065308,41482293.95609426,289.0,-2.72105311970404e-08,294.5,ASK
395,1712452102.2863388,41482838.2432879,289.7,2.675672040884692e-08,294.5,BID
396,1712452102.444353,41483382.49743154,289.0,-2.6755095697412026e-08,294.5,ASK
397,1712452102.669921,41483921.48949229,289.7,2.6496415937365912e-08,294.5,BID
398,1712452102.8075366,41484468.59584588,289.0,-2.689530804305905e-08,294.5,ASK
399,1712452103.004433,41485007.50161046,289.7,2.6492173687051305e-08,294.5,BID
400,1712452103.1042387,41485558.65492537,289.6,-2.7094253404762723e-08,294.5,ASK
401,1712452103.324331,41486107.76434891,289.7,2.6993777349878465e-08,294.5,BID
402,1712452103.513141,41486652.47084062,289.6,-2.6777332764412492e-08,294.5,ASK
403,1712452103.5157576,41487949.30404062,289.6,-6.375127644873228e-08,294.5,ASK
404,1712452103.727457,41488489.60780313,289.7,2.65608981402434e-08,294.5,BID
405,1712452103.8082747,41497139.21316147,289.7,4.252076384008855e-07,294.5,BID
406,1712452103.8146737,41497160.13872215,289.8,1.0286837227387367e-09,294.5,BID
407,1712452103.818078,41500415.98299858,289.7,1.60054684396237e-07,294.5,BID
408,1712452103.821384,41500433.98299858,289.8,8.84865513989756e-10,294.5,BID
409,1712452103.8245463,41504333.06708539,289.8,1.91675835809283e-07,294.5,BID
410,1712452103.8643064,41504876.49940583,289.6,-2.67146955301836e-08,294.5,ASK
411,1712452104.094397,41505422.81065496,289.8,2.6856221347741e-08,294.5,BID
412,1712452104.254295,41505963.79822402,289.7,-2.6594513519733647e-08,294.5,ASK
413,1712452104.3742054,41507743.31462458,289.7,-8.747959413529875e-08,294.5,ASK
414,1712452104.376613,41507864.38370359,289.6,-5.951658490440861e-09,294.5,ASK
415,1712452104.474466,41508406.71450469,289.6,2.666054572596777e-08,294.5,BID
416,1712452104.535246,41509114.37622825,289.6,3.4788080819455486e-08,294.5,BID
417,1712452104.6145153,41509663.04680836,289.4,-2.697220416007615e-08,294.5,ASK
418,1712452104.7145035,41510049.25407662,289.6,1.8985638496435322e-08,294.5,BID
419,1712452104.839161,41510601.34862457,289.8,2.714052366347118e-08,294.5,BID
420,1712452104.8436496,41510601.34862458,289.6,3.662645460788394e-19,294.5,BID
421,1712452104.9743593,41511153.78992292,289.4,-2.715756963375892e-08,294.5,ASK
422,1712452105.2346563,41511707.15431215,289.8,2.7202948038663946e-08,294.5,BID
423,1712452105.3743303,41512259.50237844,289.4,-2.71529864211856e-08,294.5,ASK
424,1712452105.4143715,41513982.18464296,289.8,8.468567374650264e-08,294.5,BID
425,1712452105.614162,41514526.68774855,289.8,2.6767334466409552e-08,294.5,BID
426,1712452105.754296,41515078.07587009,289.4,-2.7105796309580483e-08,294.5,ASK
427,1712452105.994155,41515629.46303365,289.8,2.7105749216017665e-08,294.5,BID
428,1712452106.1542735,41516174.8428679,289.4,-2.6810433742195963e-08,294.5,ASK
429,1712452106.3400333,41516244.12488377,289.7,3.405848143381641e-09,294.5,BID
430,1712452106.3742554,41516785.23292657,289.7,2.660043591195955e-08,294.5,BID
431,1712452106.5210996,41517337.36690447,289.2,-2.7142462007969413e-08,294.5,ASK
432,1712452106.7441857,41517878.20570322,289.7,2.6587200091388187e-08,294.5,BID
433,1712452106.9143236,41518423.98263692,289.2,-2.6829954831225984e-08,294.5,ASK
434,1712452107.1244094,41518977.74169801,289.7,2.7222349789914524e-08,294.5,BID
435,1712452107.2642746,41519529.1160074,289.2,-2.710511731554569e-08,294.5,ASK
436,1712452107.5043285,41520079.87541368,289.7,2.7074889173285977e-08,294.5,BID
437,1712452107.6644242,41520630.51077279,289.1,-2.7068791114357275e-08,294.5,ASK
438,1712452107.86431,41521171.4496751,289.7,2.6592121101694534e-08,294.5,BID
439,1712452108.0442567,41521711.03185742,289.2,-2.652542583906109e-08,294.5,ASK
440,1712452108.2443542,41522251.25277561,289.7,2.6556825579926724e-08,294.5,BID
441,1712452108.4253747,41522803.23136677,289.2,-2.7134823320957666e-08,294.5,ASK
442,1712452108.624395,41523343.58000329,289.7,2.65631041105828e-08,294.5,BID
443,1712452108.784249,41523892.32655025,289.2,-2.6975938629281896e-08,294.5,ASK
444,1712452108.9873233,41524433.94546637,289.7,2.662555003311881e-08,294.5,BID
445,1712452109.1543736,41524987.56079786,289.2,-2.721528415858024e-08,294.5,ASK
446,1712452109.3941526,41525533.70030062,289.6,2.68477784342534e-08,294.5,BID
447,1712452109.5579617,41526077.50554923,289.2,-2.6733028379011805e-08,294.5,ASK
448,1712452109.7542624,41526617.28110171,289.6,2.6534931760309453e-08,294.5,BID
449,1712452109.7942345,41528624.191668,289.6,9.86581083204152e-08,294.5,BID
450,1712452109.9141958,41529168.84291109,289.2,-2.6774616786808322e-08,294.5,ASK
451,1712452110.1342592,41529714.73379506,289.6,2.6835556535034602e-08,294.5,BID
452,1712452110.235597,41530257.53075638,289.2,-2.6683461787003024e-08,294.5,ASK
453,1712452110.3854358,41530257.53075638,289.2,-0.0,294.5,ASK
454,1712452110.5402248,41530809.22274533,289.6,2.705400309406977e-08,294.5,BID
455,1712452110.552629,41531157.80699947,289.6,1.709395764093791e-08,294.5,BID
456,1712452110.6207025,41531700.8284083,289.2,-2.6628813122017872e-08,294.5,ASK
457,1712452110.834241,41532248.13158509,289.6,2.683878347843786e-08,294.5,BID
458,1712452111.0018032,41532796.72965138,289.2,-2.6902282577753562e-08,294.5,ASK
459,1712452111.0565317,41538230.29522965,289.6,2.664524823816775e-07,294.5,BID
460,1712452111.2351756,41538769.6391523,289.6,2.64484756791721e-08,294.5,BID
461,1712452111.3607056,41539323.25448379,289.2,-2.7148320423108067e-08,294.5,ASK
462,1712452111.6055622,41539863.13362743,289.6,2.6474721973404907e-08,294.5,BID
463,1712452111.7643416,41540416.86636223,289.2,-2.715407767474623e-08,294.5,ASK
464,1712452111.9878104,41540956.02727383,289.6,2.6439501139488423e-08,294.5,BID
465,1712452112.1277072,41541509.16953902,289.2,-2.7125122085624882e-08,294.5,ASK
466,1712452112.3642642,41542061.6142904,289.6,2.70909172372916e-08,294.5,BID
467,1712452112.5242262,41542604.13846167,289.2,-2.6604429468020944e-08,294.5,ASK
468,1712452112.7443476,41543150.67161084,289.6,2.6801022680563365e-08,294.5,BID
469,1712452112.8842442,41543698.11981525,289.2,-2.68458953775203e-08,294.5,ASK
470,1712452113.1242886,41544245.1605611,289.6,2.6825914327351897e-08,294.5,BID
471,1712452113.28863,41544795.82009148,289.2,-2.7003373144743948e-08,294.5,ASK
472,1712452113.5045238,41545336.03072683,289.6,2.64909777427362e-08,294.5,BID
473,1712452113.6642506,41545875.47824064,289.2,-2.6453555607088128e-08,294.5,ASK
474,1712452113.8643796,41546340.18605004,289.6,2.2788452189261595e-08,294.5,BID
475,1712452113.8744502,41546418.88984284,289.6,3.859495327906645e-09,294.5,BID
476,1712452114.0044773,41546967.45337875,289.3,-2.6900589269178943e-08,294.5,ASK
477,1712452114.2572649,41547512.19785388,289.6,2.671330925708517e-08,294.5,BID
478,1712452114.4156666,41548062.84702515,289.3,-2.7002865152317723e-08,294.5,ASK
479,1712452114.5450492,41549432.93201028,289.6,6.718655367320765e-08,294.5,BID
480,1712452114.6143627,41549977.54686347,289.5,2.6706952825637123e-08,294.5,BID
481,1712452114.774973,41550523.72780269,289.3,-2.6783750925283512e-08,294.5,ASK
482,1712452115.014326,41551075.53436572,289.5,2.7059621605188832e-08,294.5,BID
483,1712452115.1542327,41551626.40453146,289.3,-2.7013702331506538e-08,294.5,ASK
484,1712452115.357955,41552179.73095633,289.5,2.7134152951914008e-08,294.5,BID
485,1712452115.5218716,41552726.58523809,289.3,-2.6816770457103048e-08,294.5,ASK
486,1712452115.5255446,41556173.00774506,289.5,1.6900648737706536e-07,294.5,BID
487,1712452115.754701,41556720.04746872,289.5,2.682586420132777e-08,294.5,BID
488,1712452115.9159176,41557262.41280021,289.3,-2.6596640244851004e-08,294.5,ASK
489,1712452116.094224,41557807.07601264,289.5,2.6709324277809216e-08,294.5,BID
490,1712452116.2743917,41558351.56841595,289.3,-2.6700948099156183e-08,294.5,ASK
491,1712452116.5142725,41558895.30244012,289.5,2.666375852275769e-08,294.5,BID
492,1712452116.6844482,41559435.69263349,289.3,-2.6499782951489334e-08,294.5,ASK
493,1712452116.8891797,41559981.02251259,289.5,2.674201643676432e-08,294.5,BID
494,1712452117.04663,41560527.19654573,289.3,-2.678341226305708e-08,294.5,ASK
495,1712452117.2842362,41561071.42107077,289.5,2.6687811821063843e-08,294.5,BID
496,1712452117.4243193,41561617.17038016,289.3,-2.6762584558966732e-08,294.5,ASK
497,1712452117.62456,41562156.71442161,289.5,2.645828915228488e-08,294.5,BID
498,1712452117.8044577,41562702.22201829,289.3,-2.675073139346397e-08,294.5,ASK
499,1712452117.9444456,41573299.11700775,289.5,5.196530592672932e-07,294.5,BID
500,1712452118.0080478,41573838.63341534,289.5,2.645693403681016e-08,294.5,BID
501,1712452118.18423,41574384.02015567,289.3,-2.6744804810895272e-08,294.5,ASK
502,1712452118.410317,41574930.55556154,289.5,2.6801133345466946e-08,294.5,BID
503,1712452118.5441296,41575478.6771085,289.3,-2.6878914909339835e-08,294.5,ASK
504,1712452118.7645128,41576023.27469053,289.5,2.6706105878693773e-08,294.5,BID
505,1712452118.924314,41576571.01640323,289.3,-2.6860288506615712e-08,294.5,ASK
506,1712452119.1542,41577111.34455521,289.5,2.6496740551185484e-08,294.5,BID
507,1712452119.334169,41577657.78447233,289.3,-2.6796450745438944e-08,294.5,ASK
508,1712452119.5141964,41578202.89328062,289.5,2.6731175513331936e-08,294.5,BID
509,1712452119.7141776,41578752.25446846,289.3,-2.6939704714497715e-08,294.5,ASK
510,1712452119.9143178,41579305.82959799,289.5,2.7146348989725023e-08,294.5,BID
511,1712452119.9746163,41589148.10585611,289.5,4.826478862700573e-07,294.5,BID
512,1712452120.034296,41590729.02409731,289.5,-7.75254450766674e-08,294.5,ASK
513,1712452120.055539,41591222.05939235,289.3,-2.4177582173721576e-08,294.5,ASK
514,1712452120.060199,41591280.15324095,289.5,-2.8488199779403914e-09,294.5,ASK
515,1712452120.2941413,41591820.9888763,289.6,2.6521626641528253e-08,294.5,BID
516,1712452120.4561253,41592361.22022989,289.3,-2.6491993728684764e-08,294.5,ASK
517,1712452120.6742704,41592908.96194259,289.6,2.686028850698107e-08,294.5,BID
518,1712452120.814175,41593457.08694259,289.3,-2.6879084240635733e-08,294.5,ASK
519,1712452121.0383365,41593999.58694259,289.6,2.6603244151507203e-08,294.5,BID
520,1712452121.205417,41594057.56321942,289.3,-2.843054465436996e-09,294.5,ASK
521,1712452121.2077498,41594539.5973017,289.3,-2.363810208332821e-08,294.5,ASK
522,1712452121.3843296,41595082.37354479,289.6,2.6616790625949945e-08,294.5,BID
523,1712452121.464268,41598953.83418014,289.6,1.898496083044106e-07,294.5,BID
524,1712452121.5044336,41633143.67241311,289.6,1.6766094267507512e-06,294.5,BID
525,1712452121.5092106,41640376.74026248,289.6,3.54696903154194e-07,294.5,BID
526,1712452121.5244882,41640798.07945034,289.3,-2.066173140138313e-08,294.5,ASK
527,1712452121.5292835,41640928.3321133,289.5,-6.387361095335792e-09,294.5,ASK
528,1712452121.6848342,41641348.69036606,289.6,2.0613628072215226e-08,294.5,BID
529,1712452121.7843232,41641569.51644691,289.7,1.0828921924251531e-08,294.5,BID
530,1712452121.7890625,41641897.32267749,289.6,1.607503997523707e-08,294.5,BID
531,1712452121.8849473,41642670.22038825,289.7,3.790154194169345e-08,294.5,BID
532,1712452121.9266095,41643212.18171421,289.6,-2.6576828525613132e-08,294.5,ASK
533,1712452122.1643646,41643754.28388887,289.7,2.6583735497875785e-08,294.5,BID
534,1712452122.308457,41644307.39852975,289.6,-2.7123767438180603e-08,294.5,ASK
535,1712452122.404372,41645307.39852975,289.6,-4.90382380672944e-08,294.5,ASK
536,1712452122.5042632,41645849.85451707,289.7,2.6601085847195523e-08,294.5,BID
537,1712452122.5141628,41645854.0729452,289.8,2.0686428278452862e-10,294.5,BID
538,1712452122.6642995,41646403.10609437,289.6,-2.69236182757316e-08,294.5,ASK
539,1712452122.8954904,41646946.14267131,289.8,2.6629556939311266e-08,294.5,BID
540,1712452123.054588,41647273.94890187,289.6,-1.607503997414098e-08,294.5,ASK
541,1712452123.0600548,41647486.6157376,289.4,-1.0428806919681178e-08,294.5,ASK
542,1712452123.2953746,41648038.63437114,289.8,2.7070021168969683e-08,294.5,BID
543,1712452123.4548037,41648589.85329379,289.4,-2.703080475622122e-08,294.5,ASK
544,1712452123.674368,41649130.40194803,289.8,2.650755359337564e-08,294.5,BID
545,1712452123.8340724,41649669.87018007,289.4,-2.645457159267133e-08,294.5,ASK
546,1712452124.054427,41650215.51545267,289.8,2.6757482777938323e-08,294.5,BID
547,1712452124.2002697,41650759.4381046,289.4,-2.667300849561803e-08,294.5,ASK
548,1712452124.414332,41651299.49676574,289.8,2.6483525195312177e-08,294.5,BID
549,1712452124.5541034,41651853.50574364,289.4,-2.716762414955433e-08,294.5,ASK
550,1712452124.6942337,41651887.40404872,289.5,-1.6623131546315679e-09,294.5,ASK
551,1712452124.794132,41652439.87126749,289.8,2.70920189984966e-08,294.5,BID
552,1712452124.9542377,41652728.93934358,289.4,-1.4175389132908353e-08,294.5,ASK
553,1712452124.964457,41652989.24626749,289.5,-1.27649929053115e-08,294.5,ASK
554,1712452125.204235,41653533.68381062,289.8,2.6698257852851e-08,294.5,BID
555,1712452125.3641615,41654079.04983271,289.4,-2.6743788824946705e-08,294.5,ASK
556,1712452125.5642755,41654617.86280717,289.8,2.642243891533723e-08,294.5,BID
557,1712452125.744212,41655169.05065247,289.5,-2.7029280777481054e-08,294.5,ASK
558,1712452125.9445004,41655711.03132879,289.8,2.6577777433409097e-08,294.5,BID
559,1712452126.1043177,41656114.10555797,289.5,-1.9766050009359875e-08,294.5,ASK
560,1712452126.108528,41656256.5596437,289.4,-6.9856973696873e-09,294.5,ASK
561,1712452126.3244884,41656800.43818062,289.8,2.6670845173040805e-08,294.5,BID
562,1712452126.4642327,41657347.63776625,289.4,-2.6833703550521843e-08,294.5,ASK
563,1712452126.7042055,41657894.92900158,289.8,2.68381978901444e-08,294.5,BID
564,1712452126.8442483,41658433.98632202,289.4,-2.6434421211937764e-08,294.5,ASK
565,1712452127.064223,41658987.46803354,289.8,2.7141767935131508e-08,294.5,BID
566,1712452127.2242763,41659531.49772967,289.4,-2.66782577544646e-08,294.5,ASK
567,1712452127.4443188,41660081.89469204,289.7,2.6990497272433892e-08,294.5,BID
568,1712452127.594513,41660631.63571413,289.4,-2.6958331116491123e-08,294.5,ASK
569,1712452127.854299,41661176.80658054,289.7,2.6734218734607243e-08,294.5,BID
570,1712452127.9945755,41661723.2948402,289.5,-2.679882137810105e-08,294.5,ASK
571,1712452128.2142525,41662269.1595278,289.7,2.676824250302089e-08,294.5,BID
572,1712452128.2943766,41663561.62398521,289.5,-6.338017975587005e-08,294.5,ASK
573,1712452128.2996836,41685890.02819993,289.4,-1.0949456015444588e-06,294.5,ASK
574,1712452128.3746288,41686431.285106,289.4,-2.654228501541879e-08,294.5,ASK
575,1712452128.5243206,41687117.04311254,289.4,-3.3628364381039616e-08,294.5,ASK
576,1712452128.5944767,41687666.3389358,289.7,2.6936499350450334e-08,294.5,BID
577,1712452128.6741953,41688066.3389358,289.4,-1.9615295226917763e-08,294.5,ASK
578,1712452128.754151,41688613.70426729,289.4,-2.6841831435552844e-08,294.5,ASK
579,1712452128.9742613,41689152.69287619,289.7,2.6431051718637784e-08,294.5,BID
580,1712452129.1543202,41689693.75986514,289.4,-2.653297181460477e-08,294.5,ASK
581,1712452129.3750472,41690243.4768137,289.7,2.6957150592813745e-08,294.5,BID
582,1712452129.5173523,41690793.88427226,289.4,-2.6991011987180312e-08,294.5,ASK
583,1712452129.7341924,41691333.35959155,289.7,2.64549191387075e-08,294.5,BID
584,1712452129.8950777,41691883.99495066,289.4,-2.7002187828230208e-08,294.5,ASK
585,1712452129.9742362,41692904.69381036,289.4,-5.0053273676938934e-08,294.5,ASK
586,1712452129.9842217,41705164.32304287,289.4,-6.011906169206323e-07,294.5,ASK
587,1712452130.1246114,41705704.45434902,289.4,2.648708757853654e-08,294.5,BID
588,1712452130.2226756,41705840.10639009,289.4,6.65213708431306e-09,294.5,BID
589,1712452130.2841198,41706388.1795945,289.4,-2.687654427631236e-08,294.5,ASK
590,1712452130.4842763,41706733.79920033,289.7,1.6948576511504346e-08,294.5,BID
591,1712452130.4889534,41706941.53824137,289.7,1.0187156550285897e-08,294.5,BID
592,1712452130.6506512,41707487.41876623,289.4,-2.6769019134327043e-08,294.5,ASK
593,1712452130.8684776,41710136.59587889,289.3,-1.2991097793311249e-07,294.5,ASK
594,1712452130.8710415,41719623.54268171,289.4,-4.652231558483113e-07,294.5,ASK
595,1712452130.884482,41720167.64002378,289.7,2.6681574992402892e-08,294.5,BID
596,1712452131.066957,41720286.24553451,289.3,-5.8162052711026305e-09,294.5,ASK
597,1712452131.0716774,41720719.31820057,289.3,-2.1237120498879644e-08,294.5,ASK
598,1712452131.2694654,41721272.23947128,289.6,2.711428490533996e-08,294.5,BID
599,1712452131.404455,41721812.48463702,289.3,-2.6492671052406897e-08,294.5,ASK
600,1712452131.6444492,41722355.9031453,289.6,2.6648286179029307e-08,294.5,BID
601,1712452131.764227,41722898.41350441,289.3,-2.660375214393344e-08,294.5,ASK
602,1712452132.0043175,41723438.38242706,289.6,2.6479124577964162e-08,294.5,BID
603,1712452132.0842812,41723983.08891877,289.3,-2.6711446617214668e-08,294.5,ASK
604,1712452132.3260458,41724260.67310829,289.6,1.3612239569363717e-08,294.5,BID
605,1712452132.3346376,41724522.61585247,289.6,1.2845210649126698e-08,294.5,BID
606,1712452132.5043452,41725074.13173644,289.3,-2.7045367216247164e-08,294.5,ASK
607,1712452132.5843005,41764771.83559795,289.3,-1.9467054526854235e-06,294.5,ASK
608,1712452132.5966427,41768884.9639629,289.3,-2.017005679617801e-07,294.5,ASK
609,1712452132.601158,41769965.6954187,289.3,-5.299716641647712e-08,294.5,ASK
610,1712452132.7169409,41770516.68746847,289.3,2.7019679309737512e-08,294.5,BID
611,1712452132.856229,41771070.57213697,289.2,-2.7161528235689737e-08,294.5,ASK
612,1712452133.0941622,41771623.15423168,289.3,2.7097652312311576e-08,294.5,BID
613,1712452133.2144215,41780937.71508929,289.2,-4.567696528277277e-07,294.5,ASK
614,1712452133.2190592,41781171.05637559,289.2,-1.1442645548587193e-08,294.5,ASK
615,1712452133.2236662,41796853.27108082,289.2,-7.69028178137435e-07,294.5,ASK
616,1712452133.228346,41798221.85373278,289.2,-6.711288190147909e-08,294.5,ASK
617,1712452133.2362263,41798766.4635394,289.1,-2.6706705350794345e-08,294.5,ASK
618,1712452133.294184,41808021.59798333,289.1,-4.5385548620631843e-07,294.5,ASK
619,1712452133.4743695,41808569.8316508,289.3,2.6884413101925007e-08,294.5,BID
620,1712452133.616543,41809113.8406287,289.1,-2.6677241768881388e-08,294.5,ASK
621,1712452133.774291,41829701.3489287,289.1,-1.009575133227747e-06,294.5,ASK
622,1712452133.8542824,41830246.42670263,289.3,2.6729653643469e-08,294.5,BID
623,1712452134.0142574,41830790.32173025,289.1,-2.66716538478084e-08,294.5,ASK
624,1712452134.214213,41831342.70679765,289.3,2.7087990440142292e-08,294.5,BID
625,1712452134.3742368,41831891.61218439,289.1,-2.6917353031301843e-08,294.5,ASK
626,1712452134.514578,41839875.85058602,289.3,3.915329835251184e-07,294.5,BID
627,1712452134.520475,41843409.62902887,289.6,1.7329026855765897e-07,294.5,BID
628,1712452134.525017,41853042.00863745,289.7,4.72354924400048e-07,294.5,BID
629,1712452134.529582,41854691.12465954,289.6,8.08697440917229e-08,294.5,BID
630,1712452134.5943882,41855244.8444663,289.8,2.7153443706500084e-08,294.5,BID
631,1712452134.6145222,41856666.51968868,289.7,-6.971644800953972e-08,294.5,ASK
632,1712452134.6412544,41856890.5409751,289.7,-1.0985609175631204e-08,294.5,ASK
633,1712452134.7341833,41857434.51887565,289.1,-2.6675717790506583e-08,294.5,ASK
634,1712452134.9540637,41857983.38934197,289.5,2.6915640595590746e-08,294.5,BID
635,1712452135.1243136,41858535.13657953,289.1,-2.7056712388227595e-08,294.5,ASK
636,1712452135.24436,41865200.8761186,289.5,3.2687612241158584e-07,294.5,BID
637,1712452135.249684,41874165.73425957,289.7,4.3962084775630054e-07,294.5,BID
638,1712452135.3641996,41874719.34143941,289.7,2.7147920680899065e-08,294.5,BID
639,1712452135.504274,41875270.90221289,289.1,-2.7047568518344108e-08,294.5,ASK
640,1712452135.744328,41875362.82907087,289.8,4.507931146674063e-09,294.5,BID
641,1712452135.7497008,41875820.20082288,289.7,2.242870486026285e-08,294.5,BID
642,1712452135.8642197,41876368.14626486,289.2,-2.6870279031517227e-08,294.5,ASK
643,1712452136.1042955,41876910.17179971,289.8,2.6579977216690612e-08,294.5,BID
644,1712452136.2441044,41877463.09307042,289.2,-2.711428490533996e-08,294.5,ASK
645,1712452136.46426,41878007.21336077,289.3,2.6682700335619612e-08,294.5,BID
646,1712452136.624369,41878548.2699906,289.2,-2.6532463821447805e-08,294.5,ASK
647,1712452136.8043008,41880080.6723483,289.2,-7.514631163165259e-08,294.5,ASK
648,1712452136.809012,41886731.38760623,289.1,-3.261393581364148e-07,294.5,ASK
649,1712452136.8475497,41887280.80649242,289.1,2.694253413939266e-08,294.5,BID
650,1712452137.0164337,41887832.87486258,289.0,-2.707246016549801e-08,294.5,ASK
651,1712452137.2147126,41895136.45564637,289.1,3.581547332193008e-07,294.5,BID
652,1712452137.231413,41895677.36190717,289.1,2.652508998899894e-08,294.5,BID
653,1712452137.3715818,41895772.57254252,289.0,-4.668961802790191e-09,294.5,ASK
654,1712452137.376854,41896220.50417236,289.0,-2.196577790216174e-08,294.5,ASK
655,1712452137.614284,41896764.95246014,289.1,2.6698784751368884e-08,294.5,BID
656,1712452137.7741938,41897309.71420047,289.0,-2.6714155912103213e-08,294.5,ASK
657,1712452137.8142984,41921876.84280767,289.1,1.2047287012700084e-06,294.5,BID
658,1712452137.8742418,41922844.88360635,289.1,4.7471015144474324e-08,294.5,BID
659,1712452137.9741545,41922844.88360636,289.1,3.6536334505151503e-19,294.5,BID
660,1712452138.0141127,41923387.03362364,289.3,2.6586081615753546e-08,294.5,BID
661,1712452138.1544511,41923926.72285015,289.1,-2.6465408771860163e-08,294.5,ASK
662,1712452138.3543243,41924472.12208969,289.3,2.6745417750288745e-08,294.5,BID
663,1712452138.494033,41925023.75883002,289.1,-2.7051293798815864e-08,294.5,ASK
664,1712452138.7341146,41925563.66550129,289.3,2.6476071879894412e-08,294.5,BID
665,1712452138.874277,41926109.33884383,289.1,-2.6758859278494976e-08,294.5,ASK
666,1712452139.1146626,41926659.06577089,289.3,2.6957639921018863e-08,294.5,BID
667,1712452139.254518,41927181.57436406,289.0,-2.5622900784167524e-08,294.5,ASK
668,1712452139.2582104,41927210.45043939,289.0,-1.416031856719353e-09,294.5,ASK
669,1712452139.4941895,41927752.53132428,289.3,2.6582691484905016e-08,294.5,BID
670,1712452139.6345053,41928292.56585466,289.1,-2.6482341865278945e-08,294.5,ASK
671,1712452139.8542297,41928846.45109489,289.3,2.716155627221138e-08,294.5,BID
672,1712452140.0262048,41929400.48079102,289.2,-2.7168640135137537e-08,294.5,ASK
673,1712452140.2854197,41929942.08811905,289.3,2.6559469091168466e-08,294.5,BID
674,1712452140.3841136,41930491.30427927,289.2,-2.693259281504992e-08,294.5,ASK
675,1712452140.4847424,41931228.43083457,289.3,3.6147387504587294e-08,294.5,BID
676,1712452140.489879,41932249.12969427,289.3,5.0053273676938934e-08,294.5,BID
677,1712452140.4940484,41932337.84486668,289.3,4.3504357448232e-09,294.5,BID
678,1712452140.5450895,41932337.84486668,289.3,0.0,294.5,BID
679,1712452140.7275226,41932886.60263065,289.8,2.6757442339678573e-08,294.5,BID
680,1712452140.7702408,41933414.76205169,289.3,-2.5753066621103092e-08,294.5,ASK
681,1712452140.780686,41933432.82845937,289.2,-8.80918491786461e-10,294.5,ASK
682,1712452141.0241797,41933986.29291761,289.8,2.6986940870261723e-08,294.5,BID
683,1712452141.1442878,41934535.03255849,289.2,-2.675655865734244e-08,294.5,ASK
684,1712452141.3642447,41935085.61571929,289.8,2.684644873446485e-08,294.5,BID
685,1712452141.524495,41935636.04044304,289.2,-2.6838723340252123e-08,294.5,ASK
686,1712452141.764783,41936185.07425946,289.8,2.677090266383135e-08,294.5,BID
687,1712452141.9243991,41936730.44028155,289.2,-2.6592060920182842e-08,294.5,ASK
688,1712452142.1308143,41937278.18700342,289.8,2.6708143901360968e-08,294.5,BID
689,1712452142.2642062,41937822.39280452,289.2,-2.6535488515693483e-08,294.5,ASK
690,1712452142.5350552,41938368.96857255,289.7,2.6651048162742585e-08,294.5,BID
691,1712452142.6744285,41938917.23169409,289.2,-2.6733323562064083e-08,294.5,ASK
692,1712452142.894257,41939370.65592606,289.7,2.210897692754063e-08,294.5,BID
693,1712452142.9006228,41939460.776699,289.8,4.394291149455522e-09,294.5,BID
694,1712452143.0543272,41940011.05639513,289.2,-2.6831651789736373e-08,294.5,ASK
695,1712452143.2544005,41940553.89381314,289.7,2.646876612202812e-08,294.5,BID
696,1712452143.4344928,41941096.55265291,289.3,-2.6460058642435532e-08,294.5,ASK
697,1712452143.6343546,41941647.08078546,289.7,2.6843765555865163e-08,294.5,BID
698,1712452143.7948227,41942200.48548159,289.3,-2.6984026868142352e-08,294.5,ASK
699,1712452144.0403366,41942751.98358307,289.7,2.689106126522289e-08,294.5,BID
700,1712452144.1742425,41943294.49394218,289.3,-2.64528187216694e-08,294.5,ASK
701,1712452144.376179,41943835.53985174,289.7,2.6381412125003483e-08,294.5,BID
702,1712452144.534365,41943917.99257269,289.3,-4.020396742135371e-09,294.5,ASK
703,1712452144.5443983,41944380.8402661,289.3,-2.256846514365363e-08,294.5,ASK
704,1712452144.77468,41944930.99214735,289.7,2.6825419532907372e-08,294.5,BID
705,1712452144.9315083,41946720.60381459,289.7,8.72615097957469e-08,294.5,BID
706,1712452144.9443278,41947261.90561017,289.3,-2.6393889133674788e-08,294.5,ASK
707,1712452145.144147,41947809.24078448,289.7,2.6688076832179386e-08,294.5,BID
708,1712452145.304377,41948351.87545298,289.3,-2.64588800506829e-08,294.5,ASK
709,1712452145.5442426,41948898.52255242,289.6,2.6654526284161906e-08,294.5,BID
710,1712452145.6708372,41949450.93277341,289.3,-2.6935536235307723e-08,294.5,ASK
711,1712452145.9244092,41950003.10473473,289.6,2.6923918688031824e-08,294.5,BID
712,1712452146.0692687,41950551.65100544,289.3,-2.6747129922594843e-08,294.5,ASK
713,1712452146.2843292,41951092.17586731,289.6,2.6356005826613788e-08,294.5,BID
714,1712452146.4244215,41951483.32365499,289.3,-1.9072375940912425e-08,294.5,ASK
715,1712452146.4302397,41951640.86716565,289.3,-7.681825532561468e-09,294.5,ASK
716,1712452146.644389,41952182.20694465,289.6,2.639574120642892e-08,294.5,BID
717,1712452146.8071997,41952726.32641978,289.3,-2.653127925907081e-08,294.5,ASK
718,1712452146.9844651,41953070.38687078,289.3,-1.6776396223254457e-08,294.5,ASK
719,1712452146.9889543,41963184.99912103,289.3,-4.931887470971749e-07,294.5,ASK
720,1712452147.0243993,41963461.73399699,289.7,1.3493599494806444e-08,294.5,BID
721,1712452147.0345998,41963730.3317402,289.6,1.3096832698170368e-08,294.5,BID
722,1712452147.1844494,41964270.4664087,289.3,-2.6336979987958103e-08,294.5,ASK
723,1712452147.3942857,41964743.57402852,289.7,2.306873941275425e-08,294.5,BID
724,1712452147.400933,41964823.41768369,289.6,3.89317862931185e-09,294.5,BID
725,1712452147.579024,41965369.53301518,289.3,-2.6628597265240844e-08,294.5,ASK
726,1712452147.7942004,41965910.17505867,289.7,2.6361719605417813e-08,294.5,BID
727,1712452147.954239,41966460.17160563,289.3,-2.6817845429205583e-08,294.5,ASK
728,1712452148.1542275,41967007.87957939,289.7,2.670625454228669e-08,294.5,BID
729,1712452148.3143802,41968484.19200764,289.3,-7.198503104207493e-08,294.5,ASK
730,1712452148.321041,41975511.99116956,289.3,-3.426756634620624e-07,294.5,ASK
731,1712452148.3260665,42009233.24710033,289.3,-1.644249285248147e-06,294.5,ASK
732,1712452148.5674877,42009787.26504993,289.7,2.7013929122569264e-08,294.5,BID
733,1712452148.6942909,42010330.08618252,289.3,-2.6467972044566453e-08,294.5,ASK
734,1712452148.9341102,42010875.85421841,289.7,2.6611663123207962e-08,294.5,BID
735,1712452149.0941615,42011425.20504713,289.3,-2.678636019165884e-08,294.5,ASK
736,1712452149.2943044,42011977.89403573,289.7,2.6949128950873224e-08,294.5,BID
737,1712452149.454343,42012527.95619042,289.3,-2.6821044463962724e-08,294.5,ASK
738,1712452149.6866138,42013074.30068472,289.7,2.6639771249715e-08,294.5,BID
739,1712452149.8242936,42013619.10386151,289.3,-2.6564616569371692e-08,294.5,ASK
740,1712452150.0442762,42015341.60746355,289.6,8.39893188530841e-08,294.5,BID
741,1712452150.0509424,42015978.66277725,289.7,3.1062833079627484e-08,294.5,BID
742,1712452150.087143,42016518.22439271,289.7,2.6309037907368844e-08,294.5,BID
743,1712452150.1844146,42017194.40937426,289.7,3.29707966656732e-08,294.5,BID
744,1712452150.1904027,42019851.88376254,289.7,1.2957851784830465e-07,294.5,BID
745,1712452150.224348,42020402.36718795,289.3,-2.6841585634508493e-08,294.5,ASK
746,1712452150.444257,42020941.84595909,289.7,2.6304998416395348e-08,294.5,BID
747,1712452150.5845203,42021353.41001236,289.3,-2.0067873563419788e-08,294.5,ASK
748,1712452150.5912309,42021481.35908063,289.3,-6.2387997791074885e-09,294.5,ASK
749,1712452150.824408,42022028.45262567,289.7,2.6676294982780103e-08,294.5,BID
750,1712452150.9643576,42022568.28342677,289.3,-2.6322163405925083e-08,294.5,ASK
751,1712452151.184307,42023113.30586377,289.7,2.657530770263004e-08,294.5,BID
752,1712452151.364323,42023665.79895769,289.3,-2.6939577121680008e-08,294.5,ASK
753,1712452151.564173,42024213.26530218,289.7,2.6694472693250723e-08,294.5,BID
754,1712452151.7242506,42024756.1244182,289.3,-2.6469824117320583e-08,294.5,ASK
755,1712452151.954265,42025305.67567812,289.7,2.679613322189636e-08,294.5,BID
756,1712452152.11442,42025857.3262306,289.3,-2.6898494779861884e-08,294.5,ASK
757,1712452152.314399,42026399.83917502,289.7,2.6452944781655345e-08,294.5,BID
758,1712452152.4941962,42026949.93240706,289.3,-2.68225597958528e-08,294.5,ASK
759,1712452152.6942055,42027490.43982853,289.7,2.6355155432222592e-08,294.5,BID
760,1712452152.8542526,42028038.03306057,289.3,-2.6700659733491293e-08,294.5,ASK
761,1712452153.074187,42028588.5750005,289.7,2.6844438803997456e-08,294.5,BID
762,1712452153.1942549,42029131.85884027,289.3,-2.6490533658116733e-08,294.5,ASK
763,1712452153.3942173,42029679.0179704,289.7,2.6679492913134123e-08,294.5,BID
764,1712452153.5557816,42030065.79054635,289.3,-1.885904050751797e-08,294.5,ASK
765,1712452153.5608797,42030232.60913062,289.3,-8.134078354507925e-09,294.5,ASK
766,1712452153.784346,42030784.52145371,289.7,2.691125872118024e-08,294.5,BID
767,1712452153.9243648,42031328.20239293,289.3,-2.650989623727317e-08,294.5,ASK
768,1712452154.1442506,42034455.36651301,289.7,1.5248060095530489e-07,294.5,BID
769,1712452154.1511655,42035606.14626531,289.7,5.6112049595443633e-08,294.5,BID
770,1712452154.1658518,42036152.44933745,289.7,2.6637751504228245e-08,294.5,BID
771,1712452154.3136594,42036700.61232087,289.3,-2.67284408248032e-08,294.5,ASK
772,1712452154.38423,42037287.41936263,289.7,2.8612726079003684e-08,294.5,BID
773,1712452154.424564,42041740.31121872,289.8,2.171231186259745e-07,294.5,BID
774,1712452154.4300876,42046265.01728103,289.7,2.206247811227213e-07,294.5,BID
775,1712452154.4347525,42047078.83351906,289.8,3.9681700184602335e-08,294.5,BID
776,1712452154.4384463,42049223.3811759,289.9,1.0456819755412424e-07,294.5,BID
777,1712452154.4415965,42071167.13516815,289.9,1.0699779952292406e-06,294.5,BID
778,1712452154.5082388,42071709.5333738,289.8,2.6447350116359683e-08,294.5,BID
779,1712452154.6642118,42072258.04856717,289.3,-2.6745614590704773e-08,294.5,ASK
780,1712452154.7643542,42074325.30694899,289.3,-1.0079957056494973e-07,294.5,ASK
781,1712452154.8918777,42074425.30694899,289.7,4.876002508991993e-09,294.5,BID
782,1712452154.895252,42074865.68307045,289.8,2.1472750731459083e-08,294.5,BID
783,1712452155.0642085,42075414.82671685,289.3,-2.6776257976273053e-08,294.5,ASK
784,1712452155.26704,42075965.87571615,289.8,2.6869163031745137e-08,294.5,BID
785,1712452155.4143252,42076504.91231835,289.4,-2.6283438247612214e-08,294.5,ASK
786,1712452155.6542854,42076969.22686946,289.9,2.263998916162077e-08,294.5,BID
787,1712452155.6615388,42077057.51607454,289.8,4.304983854955747e-09,294.5,BID
788,1712452155.814263,42077605.56510768,289.4,-2.6722884606540812e-08,294.5,ASK
789,1712452156.034271,42078144.51610837,289.8,2.627926431590429e-08,294.5,BID
790,1712452156.174308,42078691.43599787,289.4,-2.6667827534304835e-08,294.5,ASK
791,1712452156.434338,42079234.31729531,289.8,2.6470905683990343e-08,294.5,BID
792,1712452156.5743067,42079788.18815166,289.4,-2.7006756851943e-08,294.5,ASK
793,1712452156.634332,42102377.31885187,289.8,1.101446579701998e-06,294.5,BID
794,1712452156.6410596,42107627.48076725,289.8,2.55998026719914e-07,294.5,BID
795,1712452156.8142722,42108174.2647562,289.8,2.6661201020097065e-08,294.5,BID
796,1712452156.9366884,42108722.19983907,289.4,-2.6717328388278443e-08,294.5,ASK
797,1712452157.1944215,42109264.59459407,289.8,2.6447181862362268e-08,294.5,BID
798,1712452157.33425,42109805.31282611,289.4,-2.636543456099809e-08,294.5,ASK
799,1712452157.5543325,42110215.06593058,289.8,1.997957165466246e-08,294.5,BID
800,1712452157.5612571,42110354.33283991,289.8,6.7906579931792246e-09,294.5,BID
801,1712452157.694415,42110901.26654156,289.4,-2.6668501014943053e-08,294.5,ASK
802,1712452157.9362824,42111448.32313231,289.8,2.6674493090252432e-08,294.5,BID
803,1712452158.0843043,42111993.97230358,289.4,-2.6605867281440184e-08,294.5,ASK
804,1712452158.3045335,42112545.06616141,289.8,2.6871350334801418e-08,294.5,BID
1005,1712452158.4651504,42113094.44461444,289.4,-2.6787707153661842e-08,294.5,ASK
805,1712452158.4651504,42113094.44461444,289.4,-2.678770715366184e-08,294.5,ASK
806,1712452158.6842153,42113635.52159062,289.7,2.6382926934118544e-08,294.5,BID
807,1712452158.8441503,42114186.51606575,289.4,-2.6866504431564014e-08,294.5,ASK
808,1712452159.0862844,42114734.0756101,289.7,2.6699017120959185e-08,294.5,BID
809,1712452159.2293792,42115287.04867639,289.4,-2.6962980586118872e-08,294.5,ASK
810,1712452159.4443536,42115829.58233189,289.7,2.645395465439872e-08,294.5,BID
811,1712452159.5988145,42116380.48702802,289.4,-2.6862126805417563e-08,294.5,ASK
812,1712452159.8045938,42116926.78664831,289.7,2.6637583192104352e-08,294.5,BID
813,1712452159.9643905,42117468.95860963,289.4,-2.6436318437132626e-08,294.5,ASK
814,1712452160.184264,42118016.85988681,289.7,2.671568002195144e-08,294.5,BID
815,1712452160.2844472,42118563.8591962,289.4,-2.6671700050063465e-08,294.5,ASK
816,1712452160.5342078,42119115.82674884,289.7,2.6913951715525864e-08,294.5,BID
817,1712452160.6941872,42119663.39926265,289.4,-2.6699649511989043e-08,294.5,ASK
818,1712452161.006067,42120209.52403426,289.7,2.6629057565925643e-08,294.5,BID
819,1712452161.0127678,42120216.62673935,289.7,3.46328078455068e-10,294.5,BID
820,1712452161.0213742,42122658.8054791,289.7,1.1908069662422517e-07,294.5,BID
821,1712452161.054388,42123198.89871114,289.4,-2.63349595449536e-08,294.5,ASK
822,1712452161.2761526,42123744.93807578,289.6,2.6624893120095872e-08,294.5,BID
823,1712452161.4343338,42124285.05893213,289.4,-2.633630650731989e-08,294.5,ASK
1023,1712452161.4343338,42124285.05893213,289.4,-2.6336306507319892e-08,294.5,ASK
824,1712452161.6551485,42124832.5209487,289.6,2.669426166361374e-08,294.5,BID
825,1712452161.7812378,42125374.49953986,289.4,-2.6426889703111614e-08,294.5,ASK
826,1712452161.9745195,42125916.74056195,289.6,2.6439685841776842e-08,294.5,BID
1026,1712452161.9745195,42125916.74056195,289.6,2.643968584177684e-08,294.5,BID
827,1712452162.1148083,42125959.74506591,289.4,-2.096900692331383e-09,294.5,ASK
828,1712452162.121804,42126460.48365587,289.4,-2.4416026209811825e-08,294.5,ASK
829,1712452162.13438,42129828.62699186,289.6,1.6423075356934864e-07,294.5,BID
830,1712452162.3744545,42130367.83969904,289.6,2.6292025130744644e-08,294.5,BID
831,1712452162.4950483,42130887.45701785,289.4,-2.5336553502285343e-08,294.5,ASK
832,1712452162.5033004,42130913.92740622,289.4,-1.2906968013157827e-09,294.5,ASK
833,1712452162.7178793,42130981.73301083,289.6,3.306202981868017e-09,294.5,BID
1034,1712452162.7243156,42131453.30531633,289.7,2.2993877447916122e-08,294.5,BID
834,1712452162.7243156,42131453.30531633,289.7,2.299387744791612e-08,294.5,BID
835,1712452162.8544323,42131995.35987434,289.4,-2.6430593848619883e-08,294.5,ASK
836,1712452162.8803742,42149661.62373005,289.4,-8.614074688495957e-07,294.5,ASK
837,1712452162.907236,42150783.07828712,289.7,5.4682152339872217e-08,294.5,BID
838,1712452162.9110637,42155198.57266687,289.7,2.15299616741078e-07,294.5,BID
839,1712452162.9844124,42157640.75147687,289.7,-1.1908070004969124e-07,294.5,ASK
840,1712452163.1055214,42158186.86603863,289.8,2.6628559733336322e-08,294.5,BID
841,1712452163.2643285,42158739.15195023,289.7,-2.6929474906657497e-08,294.5,ASK
842,1712452163.4842825,42159283.69991434,289.8,2.6552172392715736e-08,294.5,BID
843,1712452163.6444843,42159829.34908561,289.7,-2.6605867281076896e-08,294.5,ASK
844,1712452163.8899782,42160379.40084544,289.8,2.6820537610143786e-08,294.5,BID
845,1712452164.044407,42160920.29172941,289.7,-2.6373853073516853e-08,294.5,ASK
846,1712452164.22431,42160937.54500753,289.8,8.41270273717209e-10,294.5,BID
847,1712452164.2642417,42161478.38351684,289.8,2.6371299283733936e-08,294.5,BID
848,1712452164.4043424,42161527.32918055,289.7,-2.386591790684701e-09,294.5,ASK
849,1712452164.411739,42162018.19359971,289.6,-2.393456139373813e-08,294.5,ASK
1049,1712452164.411739,42162018.19359971,289.6,-2.3934561393738132e-08,294.5,ASK
850,1712452164.6045094,42162565.30540095,289.8,2.667718515566425e-08,294.5,BID
851,1712452164.7643683,42163116.22045619,289.6,-2.6862631915805384e-08,294.5,ASK
852,1712452165.0069911,42163667.11072534,289.8,2.6861423345684248e-08,294.5,BID
853,1712452165.1542552,42164220.99884688,289.6,-2.700759870319488e-08,294.5,ASK
854,1712452165.3642254,42164763.77662465,289.8,2.6465858062251404e-08,294.5,BID
855,1712452165.5342484,42165316.69444232,289.6,-2.6960286662112863e-08,294.5,ASK
1056,1712452165.7542202,42165861.35627806,289.8,2.6557724776446922e-08,294.5,BID
856,1712452165.7542202,42165861.35627806,289.8,2.655772477644692e-08,294.5,BID
857,1712452165.9142537,42166402.62699629,289.6,-2.6392373801421413e-08,294.5,ASK
858,1712452166.161349,42166953.78986723,289.8,2.6874715415476324e-08,294.5,BID
859,1712452166.2742257,42167500.65796115,289.6,-2.6665301980549213e-08,294.5,ASK
860,1712452166.5142262,42168043.38052843,289.8,2.6463165997202872e-08,294.5,BID
861,1712452166.6783037,42168597.58287649,289.6,-2.7022920396342308e-08,294.5,ASK
862,1712452166.8743382,42169138.65603038,289.8,2.6382740559191146e-08,294.5,BID
863,1712452167.0341754,42169691.88807457,289.6,-2.69756083552603e-08,294.5,ASK
864,1712452167.2541995,42170241.21496445,289.7,2.678519293311656e-08,294.5,BID
865,1712452167.4143052,42170786.20460533,289.6,-2.657370856325524e-08,294.5,ASK
866,1712452167.6242845,42171326.6015677,289.7,2.6349769443531343e-08,294.5,BID
867,1712452167.8042235,42171873.95654007,289.6,-2.6689042185852123e-08,294.5,ASK
868,1712452168.0242753,42172421.40562533,289.7,2.6693631132631243e-08,294.5,BID
869,1712452168.1244707,42186578.40641565,289.4,-6.902957137340358e-07,294.5,ASK
870,1712452168.1320598,42188922.96656564,289.4,-1.143208117383399e-07,294.5,ASK
871,1712452168.1356442,42199215.23913984,289.6,-5.018514689503466e-07,294.5,ASK
872,1712452168.1841817,42199767.50778624,289.4,-2.6928633054679042e-08,294.5,ASK
873,1712452168.3842933,42200307.85297091,289.7,2.63472447620362e-08,294.5,BID
874,1712452168.524338,42200849.21692118,289.4,-2.6396919797818254e-08,294.5,ASK
875,1712452168.7442214,42201400.33186767,289.7,2.68723786183806e-08,294.5,BID
876,1712452168.944276,42201946.58877374,289.6,-2.6635500445506224e-08,294.5,ASK
877,1712452169.0846193,42205422.70148665,289.4,-1.694953430966282e-07,294.5,ASK
878,1712452169.0969186,42208351.2472345,289.6,-1.4279596414233037e-07,294.5,ASK
879,1712452169.1003678,42211324.43050382,289.4,-1.449724908090669e-07,294.5,ASK
880,1712452169.164455,42211874.79985142,289.7,2.6836023197439383e-08,294.5,BID
1081,1712452169.284259,42212260.59293787,289.4,-1.8811280575027962e-08,294.5,ASK
881,1712452169.284259,42212260.59293787,289.4,-1.881128057502796e-08,294.5,ASK
882,1712452169.2914078,42212415.89446467,289.4,-7.572506343261022e-09,294.5,ASK
883,1712452169.4043431,42212628.44336263,289.7,1.0363889597329905e-08,294.5,BID
884,1712452169.4640555,42213182.2231348,289.7,2.700231558529388e-08,294.5,BID
885,1712452169.6861,42213731.02147734,289.4,-2.6759420951598814e-08,294.5,ASK
886,1712452169.708274,42213748.70680105,289.7,8.623368277137031e-10,294.5,BID
887,1712452169.8521304,42214032.39152799,289.7,1.3832474403153476e-08,294.5,BID
888,1712452169.8560846,42214302.20697364,289.7,1.3156207899741561e-08,294.5,BID
1088,1712452169.8560846,42214302.20697364,289.7,1.315620789974156e-08,294.5,BID
889,1712452170.0041924,42214853.76429408,289.4,-2.689394878310175e-08,294.5,ASK
1090,1712452170.2245002,42214970.07956714,289.7,5.671535632814493e-09,294.5,BID
890,1712452170.2245002,42214970.07956714,289.7,5.6715356328144934e-09,294.5,BID
891,1712452170.228537,42215407.24818478,289.8,2.1316352764455282e-08,294.5,BID
892,1712452170.3934042,42215946.63354389,289.6,-2.6300443643626693e-08,294.5,ASK
893,1712452170.5756304,42215946.63354389,289.6,-0.0,294.5,ASK
894,1712452170.604252,42216487.44444796,289.8,2.6264782060020653e-08,294.5,BID
895,1712452170.7839718,42217028.02110541,289.6,-2.6253405743168275e-08,294.5,ASK
896,1712452170.9941652,42217574.07010471,289.8,2.651917306586609e-08,294.5,BID
1096,1712452170.9941652,42217574.07010471,289.8,2.6519173065866092e-08,294.5,BID
897,1712452171.1376195,42218121.23170691,289.6,-2.65732072437815e-08,294.5,ASK
898,1712452171.33453,42223103.44597406,290.0,2.419640042755062e-07,294.5,BID
899,1712452171.3418665,42239289.82734474,289.8,7.861006053078813e-07,294.5,BID
900,1712452171.3479,42239498.86347692,290.0,1.0151955911217937e-08,294.5,BID
901,1712452171.3533173,42245959.22588799,289.9,3.1375109022535825e-07,294.5,BID
902,1712452171.3742046,42246503.4948535,290.0,2.6432724735429177e-08,294.5,BID
903,1712452171.5140648,42247046.28490874,289.6,-2.6360900636893395e-08,294.5,ASK
904,1712452171.6758342,42250328.52951426,289.6,-1.5940403306207005e-07,294.5,ASK
905,1712452171.745924,42250881.62951426,290.0,2.686160883275505e-08,294.5,BID
1105,1712452171.745924,42250881.62951426,290.0,2.6861608832755052e-08,294.5,BID
1106,1712452171.9198773,42251011.71079102,289.5,-6.317469486114205e-09,294.5,ASK
906,1712452171.9198773,42251011.71079102,289.5,-6.3174694861142054e-09,294.5,ASK
907,1712452171.9254203,42251432.84498387,289.6,-2.0452616080846186e-08,294.5,ASK
908,1712452171.982412,42252581.63059581,289.5,-5.57914115722492e-08,294.5,ASK
909,1712452172.142804,42253127.6030096,290.0,2.651545364771024e-08,294.5,BID
910,1712452172.2869475,42253678.21419744,289.4,-2.6740738287477378e-08,294.5,ASK
911,1712452172.3422265,42254080.28916162,289.4,-1.95269940503234e-08,294.5,ASK
1112,1712452172.5032218,42254619.25123058,290.0,2.617499235591893e-08,294.5,BID
912,1712452172.5032218,42254619.25123058,290.0,2.6174992355918932e-08,294.5,BID
913,1712452172.6697104,42255171.21600958,289.4,-2.680647619388115e-08,294.5,ASK
914,1712452172.877446,42255715.24704406,290.0,2.6421169482846423e-08,294.5,BID
915,1712452173.0643146,42256257.97839765,289.4,-2.6358049758676885e-08,294.5,ASK
916,1712452173.2642972,42256796.46408236,289.9,2.61518564900003e-08,294.5,BID
917,1712452173.417398,42257245.14889896,289.4,-2.179062743200761e-08,294.5,ASK
918,1712452173.4211905,42257337.63120943,289.3,-4.491454796407742e-09,294.5,ASK
919,1712452173.6583605,42257890.05273409,289.9,2.682865830073916e-08,294.5,BID
1119,1712452173.6583605,42257890.05273409,289.9,2.6828658300739162e-08,294.5,BID
920,1712452173.807852,42258429.56585563,289.3,-2.6201754530554505e-08,294.5,ASK
921,1712452173.9043784,42261054.43060353,289.9,1.2747801500036489e-07,294.5,BID
922,1712452174.0043783,42261608.0249464,289.9,2.688561686896966e-08,294.5,BID
923,1712452174.1912465,42262160.24525026,289.4,-2.6818885900995808e-08,294.5,ASK
924,1712452174.3043077,42262388.21006571,289.9,1.1071237931847498e-08,294.5,BID
925,1712452174.364192,42262931.80440858,289.9,2.639996131242143e-08,294.5,BID
926,1712452174.4890845,42263475.5302373,289.4,-2.640634699576892e-08,294.5,ASK
927,1712452174.704333,42264014.11940597,289.9,2.6156882246020653e-08,294.5,BID
928,1712452175.1543274,42264359.06593925,289.9,1.675252005983308e-08,294.5,BID
929,1712452178.764404,42266948.84493925,289.5,-1.2577405615815168e-07,294.5,ASK
930,1712452179.404225,42267946.66937986,289.8,4.845989840435231e-08,294.5,BID
931,1712452179.6244662,42268163.17128365,289.5,-1.0514535257755113e-08,294.5,ASK
932,1712452180.3142648,42268853.54063125,289.5,-3.3528170973355135e-08,294.5,ASK
933,1712452181.0144806,42277347.69290605,289.5,-4.12523225042455e-07,294.5,ASK
934,1712452181.022323,42279217.83621136,289.4,-9.082454877648481e-08,294.5,ASK
935,1712452181.7492306,42281541.06916462,289.4,-1.1282909929056365e-07,294.5,ASK
936,1712452181.7541406,42297292.6116392,289.4,-7.649824126986611e-07,294.5,ASK
937,1712452181.7577903,42301575.00680327,289.5,-2.079769006763473e-07,294.5,ASK
938,1712452181.761485,42302391.38265688,289.4,-3.9647746953896825e-08,294.5,ASK
939,1712452184.0644312,42312999.08153474,289.4,-5.151687902224889e-07,294.5,ASK
940,1712452184.4445236,42314337.60152968,289.4,-6.50059673092008e-08,294.5,ASK
941,1712452184.4508555,42317387.1942963,289.3,-1.481051672318403e-07,294.5,ASK
942,1712452184.4567828,42321188.1618153,289.4,-1.845960995861779e-07,294.5,ASK
943,1712452184.4606652,42325948.28759277,289.4,-2.3117815336958454e-07,294.5,ASK
944,1712452184.464424,42336172.62798025,289.3,-4.965507721219416e-07,294.5,ASK
945,1712452185.3144171,42336300.00764972,289.4,-6.186264427063326e-09,294.5,ASK
946,1712452186.542359,42338106.039856,289.4,-8.771095762859244e-08,294.5,ASK
947,1712452186.6542077,42339730.08961399,289.4,-7.887287890773236e-08,294.5,ASK
1148,1712452186.8170898,42340027.90130436,289.4,-1.446339022321232e-08,294.5,ASK
948,1712452186.8170898,42340027.90130436,289.4,-1.4463390223212321e-08,294.5,ASK
949,1712452186.82558,42342354.95436189,289.3,-1.1301462477751441e-07,294.5,ASK
950,1712452190.8543105,42343548.43315414,289.4,5.796196070787608e-08,294.5,BID
951,1712452190.8620667,42344289.07315414,289.4,3.5969593139855314e-08,294.5,BID
952,1712452191.1344268,42345306.75759672,289.3,-4.9424410435154334e-08,294.5,ASK
953,1712452191.1425192,42359572.67190459,289.3,-6.928320552861586e-07,294.5,ASK
954,1712452191.5028038,42368932.84819218,289.3,-4.545821624336169e-07,294.5,ASK
955,1712452191.5067945,42371869.56847264,289.3,-1.4262345222337716e-07,294.5,ASK
956,1712452191.6005702,42372872.59840204,289.3,4.871270585970427e-08,294.5,BID
957,1712452192.384221,42373183.26450204,289.2,-1.5087671769754062e-08,294.5,ASK
958,1712452192.604277,42374631.19292207,289.3,7.031944826714673e-08,294.5,BID
1159,1712452192.9044704,42375766.20413057,289.2,-5.512245001510853e-08,294.5,ASK
959,1712452192.9044704,42375766.20413057,289.2,-5.5122450015108533e-08,294.5,ASK
960,1712452192.912043,42382081.84373009,289.2,-3.06722546466509e-07,294.5,ASK
961,1712452195.1453571,42382599.62064009,289.1,-2.5146123339365466e-08,294.5,ASK
962,1712452196.544439,42382981.37816343,289.1,-1.8540266246198465e-08,294.5,ASK
963,1712452196.551303,42385922.61197636,289.1,-1.42842654435974e-07,294.5,ASK
964,1712452197.3453374,42385958.93158895,289.1,1.763882166358828e-09,294.5,BID
965,1712452198.9924908,42386153.36001188,289.0,-9.442524394944144e-09,294.5,ASK
966,1712452199.000624,42392986.73075087,289.0,-3.3186644693448814e-07,294.5,ASK
967,1712452200.3242595,42394350.06706334,289.1,6.621118555927827e-08,294.5,BID
968,1712452200.4260807,42394350.06706334,289.1,0.0,294.5,BID
969,1712452201.9648335,42401757.52547255,289.2,3.620599053539191e-07,294.5,BID
970,1712452201.9702222,42401809.9108947,289.2,2.560481603402975e-09,294.5,BID
971,1712452201.9740157,42404103.35052116,289.1,1.120981702792048e-07,294.5,BID
972,1712452201.9778168,42404600.38450489,289.2,2.429390313998619e-08,294.5,BID
973,1712452202.2045405,42405356.90567115,289.0,-3.6977052954194994e-08,294.5,ASK
974,1712452202.2100463,42410211.28855598,289.0,-2.372713163866639e-07,294.5,ASK
975,1712452202.6470404,42411231.64446475,289.0,-4.9872701721620826e-08,294.5,ASK
976,1712452207.024544,42411814.58943947,289.0,-2.8493039138586133e-08,294.5,ASK
977,1712452207.0337126,42418046.16915134,289.0,-3.045855995467374e-07,294.5,ASK
978,1712452207.9866216,42418258.7180493,288.9,-1.0388912043368732e-08,294.5,ASK
979,1712452209.1013193,42418372.82593311,289.0,5.577336696398348e-09,294.5,BID
980,1712452209.4342644,42418600.79074856,288.9,-1.1142407414867024e-08,294.5,ASK
981,1712452209.754397,42418948.73786059,288.9,-1.7006872194319546e-08,294.5,ASK
982,1712452209.8572452,42418975.40217077,288.9,-1.303291505216592e-09,294.5,ASK
983,1712452209.8612895,42419916.77865927,288.9,-4.601236530799642e-08,294.5,ASK
984,1712452210.6542397,42420749.61590672,288.9,-4.070721134434767e-08,294.5,ASK
985,1712452210.664348,42422126.84851315,288.9,-6.73160319756551e-08,294.5,ASK
986,1712452211.5044093,42422276.33757501,288.9,7.306689096218504e-09,294.5,BID
987,1712452211.5129406,42424024.83031809,288.9,8.546239237537712e-08,294.5,BID
988,1712452214.3786416,42424117.44109817,288.8,-4.526606619495196e-09,294.5,ASK
989,1712452218.214538,42424202.19354523,288.8,-4.142508977619482e-09,294.5,ASK
990,1712452218.222952,42424462.38763145,288.5,-1.2717701676824945e-08,294.5,ASK
991,1712452220.685155,42424817.6614616,288.5,-1.7364985695669095e-08,294.5,ASK
992,1712452220.6937015,42426497.6614616,288.2,-8.211462115509155e-08,294.5,ASK
993,1712452220.698837,42426537.6614616,288.0,-1.9551100275021803e-09,294.5,ASK
994,1712452220.7027073,42428010.56962841,288.5,-7.199243816304467e-08,294.5,ASK
995,1712452220.706578,42428062.08211973,288.2,-2.5178147081830396e-09,294.5,ASK
996,1712452220.7105002,42428735.53698084,288.0,-3.2916958800386826e-08,294.5,ASK
997,1712452220.7143989,42431495.2042252,288.5,-1.3488632755043134e-07,294.5,ASK
998,1712452220.71829,42432186.42733415,288.2,-3.3785430788965496e-08,294.5,ASK
999,1712452220.7221916,42433896.42733415,288.1,-8.358095367571819e-08,294.5,ASK
1000,1712452220.726252,42439320.49684868,288.0,-2.651163174430603e-07,294.5,ASK
1201,1712452226.4168775,42441639.07031725,288.3,-1.133266559477087e-07,294.5,ASK
1202,1712452226.4189334,42441816.56394989,288.3,-8.675489524657929e-09,294.5,ASK
1203,1712452230.375089,42441816.56394989,288.3,-0.0,294.5,ASK
1204,1712452233.8046608,42445506.0831287,288.0,-1.8021467622090965e-07,294.5,ASK
1205,1712452233.8068285,42450216.20481654,288.3,-2.300660367376817e-07,294.5,ASK
1206,1712452238.1580822,42450616.20481654,288.4,1.9538012135136348e-08,294.5,BID
1207,1712452239.0399148,42451692.38542204,288.3,-5.25660743246892e-08,294.5,ASK
1208,1712452239.0411518,42451986.28980167,288.3,-1.4355768339383202e-08,294.5,ASK
1209,1712452242.2744236,42452030.43652383,288.3,-2.156347983235096e-09,294.5,ASK
1210,1712452242.2772632,42462236.60724322,288.3,-4.985207184215507e-07,294.5,ASK
1211,1712452242.3143551,42464989.40810281,288.3,-1.344606415008474e-07,294.5,ASK
1212,1712452245.5742807,42467978.10361479,288.3,-1.4598292295332208e-07,294.5,ASK
1213,1712452250.475664,42468016.75581141,288.2,1.887967716329504e-09,294.5,BID
1214,1712452250.574489,42474191.94081435,288.2,3.016270988106462e-07,294.5,BID
1215,1712452253.644348,42476126.0596066,288.2,-9.447209108411221e-08,294.5,ASK
1216,1712452256.6202338,42477384.02737787,288.2,6.14454739520429e-08,294.5,BID
1217,1712452256.6943562,42481897.91626676,288.4,2.2048103971938014e-07,294.5,BID
1218,1712452256.6972194,42483194.51543534,288.4,6.333242572512862e-08,294.5,BID
1219,1712452257.1871088,42484067.48138446,288.5,-4.26400482689414e-08,294.5,ASK
1220,1712452257.1900034,42484230.9830294,288.4,-7.986242807341336e-09,294.5,ASK
1221,1712452257.9739425,42489664.54860767,288.4,-2.654026755130984e-07,294.5,ASK
1222,1712452260.5672507,42489664.54860767,288.4,-0.0,294.5,ASK
1223,1712452260.9359472,42490016.13799839,288.4,-1.716183145623814e-08,294.5,ASK
1224,1712452264.7342522,42490036.13799839,288.9,9.762428508561094e-10,294.5,BID
1225,1712452267.0644665,42490352.45282355,288.4,-1.5440004334224364e-08,294.5,ASK
1226,1712452267.0668795,42494194.95401075,288.4,-1.875607156704014e-07,294.5,ASK
1227,1712452272.4842558,42494540.29472714,288.4,-1.685682027435119e-08,294.5,ASK
1228,1712452273.5340548,42495494.55680162,288.4,-4.6579576402611953e-08,294.5,ASK
1229,1712452285.5742457,42495604.07754465,288.4,-5.3459421204076526e-09,294.5,ASK
1230,1712452290.5642183,42495604.07754465,288.4,-0.0,294.5,ASK
1231,1712452292.7244496,42496423.10460215,288.4,-3.9975123007382834e-08,294.5,ASK
1232,1712452298.187309,42500034.37536513,288.4,-1.7625912555803493e-07,294.5,ASK
1233,1712452302.5743926,42500840.09629443,288.5,-3.9325676683804345e-08,294.5,ASK
1234,1712452303.0941525,42501185.75823705,288.5,-1.6871089359672035e-08,294.5,ASK
1235,1712452305.0446131,42501205.75823705,288.8,9.761612303619552e-10,294.5,BID
1236,1712452319.7145388,42501433.5736922,288.7,1.1119230749909594e-08,294.5,BID
1237,1712452320.356537,42501433.5736922,288.7,0.0,294.5,BID
1238,1712452322.0046775,42501517.28535214,288.7,4.0854685668659376e-09,294.5,BID
1239,1712452322.0885186,42503498.13972215,288.8,9.667372825017497e-08,294.5,BID
1240,1712452322.0906498,42503691.61260706,288.7,9.442261572859872e-09,294.5,BID
1241,1712452322.092784,42504263.47120512,288.8,2.7909019230982945e-08,294.5,BID
1242,1712452322.1844654,42507174.59754553,288.8,1.4207477389280645e-07,294.5,BID
1243,1712452327.7244074,42516279.07026304,288.8,-4.443351993355085e-07,294.5,ASK
1244,1712452329.3543272,42516299.07026304,288.8,9.760811265448696e-10,294.5,BID
1245,1712452330.764331,42516414.27686111,288.6,-5.622549301273087e-09,294.5,ASK
1246,1712452330.7657983,42516448.89226304,288.6,-1.6893720256359211e-09,294.5,ASK
1247,1712452333.0364575,42520726.83613542,288.6,-2.087810137122867e-07,294.5,ASK
1248,1712452336.2103326,42523343.84916697,288.6,-1.277208514008843e-07,294.5,ASK
1249,1712452342.916391,42526790.27167394,288.7,-1.681993981577972e-07,294.5,ASK
1250,1712452344.2941756,42526807.58469333,288.8,8.44945573378498e-10,294.5,BID
1251,1712452347.3968098,42526956.75057519,288.7,-7.279900100629061e-09,294.5,ASK
1252,1712452350.424541,42526956.75057519,288.7,-0.0,294.5,ASK
1253,1712452350.8845286,42530281.03575754,288.7,-1.6218027289287121e-07,294.5,ASK
1254,1712452350.8877091,42532545.93981088,288.7,-1.104967646569081e-07,294.5,ASK
1255,1712452351.3941183,42533803.90758088,288.7,-6.13718574184727e-08,294.5,ASK
1256,1712452354.1861382,42534498.94562999,288.7,-3.3908480858976075e-08,294.5,ASK
1257,1712452356.475582,42534553.25475968,288.7,-2.649552908300524e-09,294.5,ASK
1258,1712452359.3043635,42534582.52372697,288.7,1.427930770833989e-09,294.5,BID
1259,1712452359.3062277,42537935.03454817,288.7,1.635573033100632e-07,294.5,BID
1260,1712452362.9443293,42537974.42448879,288.7,-1.9216977390563763e-09,294.5,ASK
1261,1712452364.3442724,42538104.67715175,288.7,-6.354572867425841e-09,294.5,ASK
1262,1712452365.3943212,42538644.71168213,288.7,-2.6346400114724973e-08,294.5,ASK
1263,1712452376.0344882,42548297.1753488,288.7,-4.709100169446715e-07,294.5,ASK
1264,1712452376.0364823,42550347.81008449,288.7,-1.0004331240995772e-07,294.5,ASK
1265,1712452376.4941463,42551347.53101613,288.7,-4.877289540922633e-08,294.5,ASK
1266,1712452379.2897584,42551379.80389803,288.6,-1.5744812815153955e-09,294.5,ASK
1267,1712452379.6045337,42553534.38653582,288.7,1.0511456779432201e-07,294.5,BID
1268,1712452379.7842686,42553607.89761861,288.7,-3.58634918861776e-09,294.5,ASK
1269,1712452380.5653582,42553607.89761861,288.7,-0.0,294.5,ASK
1270,1712452382.4246628,42553711.81171629,288.7,-5.0677039086414535e-09,294.5,ASK
1271,1712452385.6374958,42555765.57000692,288.7,-1.0015810317416848e-07,294.5,ASK
1272,1712452393.3444915,42556076.89287734,288.8,1.5182657237735712e-08,294.5,BID
1273,1712452406.2046518,42557289.50696042,288.8,5.9137010911959934e-08,294.5,BID
1274,1712452406.2078345,42559539.49675545,288.8,1.0972796120123657e-07,294.5,BID
1275,1712452406.5456016,42566172.33980405,288.7,-3.2347184253851065e-07,294.5,ASK
1276,1712452406.5481958,42566667.011976,288.6,-2.4124273368268693e-08,294.5,ASK
1277,1712452410.5473626,42566667.011976,288.6,-0.0,294.5,ASK
1278,1712452420.4445846,42568630.94659023,288.6,-9.575995544109054e-08,294.5,ASK
1279,1712452421.8560152,42570012.65137193,288.6,-6.737087241614378e-08,294.5,ASK
1280,1712452421.8600018,42571791.40922099,288.6,-8.67308774602896e-08,294.5,ASK
1281,1712452431.2745347,42572302.92446406,288.6,-2.4941093521568923e-08,294.5,ASK
1282,1712452431.2770736,42572942.79209291,288.6,-3.119945805885081e-08,294.5,ASK
1283,1712452431.338689,42592564.20761245,288.6,-9.567252709083387e-07,294.5,ASK
1284,1712452435.674245,42592792.0230676,288.5,-1.1108108017585003e-08,294.5,ASK
1285,1712452440.5816033,42592792.0230676,288.5,-0.0,294.5,ASK
1286,1712452442.7807326,42601036.87933558,288.6,4.0186517292727973e-07,294.5,BID
1287,1712452442.7823703,42601415.46381604,288.6,1.845270708930037e-08,294.5,BID
1288,1712452443.567846,42601879.76388534,288.6,2.263059798445837e-08,294.5,BID
1289,1712452444.9144628,42603034.13213902,288.5,-5.6265431780497467e-08,294.5,ASK
1290,1712452444.9183135,42604416.31584785,288.5,-6.736945764888518e-08,294.5,ASK
1291,1712452466.1245563,42605505.38860364,288.4,-5.30828430613261e-08,294.5,ASK
1292,1712452466.1280763,42610925.07667656,288.4,-2.641627475173843e-07,294.5,ASK
1293,1712452468.204793,42611834.7146978,288.3,-4.4336957349482464e-08,294.5,ASK
1294,1712452468.2142785,42612647.75894108,288.4,-3.9628849163878566e-08,294.5,ASK
1295,1712452470.3142989,42612764.27111726,288.4,5.678957195759984e-09,294.5,BID
1296,1712452470.3848238,42612764.27111726,288.4,0.0,294.5,BID
1297,1712452473.3344736,42615322.73128953,288.4,-1.2466771200827726e-07,294.5,ASK
1298,1712452474.734426,42629814.34039688,288.4,-7.061418310577146e-07,294.5,ASK
1299,1712452477.91433,42631821.25096317,288.3,-9.779200443149541e-08,294.5,ASK
1300,1712452483.0341728,42632300.91556772,288.3,-2.3372921505323483e-08,294.5,ASK
1301,1712452484.484343,42635763.51944583,288.3,-1.6872449598961373e-07,294.5,ASK
1302,1712452490.84419,42636453.65057074,288.3,-3.3628457171758256e-08,294.5,ASK
1303,1712452490.8643198,42640620.20705826,288.3,-2.030264414051047e-07,294.5,ASK
1304,1712452490.8676114,42650923.20081692,288.3,-5.020405135291342e-07,294.5,ASK
1305,1712452494.6042924,42652306.8233013,288.2,-6.742065062436301e-08,294.5,ASK
1306,1712452494.6071787,42666605.29795097,288.2,-6.967308458055065e-07,294.5,ASK
1307,1712452495.6042905,42684731.23512735,288.2,8.832340406473347e-07,294.5,BID
1308,1712452500.0248694,42686115.33786945,288.1,-6.744405244696914e-08,294.5,ASK
1309,1712452500.0346775,42689063.89007082,288.1,-1.436759738010581e-07,294.5,ASK
1310,1712452500.3643937,42689063.89007082,288.1,-0.0,294.5,ASK
1311,1712452501.6527815,42692650.93749088,288.1,-1.7636909493409968e-07,294.5,ASK
1312,1712452501.6554434,42692969.29513137,288.1,-1.5653110300279506e-08,294.5,ASK
1313,1712452503.1943517,42695933.13612753,288.0,-1.457270821394552e-07,294.5,ASK
1314,1712452503.1978116,42697348.48167705,288.1,-6.959016270347678e-08,294.5,ASK
1315,1712452503.204393,42704548.93013684,288.0,-3.540339530695837e-07,294.5,ASK
1316,1712452503.2077415,42721701.25018254,288.0,-8.433507584987857e-07,294.5,ASK
1317,1712452506.8532958,42723841.99870633,287.9,-1.0525700817652945e-07,294.5,ASK
1318,1712452506.857793,42724559.80583263,287.9,-3.529337038993733e-08,294.5,ASK
1319,1712452506.8594866,42724602.90173256,287.8,-2.118952992527466e-09,294.5,ASK
1320,1712452506.861108,42724784.39357,287.9,-8.92364871691716e-09,294.5,ASK
1321,1712452506.862782,42725302.7177079,287.6,-2.5485127008161656e-08,294.5,ASK
1322,1712452506.8644288,42730876.86235323,287.6,-2.740713269162329e-07,294.5,ASK
1323,1712452506.866068,42731346.5487674,287.8,-2.3093691850164083e-08,294.5,ASK
1324,1712452506.8677266,42732308.94906039,287.6,-4.7319605447301846e-08,294.5,ASK
1325,1712452510.5106134,42736286.43626454,287.6,-1.955663631275989e-07,294.5,ASK
1326,1712452510.5146964,42742762.40624129,287.6,-3.1841256327761265e-07,294.5,ASK
1327,1712452510.564099,42749704.44025726,287.6,3.413281490370937e-07,294.5,BID
1328,1712452510.584251,42752454.0976333,287.6,1.351960333948594e-07,294.5,BID
1329,1712452510.6239965,42753663.4206333,288.0,5.9460380088620934e-08,294.5,BID
1330,1712452510.633801,42754181.7002333,288.0,2.5482937154355817e-08,294.5,BID
1331,1712452510.6438425,42755218.0661333,288.0,5.0956370072049604e-08,294.5,BID
1332,1712452510.6471972,42756428.5904333,288.0,5.951944599140882e-08,294.5,BID
1333,1712452517.813925,42758564.19971199,288.0,1.0500432012955288e-07,294.5,BID
1334,1712452524.4638646,42758581.5608231,288.0,8.53616664062927e-10,294.5,BID
1335,1712452527.1842723,42760334.98223609,287.8,-8.62127848986373e-08,294.5,ASK
1336,1712452528.251697,42760682.20445831,287.8,1.7072333287852543e-08,294.5,BID
1337,1712452530.364029,42760682.20445831,287.8,0.0,294.5,BID
1338,1712452547.6040928,42764060.88062231,287.8,1.6595561775157828e-07,294.5,BID
1339,1712452547.7040858,42764472.41769142,287.8,2.0214097242764053e-08,294.5,BID
1340,1712452547.7077174,42780249.37133926,287.8,7.749408234985549e-07,294.5,BID
1341,1712452551.0940447,42780423.34458456,287.8,-8.545310646722396e-09,294.5,ASK
1342,1712452551.0977156,42780443.34458456,287.8,-9.823706664745511e-10,294.5,ASK
1343,1712452551.20032,42783623.26676852,288.0,1.56193113759733e-07,294.5,BID
1344,1712452551.2039554,42784961.05805991,288.0,6.571034612613032e-08,294.5,BID
1345,1712452551.206933,42784972.24180391,288.0,5.49329102269857e-10,294.5,BID
1346,1712452553.7362633,42785261.75765798,287.8,-1.4220594126157398e-08,294.5,ASK
1347,1712452560.1141417,42785308.97014955,288.1,2.3190083402047742e-09,294.5,BID
1348,1712452560.546093,42785308.97014955,288.1,0.0,294.5,BID
1349,1712452568.193919,42795406.54851057,288.3,4.958056176794414e-07,294.5,BID
1350,1712452568.2540092,42795454.77913199,288.4,2.368192866929158e-09,294.5,BID
1351,1712452568.59397,42796161.72579579,288.4,-3.4712097770227614e-08,294.5,ASK
1352,1712452568.7539947,42801686.35874386,288.2,2.71267422082562e-07,294.5,BID
1353,1712452571.7646115,42803064.70513837,288.5,6.767879001008375e-08,294.5,BID
1354,1712452571.7685354,42813554.36039137,288.7,5.150571568759029e-07,294.5,BID
1355,1712452571.7718904,42813607.94997072,288.5,2.631325407089341e-09,294.5,BID
1356,1712452574.693952,42825903.76717072,288.7,6.037423057049493e-07,294.5,BID
1357,1712452590.553897,42825903.76717072,288.7,0.0,294.5,BID
1358,1712452593.2740242,42826002.01757072,288.5,-4.8214631189663285e-09,294.5,ASK
1359,1712452594.6206598,42826249.83330576,288.5,-1.216111513859747e-08,294.5,ASK
1360,1712452596.944045,42826312.24971102,288.2,-3.062973748548008e-09,294.5,ASK
1361,1712452600.7660534,42826329.58419975,288.5,8.506591126822955e-10,294.5,BID
1362,1712452602.2739515,42828061.48582773,288.5,8.498998299286209e-08,294.5,BID
1363,1712452602.573977,42828099.06942247,288.2,-1.8443478694806958e-09,294.5,ASK
1364,1712452602.5769558,42828267.31468201,288.2,-8.256335992631147e-09,294.5,ASK
1365,1712452604.646594,42838267.31468201,288.3,-4.907321618028703e-07,294.5,ASK
1366,1712452607.2541237,42847667.80387914,288.3,-4.613122385714574e-07,294.5,ASK
1367,1712452610.8443525,42849064.5417184,288.3,-6.854241793315409e-08,294.5,ASK
1368,1712452610.8507476,42850387.22636864,288.2,-6.490838977968914e-08,294.5,ASK
1369,1712452610.8548334,42852744.07911518,287.8,-1.1565834433600265e-07,294.5,ASK
1370,1712452610.8610091,42858484.07911518,288.0,-2.816802608748476e-07,294.5,ASK
1371,1712452614.404097,42859714.54299496,288.2,-6.038281997442866e-08,294.5,ASK
1372,1712452617.9959586,42863260.88054359,287.8,-1.740301891721131e-07,294.5,ASK
1373,1712452620.3655088,42863260.88054359,287.8,-0.0,294.5,ASK
1374,1712452621.274362,42866735.68319751,287.8,-1.704297040378385e-07,294.5,ASK
1375,1712452630.9840455,42866759.08934949,287.8,-1.1480086646472596e-09,294.5,ASK
1376,1712452635.024137,42868122.42566196,287.8,-6.686797132929143e-08,294.5,ASK
1377,1712452644.994148,42868235.77065728,287.8,-5.559266505313208e-09,294.5,ASK
1378,1712452644.9982293,42873153.49702274,287.8,-2.412012227682542e-07,294.5,ASK
1379,1712452645.1222456,42875570.06369568,287.8,1.185260815865753e-07,294.5,BID
1380,1712452645.202376,42876802.23781568,287.8,6.04348193293265e-08,294.5,BID
1381,1712452649.4141507,42877795.34344458,287.8,4.8709154236618573e-08,294.5,BID
1382,1712452649.513904,42879306.47005928,287.8,7.411668729359957e-08,294.5,BID
1383,1712452649.6194596,42880870.05588263,287.8,7.668967007675667e-08,294.5,BID
1384,1712452649.6938565,42882035.9980296,287.8,5.7186319576451865e-08,294.5,BID
1385,1712452650.3698206,42882035.9980296,287.8,0.0,294.5,BID
1386,1712452654.9792638,42882105.28004547,287.7,-3.397195787399048e-09,294.5,ASK
1387,1712452657.2687385,42884155.28004547,287.7,-1.0052033382999293e-07,294.5,ASK
1388,1712452659.7940805,42885869.35044875,287.7,-8.40482581198061e-08,294.5,ASK
1389,1712452660.480579,42885939.25315896,287.8,3.427631105175346e-09,294.5,BID
1390,1712452664.1540792,42889716.55839098,287.8,1.852175526346344e-07,294.5,BID
1391,1712452667.2469766,42890168.03523329,287.8,2.213785507569069e-08,294.5,BID
1392,1712452667.2501023,42905736.07281071,287.8,7.633679679805758e-07,294.5,BID
1393,1712452671.1140146,42909262.60598102,287.7,-1.729211178255464e-07,294.5,ASK
1394,1712452679.8341703,42927423.76998379,287.8,8.905201308778341e-07,294.5,BID
1395,1712452680.5648894,42927423.76998379,287.8,0.0,294.5,BID
1396,1712452682.0840116,42928307.67876877,287.7,-4.331411485095143e-08,294.5,ASK
1397,1712452686.6041908,42974709.17025591,287.8,2.27380875231278e-06,294.5,BID
1398,1712452686.6841109,42974748.00584854,287.7,-1.903057587257494e-09,294.5,ASK
1399,1712452686.6881084,42982718.92746577,287.7,-3.905984647555736e-07,294.5,ASK
1400,1712452687.224164,42982989.68100399,287.7,-1.3267715006477473e-08,294.5,ASK
1401,1712452693.8600757,42985593.58062664,287.7,-1.275986948342881e-07,294.5,ASK
1402,1712452693.864373,42991334.57581015,287.7,-2.813255496081372e-07,294.5,ASK
1403,1712452696.2091644,42993310.21494234,287.7,-9.681209388366413e-08,294.5,ASK
1404,1712452701.6239626,42995045.6085381,287.8,8.503936016430142e-08,294.5,BID
1405,1712452704.3441176,42995062.98171391,287.8,8.51336410899468e-10,294.5,BID
1406,1712452705.9302273,43009908.78075011,287.8,7.274875591647556e-07,294.5,BID
1407,1712452705.9323013,43011488.92093332,287.8,7.743148901713193e-08,294.5,BID
1408,1712452709.5442312,43014687.00177214,287.8,1.5671531170355901e-07,294.5,BID
1409,1712452709.549202,43015057.37214251,287.8,1.8149231042891e-08,294.5,BID
1410,1712452710.57394,43015057.37214251,287.8,0.0,294.5,BID
1411,1712452732.8842533,43015799.84420382,287.8,-3.633839469220236e-08,294.5,ASK
1412,1712452732.8891318,43016753.97131109,287.8,-4.6697309187854246e-08,294.5,ASK
1413,1712452740.354845,43016753.97131109,287.8,-0.0,294.5,ASK
1414,1712452748.646084,43016915.78947371,288.0,7.919586537982696e-09,294.5,BID
1415,1712452748.6484568,43018487.80047393,288.1,7.693621626456089e-08,294.5,BID
1416,1712452751.474176,43020458.1414683,287.9,-9.643099242764745e-08,294.5,ASK
1417,1712452760.614087,43024054.13801025,287.9,-1.759926410183145e-07,294.5,ASK
1418,1712452766.6542788,43024054.38088379,287.9,-1.1886539820977097e-11,294.5,ASK
1419,1712452766.663933,43024128.38521638,287.9,-3.6218660910483635e-09,294.5,ASK
1420,1712452768.2240632,43024567.98955214,287.9,-2.1514794898012573e-08,294.5,ASK
1421,1712452770.369094,43024567.98955214,287.9,-0.0,294.5,ASK
1422,1712452771.294827,43024634.81203765,287.9,-3.270017282175268e-09,294.5,ASK
1423,1712452776.904113,43024694.95227461,287.9,-2.943015554468182e-09,294.5,ASK
1424,1712452778.2038574,43027494.94989459,287.9,-1.3702035382215546e-07,294.5,ASK
1425,1712452781.4345603,43027549.07610786,287.9,-2.6487139989119838e-09,294.5,ASK
1426,1712452782.1059482,43027585.66593588,287.9,-1.7905555155006323e-09,294.5,ASK
1427,1712452787.6640174,43027634.37952782,287.9,-2.3838425990207856e-09,294.5,ASK
1428,1712452790.3389697,43027758.84424815,287.9,-6.090790897984686e-09,294.5,ASK
1429,1712452790.3411398,43028353.08492332,287.9,-2.907969170609661e-08,294.5,ASK
1430,1712452791.4439,43028743.2505329,287.9,-1.909309832725301e-08,294.5,ASK
1431,1712452791.7066965,43032614.71116825,287.9,-1.8945334177393e-07,294.5,ASK
1432,1712452794.7945209,43032962.05399562,287.9,-1.699752769913733e-08,294.5,ASK
