,time,acc_trade_volume,trade_price,dev,high,ask_bid
0,1712451675.0554173,19700315.51744183,14.89,0.0,14.96,BID
1,1712451690.505519,19700315.51744183,14.89,0.0,14.96,BID
2,1712451709.474284,19800315.51744183,14.89,-3.317907710151717e-05,14.96,ASK
3,1712451720.344407,19800315.51744183,14.89,-0.0,14.96,ASK
4,1712451750.3490908,19800315.51744183,14.89,-0.0,14.96,ASK
5,1712451780.514235,19800315.51744183,14.89,-0.0,14.96,ASK
6,1712451810.5243971,19800315.51744183,14.89,-0.0,14.96,ASK
7,1712451818.0543897,19800815.51744183,14.9,-1.6581346760935254e-07,14.96,ASK
8,1712451840.3366003,19800815.51744183,14.9,-0.0,14.96,ASK
9,1712451846.664279,19806537.46430831,14.9,-1.897547014695756e-06,14.96,ASK
10,1712451870.3371694,19806537.46430831,14.9,-0.0,14.96,ASK
11,1712451880.6242757,19807879.74618752,14.9,-4.451231408730559e-07,14.96,ASK
12,1712451880.625095,19808550.88712711,14.9,-2.2256157043158645e-07,14.96,ASK
13,1712451897.1461432,19813700.63930694,14.9,-1.707744029409989e-06,14.96,ASK
14,1712451900.5243113,19813700.63930694,14.9,-0.0,14.96,ASK
15,1712451918.2344866,19815998.6052479,14.9,-7.640331860778427e-07,14.96,ASK
16,1712451918.2360857,19889889.29084232,14.9,-2.456735103419461e-05,14.96,ASK
17,1712451930.504245,19889889.29084232,14.9,-0.0,14.96,ASK
18,1712451960.3244352,19889889.29084232,14.9,-0.0,14.96,ASK
19,1712451964.7545516,19898427.28338795,14.94,2.837661045175734e-06,14.96,BID
20,1712451990.334389,19898427.28338795,14.94,0.0,14.96,BID
21,1712452020.5369077,19898427.28338795,14.94,0.0,14.96,BID
22,1712452033.994827,19899721.56223533,14.95,4.301443166965546e-07,14.96,BID
23,1712452042.0044222,19900210.56223533,14.95,1.625156520874712e-07,14.96,BID
24,1712452050.524431,19900210.56223533,14.95,0.0,14.96,BID
25,1712452072.17618,19914784.74591527,14.95,4.843582778611334e-06,14.96,BID
26,1712452080.3171985,19914784.74591527,14.95,0.0,14.96,BID
27,1712452098.7342534,19926816.16302756,14.95,3.998230468123212e-06,14.96,BID
28,1712452110.354292,19926816.16302756,14.95,0.0,14.96,BID
29,1712452140.5142477,19926816.16302756,14.95,0.0,14.96,BID
30,1712452144.6042907,19937058.36455062,14.94,-3.4034423532023656e-06,14.96,ASK
31,1712452144.6143582,19993930.25698729,14.94,-1.889830101369285e-05,14.96,ASK
32,1712452156.3773315,20094856.01362116,14.94,-3.3537222821019354e-05,14.96,ASK
33,1712452170.534129,20094856.01362116,14.94,-0.0,14.96,ASK
34,1712452178.01464,20098337.90777157,14.94,-1.156054995057963e-06,14.96,ASK
35,1712452182.115409,20101175.09840702,14.95,9.42001182217956e-07,14.96,BID
36,1712452200.4048278,20101175.09840702,14.95,0.0,14.96,BID
37,1712452201.1577902,20116501.47328689,14.94,-5.151799001212111e-06,14.96,ASK
38,1712452201.233824,20136581.79457203,14.94,-6.749787862534329e-06,14.96,ASK
39,1712452201.235233,20199915.00998343,14.94,-2.128879128022277e-05,14.96,ASK
40,1712452202.5248122,20222927.17609843,14.94,7.735296528775145e-06,14.96,BID
41,1712452222.6342807,20223642.35166022,14.93,2.403987096633232e-07,14.96,BID
42,1712452230.3441298,20223642.35166022,14.93,0.0,14.96,BID
43,1712452239.715397,20294831.63139221,14.94,-2.3914816246650127e-05,14.96,ASK
44,1712452239.7165606,20343611.91841633,14.94,-1.6386899896058853e-05,14.96,ASK
45,1712452260.5243642,20343611.91841633,14.94,-0.0,14.96,ASK
46,1712452262.624353,20454687.43794733,14.95,3.729146021008188e-05,14.96,BID
47,1712452269.9942214,20649514.84029966,14.95,6.540953716293697e-05,14.96,BID
48,1712452270.054222,20698029.60835766,14.95,1.6287896291418212e-05,14.96,BID
49,1712452270.0745692,20702664.38531951,14.95,1.5560368421875922e-06,14.96,BID
50,1712452270.0761516,21471394.77329419,14.95,0.0002580863793973,14.96,BID
51,1712452270.174286,21955385.43837319,14.96,0.0001624905173079,14.96,BID
52,1712452290.524341,21955385.43837319,14.96,0.0,14.96,BID
53,1712452313.9842467,21981790.95219381,14.96,8.793985609240509e-06,14.96,BID
54,1712452320.336489,21981790.95219381,14.96,0.0,14.96,BID
55,1712452348.2768538,21982626.69742279,14.96,2.7829660138014945e-07,14.96,BID
56,1712452350.3542728,21982626.69742279,14.96,0.0,14.96,BID
57,1712452380.5242207,21982626.69742279,14.96,0.0,14.96,BID
58,1712452390.7243176,22016049.15731583,14.96,1.1129370472164617e-05,14.96,BID
59,1712452397.6243968,22178078.30317071,14.96,5.3954209153912335e-05,14.96,BID
60,1712452410.5142012,22178078.30317071,14.96,0.0,14.96,BID
61,1712452440.575762,22178078.30317071,14.96,0.0,14.96,BID
62,1712452450.4241867,22178664.99972223,14.96,1.951745015143214e-07,14.96,BID
63,1712452470.3548028,22178664.99972223,14.96,0.0,14.96,BID
64,1712452500.338232,22178664.99972223,14.96,0.0,14.96,BID
65,1712452525.3740396,22179333.44892009,14.96,2.241917579447757e-07,14.96,BID
66,1712452530.333963,22179333.44892009,14.96,0.0,14.96,BID
67,1712452560.507789,22179333.44892009,14.96,0.0,14.96,BID
68,1712452573.514249,22179773.47133373,14.96,1.4757900511421214e-07,14.96,BID
69,1712452585.213964,22186873.47133373,14.96,2.381267189642004e-06,14.96,BID
70,1712452585.2239828,22989971.64764664,14.96,0.0002693508925796,14.96,BID
71,1712452590.520247,22989971.64764664,14.96,0.0,14.96,BID
72,1712452600.094156,23010319.28853153,14.96,6.796745542997103e-06,14.96,BID
73,1712452620.3364165,23010319.28853153,14.96,0.0,14.96,BID
74,1712452650.3438866,23010319.28853153,14.96,0.0,14.96,BID
75,1712452680.5239637,23010319.28853153,14.96,0.0,14.96,BID
76,1712452710.3552785,23010653.28986753,14.97,1.115555018722896e-07,14.97,BID
77,1712452710.5337162,23010653.28986753,14.97,0.0,14.97,BID
78,1712452710.813794,23017333.31658763,14.97,2.2311063115571662e-06,14.97,BID
79,1712452718.6664398,23554249.70079135,14.97,0.0001793282547764,14.97,BID
80,1712452718.6681492,23587270.5918202,14.97,1.1028865822651923e-05,14.97,BID
81,1712452739.0575695,23587938.59449221,14.98,2.2311063115546777e-07,14.98,BID
82,1712452740.3347533,23587938.59449221,14.98,0.0,14.98,BID
83,1712452749.5539455,23654694.26872451,14.98,2.2231999040756173e-05,14.98,BID
84,1712452761.1740353,23674067.1992986,14.98,6.451870629620186e-06,14.98,BID
85,1712452770.3440163,23674067.1992986,14.98,0.0,14.98,BID
86,1712452800.3708827,23674067.1992986,14.98,0.0,14.98,BID
87,1712452815.253841,23680742.76672183,14.98,2.247858420898967e-06,14.98,BID
88,1712452819.194944,23681104.15768645,14.96,-1.2169088731405746e-07,14.98,ASK
89,1712452821.125613,23687784.18440655,14.97,2.2493599963287705e-06,14.98,BID
90,1712452824.9744096,23694464.21112665,14.97,2.2493599963300245e-06,14.98,BID
91,1712452830.3279114,23694464.21112665,14.97,0.0,14.98,BID
92,1712452860.5375292,23694464.21112665,14.97,0.0,14.98,BID
93,1712452866.8340223,23719621.66660875,14.97,8.47037855604267e-06,14.98,BID
94,1712452886.8939333,23732981.72004897,14.97,-4.498257395234248e-06,14.98,ASK
95,1712452890.5139174,23732981.72004897,14.97,-0.0,14.98,ASK
96,1712452909.8142667,23776154.47753283,14.97,-1.453321136084816e-05,14.98,ASK
97,1712452918.3038845,23798161.69822155,14.98,7.408273373633079e-06,14.98,BID
98,1712452920.336399,23798161.69822155,14.98,0.0,14.98,BID
99,1712452923.263954,23948948.14681968,14.98,5.074245264436804e-05,14.98,BID
100,1712452950.326682,23948948.14681968,14.98,0.0,14.98,BID
101,1712452956.3039148,23967256.46617731,14.98,6.156411354255558e-06,14.98,BID
102,1712452956.314463,24127853.35376144,14.98,5.4002799649056365e-05,14.98,BID
103,1712452960.2239883,24208694.03606192,14.98,2.718373460057901e-05,14.98,BID
104,1712452962.0741217,24216564.91719995,14.99,2.646686517731768e-06,14.99,BID
105,1712452962.075326,24217232.02860756,14.99,2.243249183130761e-07,14.99,BID
106,1712452964.764228,24223787.99534951,14.99,2.204529389064938e-06,14.99,BID
107,1712452964.769375,24224398.2265211,14.99,2.0519819651975205e-07,14.99,BID
108,1712452964.7713034,24287232.02860756,14.99,2.112868609291028e-05,14.99,BID
109,1712452980.5037358,24287232.02860756,14.99,0.0,14.99,BID
110,1712452992.187403,24324552.33824778,14.98,-1.2528089936169214e-05,14.99,ASK
111,1712452993.4641209,24361718.33824778,14.99,1.2476289587529372e-05,14.99,BID
112,1712452995.4541814,24361718.53616132,14.99,6.643778242673367e-11,14.99,BID
113,1712453004.735728,24383732.88134314,14.99,-7.390016293608484e-06,14.99,ASK
114,1712453007.0644436,24390403.99541919,14.99,2.239432575047624e-06,14.99,BID
115,1712453007.1438153,24391010.99541919,14.99,2.037644024008591e-07,14.99,BID
116,1712453010.51413,24391010.99541919,14.99,0.0,14.99,BID
117,1712453038.973947,24391678.10682679,14.99,2.2382639970271145e-07,14.99,BID
118,1712453040.0974078,24434997.00774991,14.99,1.4534174535521478e-05,14.99,BID
119,1712453040.3137543,24434997.00774991,14.99,0.0,14.99,BID
120,1712453057.7163005,24435664.11915751,14.99,2.237768952332709e-07,14.99,BID
121,1712453059.801885,24438664.11915751,14.99,1.006324697871149e-06,14.99,BID
122,1712453060.367285,24630897.540199,14.99,6.44830797834378e-05,14.99,BID
123,1712453070.3297546,24630897.540199,14.99,0.0,14.99,BID
124,1712453085.6237671,24808404.11211629,14.99,-5.948448781669726e-05,14.99,ASK
125,1712453100.5237672,24808404.11211629,14.99,-0.0,14.99,ASK
126,1712453105.0438747,24830900.57319419,14.99,-7.557716714832301e-06,14.99,ASK
127,1712453105.0455155,24879593.39184828,14.99,-1.6358418693498242e-05,14.99,ASK
128,1712453111.061817,24885841.33852106,14.99,-2.0990061876275454e-06,14.99,ASK
129,1712453122.5739038,24959885.69649406,14.99,-2.487530282890875e-05,14.99,ASK
130,1712453122.6541228,24959885.69649425,14.99,-6.38273336236483e-17,14.99,ASK
131,1712453130.5328405,24959885.69649425,14.99,-0.0,14.99,ASK
132,1712453160.3539422,24959885.69649425,14.99,-0.0,14.99,ASK
133,1712453190.3539648,24959885.69649425,14.99,-0.0,14.99,ASK
134,1712453210.7037292,24993442.74347412,14.98,-1.1264942165165885e-05,14.99,ASK
135,1712453220.531613,24993442.74347412,14.98,-0.0,14.99,ASK
136,1712453250.5336912,24993442.74347412,14.98,-0.0,14.99,ASK
137,1712453263.193671,25003674.27742106,14.99,3.434098117510492e-06,14.99,BID
138,1712453263.2136617,25004757.14954148,14.98,-3.634537235095729e-07,14.99,ASK
139,1712453263.2149096,25005674.27742106,14.99,-3.0782355227695657e-07,14.99,ASK
140,1712453280.524505,25005674.27742106,14.99,-0.0,14.99,ASK
141,1712453310.5429752,25005674.27742106,14.99,-0.0,14.99,ASK
142,1712453330.2441037,25006051.82842106,15.0,1.2671290597681e-07,15.0,BID
143,1712453330.2458816,25079234.21484906,15.0,2.45613250941806e-05,15.0,BID
144,1712453340.313858,25079234.21484906,15.0,0.0,15.0,BID
145,1712453348.5337093,25218452.23916336,15.0,4.670677636113425e-05,15.0,BID
146,1712453369.5552273,25219118.46168169,15.01,2.2351348773685777e-07,15.01,BID
147,1712453369.5570226,25249045.33701816,15.01,1.0040279485451364e-05,15.01,BID
148,1712453370.365697,25249045.33701816,15.01,0.0,15.01,BID
149,1712453374.534893,25318064.72472603,15.01,2.3135799596146105e-05,15.01,BID
150,1712453388.027751,25318730.94724435,15.01,2.233226225587005e-07,15.01,BID
151,1712453396.873777,25320730.94724435,15.01,6.704145129212113e-07,15.01,BID
152,1712453400.4821548,25320730.94724435,15.01,0.0,15.01,BID
153,1712453417.4836645,25627539.94724435,15.0,-0.0001039058179918,15.01,ASK
154,1712453417.5041032,25659703.55626338,15.0,-1.089272513092178e-05,15.01,ASK
155,1712453417.505447,25660711.94724435,15.0,-3.415078753665106e-07,15.01,ASK
156,1712453417.5636332,25660712.54052586,15.0,-2.0092435594292216e-10,15.01,ASK
157,1712453417.6445136,25757847.07184175,14.99,-3.2896176225711634e-05,15.01,ASK
158,1712453417.729964,25807847.07184089,14.99,-1.693330671363641e-05,15.01,ASK
159,1712453417.731103,25809696.33748575,14.99,-6.262836471987173e-07,15.01,ASK
160,1712453417.7480748,25809696.33748661,14.99,-2.914364524869124e-16,15.01,ASK
161,1712453417.823917,26519822.04057513,14.98,-0.0002404955267168,15.01,ASK
162,1712453417.8262813,26561875.44511451,14.98,-1.4242063948602958e-05,15.01,ASK
163,1712453417.828724,26628631.11934681,14.98,-2.260788613341184e-05,15.01,ASK
164,1712453417.8311155,26635306.68677004,14.98,-2.260788613341815e-06,15.01,ASK
165,1712453426.2613163,26701334.48569715,14.97,-2.236137941756609e-05,15.01,ASK
166,1712453426.3477287,26807303.81329118,14.97,-3.588822252836838e-05,15.01,ASK
167,1712453426.3490944,26862728.72947649,14.97,-1.877054210719137e-05,15.01,ASK
168,1712453430.3475173,26862728.72947649,14.97,-0.0,15.01,ASK
169,1712453440.715284,26870684.44233222,14.97,-2.6734112645933672e-06,15.01,ASK
170,1712453449.7939138,26904040.01271247,14.97,-1.1208694834589718e-05,15.01,ASK
171,1712453460.5237064,26904040.01271247,14.97,-0.0,15.01,ASK
172,1712453462.072111,26905553.32990375,14.99,5.084244130537145e-07,15.01,BID
173,1712453483.1439004,26907553.32990373,14.97,-6.719337042855533e-07,15.01,ASK
174,1712453483.146396,26966242.04666775,14.97,-1.9717463427727723e-05,15.01,ASK
175,1712453483.1636517,26966242.04666777,14.97,-6.257870274531309e-18,15.01,ASK
176,1712453490.6130414,26966242.04666777,14.97,-0.0,15.01,ASK
177,1712453514.5739455,26972368.45458445,14.96,-2.0576262532131087e-06,15.01,ASK
178,1712453514.576044,27047897.86634817,14.96,-2.536744249622121e-05,15.01,ASK
179,1712453514.5780334,27054582.35832774,14.96,-2.2450653586266102e-06,15.01,ASK
180,1712453520.335689,27054582.35832774,14.96,-0.0,15.01,ASK
181,1712453528.2879455,27088790.34490492,14.96,-1.1484057806321123e-05,15.01,ASK
182,1712453529.9935706,27096336.01358567,14.96,-2.5331773070482217e-06,15.01,ASK
183,1712453537.4385543,27157809.73261279,14.96,2.0637512274631097e-05,15.01,BID
184,1712453537.9237337,27288806.32331579,14.97,4.397722785204401e-05,15.01,BID
185,1712453546.41384,27392777.71771211,14.97,3.490452443780182e-05,15.01,BID
186,1712453550.3432274,27392777.71771211,14.97,0.0,15.01,BID
187,1712453554.6742196,27594096.98851711,14.97,6.747079655147683e-05,15.01,BID
188,1712453554.6935863,27834777.73948156,14.97,8.066253129790325e-05,15.01,BID
189,1712453554.695072,27896993.07603007,14.97,2.085105066127648e-05,15.01,BID
190,1712453580.493539,27896993.07603007,14.97,0.0,15.01,BID
191,1712453589.0842457,27930326.4093634,15.0,1.114325292836832e-05,15.01,BID
192,1712453592.2195485,27931903.69642964,15.01,5.272832615927238e-07,15.01,BID
193,1712453610.5296094,27931903.69642964,15.01,0.0,15.01,BID
194,1712453617.3539093,27998570.3630963,15.0,2.22826049900263e-05,15.01,BID
195,1712453640.3435478,27998570.3630963,15.0,0.0,15.01,BID
196,1712453656.163967,28042197.94930319,15.0,1.4577171791334848e-05,15.01,BID
197,1712453670.3781004,28042197.94930319,15.0,0.0,15.01,BID
198,1712453677.333508,28057197.94930319,15.0,-5.010815293548238e-06,15.01,ASK
199,1712453700.5336862,28057197.94930319,15.0,-0.0,15.01,ASK
200,1712453730.5435278,28057197.94930319,15.0,-0.0,15.01,ASK
201,1712453741.5507264,28060533.50634122,14.99,1.1164894551770303e-06,15.01,BID
202,1712453758.0135658,28063893.72139498,14.98,-1.1247430734591315e-06,15.01,ASK
203,1712453760.3237572,28063893.72139498,14.98,-0.0,15.01,ASK
204,1712453790.3663018,28063893.72139498,14.98,-0.0,15.01,ASK
205,1712453820.5135715,28063893.72139498,14.98,-0.0,15.01,ASK
206,1712453844.2673988,28073934.49080138,15.0,3.3607689957485907e-06,15.01,BID
207,1712453844.2701333,28076165.70683398,15.0,7.468154442831379e-07,15.01,BID
208,1712453844.3836126,28158437.32258098,15.0,2.753732151804961e-05,15.01,BID
209,1712453850.5280516,28158437.32258098,15.0,0.0,15.01,BID
210,1712453875.2936382,28229320.61426846,15.0,2.371425287894213e-05,15.01,BID
211,1712453880.3435583,28229320.61426846,15.0,0.0,15.01,BID
212,1712453897.943601,28262810.23248681,14.99,1.1200084752968344e-05,15.01,BID
213,1712453897.9637256,28264872.23248681,15.0,6.896040023521587e-07,15.01,BID
214,1712453903.643575,28266933.23248681,15.0,6.89269567821435e-07,15.01,BID
215,1712453910.3236656,28266933.23248681,15.0,0.0,15.01,BID
216,1712453940.5336008,28266933.23248681,15.0,0.0,15.01,BID
217,1712453966.0534654,28335776.5441643,15.0,2.301923984161829e-05,15.01,BID
218,1712453970.5238273,28335776.5441643,15.0,0.0,15.01,BID
219,1712454000.3935454,28335776.5441643,15.0,0.0,15.01,BID
220,1712454030.3536804,28335776.5441643,15.0,0.0,15.01,BID
221,1712454060.5231657,28335776.5441643,15.0,0.0,15.01,BID
222,1712454067.6837647,28336766.5441643,15.0,3.322207982722061e-07,15.01,BID
223,1712454090.5163305,28336766.5441643,15.0,0.0,15.01,BID
224,1712454103.8036263,28337433.5441643,14.99,-2.2382845272184138e-07,15.01,ASK
225,1712454103.8058865,28350175.0331918,14.99,-4.275723799696669e-06,15.01,ASK
226,1712454120.3637085,28350175.0331918,14.99,-0.0,15.01,ASK
227,1712454133.0436487,28377569.01310438,14.98,-9.19211184845862e-06,15.01,ASK
228,1712454133.0459003,28378160.85741021,14.99,-1.9859469392333165e-07,15.01,ASK
229,1712454150.337856,28378160.85741021,14.99,-0.0,15.01,ASK
230,1712454170.203749,28430050.69819617,14.97,-1.740930425597869e-05,15.01,ASK
231,1712454171.2076054,28538234.76486283,15.0,3.6296302006744455e-05,15.01,BID
232,1712454180.513775,28538234.76486283,15.0,0.0,15.01,BID
233,1712454210.5167592,28538234.76486283,15.0,0.0,15.01,BID
234,1712454214.3568046,28587278.21721831,14.97,-1.6441090434707063e-05,15.01,ASK
235,1712454240.315437,28587278.21721831,14.97,-0.0,15.01,ASK
236,1712454270.3130243,28587278.21721831,14.97,-0.0,15.01,ASK
237,1712454300.3534756,28587278.21721831,14.97,-0.0,15.01,ASK
238,1712454313.4837632,28590618.23057837,14.97,-1.1282683779914478e-06,15.01,ASK
239,1712454330.3434725,28590618.23057837,14.97,-0.0,15.01,ASK
240,1712454333.0061817,28630698.39089867,14.97,-1.3538991859775368e-05,15.01,ASK
241,1712454333.009261,28906982.63461371,14.97,-9.33282226605143e-05,15.01,ASK
242,1712454333.3292189,28912337.12414273,14.96,-1.8087350341735047e-06,15.01,ASK
243,1712454333.3320465,28919337.12414271,14.96,-2.364584928323575e-06,15.01,ASK
244,1712454333.454404,28919337.12414273,14.96,-6.291975209568938e-18,15.01,ASK
245,1712454339.363665,28936044.46853332,14.97,5.643704962629293e-06,15.01,BID
246,1712454360.533522,28936044.46853332,14.97,0.0,15.01,BID
247,1712454390.5136223,28936044.46853332,14.97,0.0,15.01,BID
248,1712454402.2135663,28942733.43174402,14.95,-2.255577505254143e-06,15.01,ASK
249,1712454402.2164135,28948591.80615766,14.95,-1.9754956229419248e-06,15.01,ASK
250,1712454420.3470187,28948591.80615766,14.95,-0.0,15.01,ASK
251,1712454440.1143165,28950884.31451886,14.95,-7.730051822852814e-07,15.01,ASK
252,1712454440.1176877,29216862.56813566,14.95,-8.968454462394954e-05,15.01,ASK
253,1712454440.2335489,29216862.56813567,14.95,-3.768364061344517e-18,15.01,ASK
254,1712454450.3539166,29216862.56813567,14.95,-0.0,15.01,ASK
255,1712454480.5434203,29216862.56813567,14.95,-0.0,15.01,ASK
256,1712454510.543394,29216862.56813567,14.95,-0.0,15.01,ASK
257,1712454516.6335638,29259538.35699667,14.95,-1.4370309365296474e-05,15.01,ASK
258,1712454516.6368856,29283752.20024269,14.95,-8.153579058642891e-06,15.01,ASK
259,1712454516.7537904,29284221.51081832,14.94,-1.5803195067307305e-07,15.01,ASK
260,1712454516.7570271,29342932.00831369,14.94,-1.9769710988750845e-05,15.01,ASK
261,1712454516.8162956,29342932.00831388,14.94,-6.397567215872404e-17,15.01,ASK
262,1712454540.364854,29342932.00831388,14.94,-0.0,15.01,ASK
263,1712454570.3536563,29342932.00831388,14.94,-0.0,15.01,ASK
264,1712454571.7262602,29374815.98511957,14.95,-1.072955209209465e-05,15.01,ASK
265,1712454579.196704,29388158.21327167,14.99,4.489908296414832e-06,15.01,BID
266,1712454584.7737138,29405587.13205384,14.99,5.86515581546943e-06,15.01,BID
267,1712454584.78338,29441968.5592303,14.99,1.2243027915040736e-05,15.01,BID
268,1712454584.833663,29588291.6355523,14.99,-4.9240440715418975e-05,15.01,ASK
269,1712454584.8536043,29588291.63555319,14.99,-2.996174685996107e-16,15.01,ASK
270,1712454586.4702675,29605408.36071219,14.99,-5.760096846099362e-06,15.01,ASK
271,1712454586.472684,29605408.36071295,14.99,-2.557404334490401e-16,15.01,ASK
272,1712454587.9736328,29788196.88639809,14.99,6.151174366134392e-05,15.01,BID
273,1712454588.05368,29788196.88639883,14.99,-2.4947228557038713e-16,15.01,ASK
274,1712454588.0568588,29938797.37001083,14.99,-5.067986794298533e-05,15.01,ASK
275,1712454600.3636265,29938797.37001083,14.99,-0.0,15.01,ASK
276,1712454630.3433492,29938797.37001083,14.99,-0.0,15.01,ASK
277,1712454634.6036062,29941657.95166704,14.97,-9.619897484014391e-07,15.01,ASK
278,1712454654.2979617,29964718.00827,14.97,-7.754904671727919e-06,15.01,ASK
279,1712454660.4935143,29964718.00827,14.97,-0.0,15.01,ASK
280,1712454690.523488,29964718.00827,14.97,-0.0,15.01,ASK
281,1712454693.5336783,29978078.06171022,14.97,-4.492288316922203e-06,15.01,ASK
282,1712454703.0437868,29978478.06171022,14.99,1.3449911220858136e-07,15.01,BID
283,1712454720.347479,29978478.06171022,14.99,0.0,15.01,BID
284,1712454736.1689382,29981150.93028927,14.99,8.986838793646415e-07,15.01,BID
285,1712454750.3436515,29981150.93028927,14.99,0.0,15.01,BID
286,1712454780.5197752,29981150.93028927,14.99,0.0,15.01,BID
287,1712454810.5235765,29981150.93028927,14.99,0.0,15.01,BID
288,1712454824.5393448,30021854.99267854,14.99,1.3685518325522492e-05,15.01,BID
289,1712454824.6534717,30181284.35257054,14.99,-5.360333338628314e-05,15.01,ASK
290,1712454824.673298,30181284.35257079,14.99,-8.391863658999602e-17,15.01,ASK
291,1712454840.3370335,30181284.35257079,14.99,-0.0,15.01,ASK
292,1712454849.1838686,30247995.49333129,14.99,2.24070161788834e-05,15.01,BID
293,1712454870.343586,30247995.49333129,14.99,0.0,15.01,BID
294,1712454900.366495,30247995.49333129,14.99,0.0,15.01,BID
295,1712454902.143408,30261337.72148339,14.97,-4.511432327555786e-06,15.01,ASK
296,1712454902.1449716,30327469.98601229,14.97,-2.2361425144959248e-05,15.01,ASK
297,1712454902.1738338,30327469.98601244,14.97,-5.038557245587435e-17,15.01,ASK
298,1712454930.3635871,30327469.98601244,14.97,-0.0,15.01,ASK
299,1712454960.5335376,30327469.98601244,14.97,-0.0,15.01,ASK
300,1712454990.5145056,30327469.98601244,14.97,-0.0,15.01,ASK
301,1712455002.413736,30328024.98601244,14.97,-1.8758771434930733e-07,15.01,ASK
302,1712455020.384458,30328024.98601244,14.97,-0.0,15.01,ASK
303,1712455042.1237228,30328138.4352103,14.97,3.83452539788676e-08,15.01,BID
304,1712455042.1261814,30537858.47941937,14.97,7.088431219832136e-05,15.01,BID
305,1712455050.353658,30537858.47941937,14.97,0.0,15.01,BID
306,1712455057.0716538,30538192.48075537,14.97,1.1277102866068653e-07,15.01,BID
307,1712455080.5237403,30538192.48075537,14.97,0.0,15.01,BID
308,1712455108.533579,30538529.82210474,14.97,1.1389854666912877e-07,15.01,BID
309,1712455110.513416,30538529.82210474,14.97,0.0,15.01,BID
310,1712455136.8538475,30578580.18462401,14.96,-1.352241673040594e-05,15.01,ASK
311,1712455136.8637197,30585852.74478374,14.96,-2.455473134095281e-06,15.01,ASK
312,1712455136.8767283,30585852.74478443,14.96,-2.3269106863043955e-16,15.01,ASK
313,1712455140.3536458,30585852.74478443,14.96,-0.0,15.01,ASK
314,1712455170.4997256,30585852.74478443,14.96,-0.0,15.01,ASK
315,1712455178.8737483,30592627.36549546,14.96,-2.2868045787692463e-06,15.01,ASK
316,1712455200.653821,30592627.36549546,14.96,-0.0,15.01,ASK
317,1712455211.330526,30595302.95077975,14.95,-9.048755158471296e-07,15.01,ASK
318,1712455230.5136516,30595302.95077975,14.95,-0.0,15.01,ASK
319,1712455238.7435997,30595703.75238295,14.97,1.3554815591451677e-07,15.01,BID
320,1712455260.353846,30595703.75238295,14.97,0.0,15.01,BID
321,1712455290.3466184,30595703.75238295,14.97,0.0,15.01,BID
322,1712455293.5335872,30596371.75505497,14.95,-2.2591313478587137e-07,15.01,ASK
323,1712455320.5538514,30596371.75505497,14.95,-0.0,15.01,ASK
324,1712455331.1737306,30603060.71826567,14.95,-2.2621459569458243e-06,15.01,ASK
325,1712455331.1767051,30779472.99596597,14.95,-5.9661012952925696e-05,15.01,ASK
326,1712455331.1937065,30870651.95498144,14.95,-3.0835886967560324e-05,15.01,ASK
327,1712455331.1964345,31038491.92905631,14.95,-5.6761938555723694e-05,15.01,ASK
328,1712455350.9929123,31038491.92905631,14.95,-0.0,15.01,ASK
329,1712455380.3639314,31038491.92905631,14.95,-0.0,15.01,ASK
330,1712455410.353946,31038491.92905631,14.95,-0.0,15.01,ASK
331,1712455438.9935813,31040318.41307457,14.95,6.163224394708858e-07,15.01,BID
332,1712455440.5235066,31040318.41307457,14.95,0.0,15.01,BID
333,1712455470.4938,31040318.41307457,14.95,0.0,15.01,BID
334,1712455500.343593,31040318.41307457,14.95,0.0,15.01,BID
335,1712455512.4037485,31040652.85900247,14.97,1.1296540742462693e-07,15.01,BID
336,1712455530.3237748,31040652.85900247,14.97,0.0,15.01,BID
337,1712455537.6938488,31042170.85658956,14.95,-5.127313912358987e-07,15.01,ASK
338,1712455537.697486,31060050.85231351,14.95,-6.039294897969542e-06,15.01,ASK
339,1712455551.1542668,31062665.79215308,14.96,8.83243658187521e-07,15.01,BID
340,1712455560.5237062,31062665.79215308,14.96,0.0,15.01,BID
341,1712455582.6137536,31069350.28413168,14.96,2.2575582058377995e-06,15.01,BID
342,1712455590.5036547,31069350.28413168,14.96,0.0,15.01,BID
343,1712455606.7655294,31118663.15278068,14.95,-1.665390756870838e-05,15.01,ASK
344,1712455606.767428,31118663.15278096,14.95,-9.435768288818583e-17,15.01,ASK
345,1712455618.9339554,31160672.35124825,14.94,-1.4187317174538364e-05,15.01,ASK
346,1712455618.9376273,31161341.69529108,14.94,-2.2605040279247242e-07,15.01,ASK
347,1712455620.339878,31161341.69529108,14.94,-0.0,15.01,ASK
348,1712455630.5238628,31161676.14345161,14.95,1.1289717978059977e-07,15.01,BID
349,1712455634.2140188,31319666.94498432,14.94,-5.333178061466932e-05,15.01,ASK
350,1712455634.2179508,31326360.3854127,14.94,-2.2594549367470955e-06,15.01,ASK
351,1712455634.2211351,31328716.85127615,14.94,-7.954546672106386e-07,15.01,ASK
352,1712455634.2241323,31403255.17066503,14.94,-2.516134647377366e-05,15.01,ASK
353,1712455634.4337497,31437457.31256596,14.94,1.154536283578856e-05,15.01,BID
354,1712455634.4743986,31541875.31256596,14.94,3.524760817843897e-05,15.01,BID
355,1712455650.343719,31541875.31256596,14.94,0.0,15.01,BID
356,1712455680.5350804,31541875.31256596,14.94,0.0,15.01,BID
357,1712455706.6737876,31646962.31256596,14.94,3.540549077141066e-05,15.01,BID
358,1712455710.5736809,31646962.31256596,14.94,0.0,15.01,BID
359,1712455740.3827198,31646962.31256596,14.94,0.0,15.01,BID
360,1712455753.0937011,31856202.35274005,14.94,7.045904566415666e-05,15.01,BID
361,1712455755.8337371,32190874.37415905,14.94,0.0001126967439886,15.01,BID
362,1712455766.1539493,32394883.41332879,14.94,6.869756952255368e-05,15.01,BID
363,1712455767.0039432,32395553.20569315,14.93,-2.255444548130698e-07,15.01,ASK
364,1712455767.0079637,32431705.75247442,14.93,-1.217393163573075e-05,15.01,ASK
365,1712455770.3519523,32431705.75247442,14.93,-0.0,15.01,ASK
366,1712455780.713768,32445101.59976177,14.93,-4.49315097482861e-06,15.01,ASK
367,1712455798.1938624,32644010.41295226,14.94,6.671674502686057e-05,15.01,BID
368,1712455800.3800762,32644010.41295226,14.94,0.0,15.01,BID
369,1712455805.0669563,32837946.50581299,14.94,6.520681327212782e-05,15.01,BID
370,1712455805.8544693,33037411.03057931,14.94,6.706562883161273e-05,15.01,BID
371,1712455805.9299288,33062510.79066769,14.94,8.439251018806203e-06,15.01,BID
372,1712455805.946408,33128539.18287631,14.94,2.2200617625612337e-05,15.01,BID
373,1712455806.6062992,33140465.86516623,14.94,4.010088754304693e-06,15.01,BID
374,1712455807.1414227,33147158.86516623,14.94,2.250376372920725e-06,15.01,BID
375,1712455807.2952392,33152056.86516623,14.94,1.6468464775983432e-06,15.01,BID
376,1712455807.757748,33173798.99331847,14.94,7.310319959781203e-06,15.01,BID
377,1712455807.7609906,33175441.44453163,14.95,5.522386678284221e-07,15.01,BID
378,1712455807.764074,33187032.44453163,14.96,3.897222850519068e-06,15.01,BID
379,1712455808.121113,33197315.86516623,14.96,3.4575775928438296e-06,15.01,BID
380,1712455810.5681987,33228980.80626383,14.96,1.0646651022855304e-05,15.01,BID
381,1712455812.9136963,33233043.80626383,14.96,1.3660958020584052e-06,15.01,BID
382,1712455830.3660486,33233043.80626383,14.96,0.0,15.01,BID
383,1712455832.53375,33234306.26545258,14.94,-4.2322215233463283e-07,15.01,ASK
384,1712455860.513787,33234306.26545258,14.94,-0.0,15.01,ASK
385,1712455871.2639012,33246497.46416503,14.96,4.0869065559270055e-06,15.01,BID
386,1712455880.6016,33246831.46550103,14.97,1.1196866542716066e-07,15.01,BID
387,1712455890.5239806,33246831.46550103,14.97,0.0,15.01,BID
388,1712455920.3582952,33246831.46550103,14.97,0.0,15.01,BID
389,1712455947.334223,33258335.13590103,14.96,-3.856181331908332e-06,15.01,ASK
390,1712455947.3383124,33288832.80969703,14.96,-1.0223220613026816e-05,15.01,ASK
391,1712455947.3937645,33288832.80969782,14.96,-2.659872030701262e-16,15.01,ASK
392,1712455950.4121866,33288832.80969782,14.96,-0.0,15.01,ASK
393,1712455964.4038918,33289197.2051554,14.97,1.221244181579876e-07,15.01,BID
394,1712455965.283836,33289561.60061298,14.97,1.2212441815923613e-07,15.01,BID
395,1712455980.384035,33429223.57122086,14.97,4.6806667165117225e-05,15.01,BID
396,1712455980.5335796,33429223.57122086,14.97,0.0,15.01,BID
397,1712455991.9862962,33554912.36213602,14.97,4.209401126165763e-05,15.01,BID
398,1712456010.5145106,33554912.36213602,14.97,0.0,15.01,BID
399,1712456040.3656497,33554912.36213602,14.97,0.0,15.01,BID
400,1712456070.343713,33554912.36213602,14.97,0.0,15.01,BID
401,1712456100.4021184,33554912.36213602,14.97,0.0,15.01,BID
402,1712456116.433931,33607368.27464702,14.95,-1.7722491507343605e-05,15.01,ASK
403,1712456116.4437037,33607368.27464799,14.95,-3.2723805295332274e-16,15.01,ASK
404,1712456130.5238469,33607368.27464799,14.95,-0.0,15.01,ASK
405,1712456160.3566873,33607368.27464799,14.95,-0.0,15.01,ASK
406,1712456186.553738,33608702.4974632,14.95,4.506544270735425e-07,15.01,BID
407,1712456190.3705933,33608702.4974632,14.95,0.0,15.01,BID
408,1712456200.5538592,33648702.4974632,14.95,1.3510528699420507e-05,15.01,BID
409,1712456220.113967,33655391.4606739,14.95,2.2592857356889136e-06,15.01,BID
410,1712456220.4937243,33655391.4606739,14.95,0.0,15.01,BID
411,1712456234.6841247,33666227.17973744,14.95,3.6590446829592e-06,15.01,BID
412,1712456250.5140069,33666227.17973744,14.95,0.0,15.01,BID
413,1712456263.9738567,33668902.76502172,14.95,9.034518646900272e-07,15.01,BID
414,1712456280.3818672,33668902.76502172,14.95,0.0,15.01,BID
415,1712456284.4539435,33702347.58107523,14.94,-1.1292995778600412e-05,15.01,ASK
416,1712456309.0436783,33845219.17870186,14.94,-4.824210563149914e-05,15.01,ASK
417,1712456310.382676,33845219.17870186,14.94,-0.0,15.01,ASK
418,1712456340.4935927,33845219.17870186,14.94,-0.0,15.01,ASK
419,1712456356.5896025,33912108.81080888,14.95,2.2565920199849023e-05,15.01,BID
420,1712456361.9839509,33926556.28595476,14.95,4.87400753990597e-06,15.01,BID
421,1712456362.1438482,33952515.49709776,14.95,-8.757612632205512e-06,15.01,ASK
422,1712456362.1480677,33952515.49709784,14.95,-2.764884812284554e-17,15.01,ASK
423,1712456370.5237918,33952515.49709784,14.95,-0.0,15.01,ASK
424,1712456400.4008968,33952515.49709784,14.95,-0.0,15.01,ASK
425,1712456430.4198148,33952515.49709784,14.95,-0.0,15.01,ASK
426,1712456439.4240143,34117192.60663359,14.96,5.56109180076112e-05,15.01,BID
427,1712456439.427906,34326114.34346138,14.96,7.055218305380821e-05,15.01,BID
428,1712456460.3254964,34329014.57547994,14.96,-9.79398809232734e-07,15.01,ASK
429,1712456460.5137346,34329014.57547994,14.96,-0.0,15.01,ASK
430,1712456466.2338583,34332390.67271154,14.96,-1.1379325192100926e-06,15.01,ASK
431,1712456490.5243871,34332390.67271154,14.96,-0.0,15.01,ASK
432,1712456520.3743873,34332390.67271154,14.96,-0.0,15.01,ASK
433,1712456521.5239153,34332925.07484914,14.97,1.801201733766354e-07,15.01,BID
434,1712456524.013816,34333459.47698674,14.97,1.801201733741242e-07,15.01,BID
435,1712456550.4006755,34333459.47698674,14.97,0.0,15.01,BID
436,1712456562.1639771,34356171.5678351,14.97,7.655066086297061e-06,15.01,BID
437,1712456569.8140116,34391013.79935794,14.97,1.1743506429339962e-05,15.01,BID
438,1712456580.513708,34391013.79935794,14.97,0.0,15.01,BID
439,1712456610.5039704,34391013.79935794,14.97,0.0,15.01,BID
440,1712456628.4742577,34400983.14169234,14.97,3.359171969158341e-06,15.01,BID
441,1712456628.478668,34405274.72608383,14.97,1.4460502516228594e-06,15.01,BID
442,1712456628.482397,34410325.0886031,14.97,1.701720699297383e-06,15.01,BID
443,1712456628.4857907,34411053.87951826,14.97,2.455662501567989e-07,15.01,BID
444,1712456629.2138422,34417733.90623836,14.97,2.2508363900759503e-06,15.01,BID
445,1712456640.3657002,34417733.90623836,14.97,0.0,15.01,BID
446,1712456670.3347764,34417733.90623836,14.97,0.0,15.01,BID
447,1712456700.3891947,34417733.90623836,14.97,0.0,15.01,BID
448,1712456730.364212,34417733.90623836,14.97,0.0,15.01,BID
449,1712456739.5472162,34418401.90891037,14.97,2.266986738468621e-07,15.01,BID
450,1712456760.5240936,34418401.90891037,14.97,0.0,15.01,BID
451,1712456790.5040293,34418401.90891037,14.97,0.0,15.01,BID
452,1712456806.1942809,34575876.56312029,14.97,5.344166366126304e-05,15.01,BID
453,1712456806.1990206,34654557.01025528,14.97,2.670152865933949e-05,15.01,BID
454,1712456820.3599565,34654557.01025528,14.97,0.0,15.01,BID
455,1712456850.35353,34654557.01025528,14.97,0.0,15.01,BID
456,1712456880.5440843,34654557.01025528,14.97,0.0,15.01,BID
457,1712456910.57434,34654557.01025528,14.97,0.0,15.01,BID
458,1712456940.3540092,34654557.01025528,14.97,0.0,15.01,BID
459,1712456950.264081,34722785.77876928,14.97,2.3126830051232512e-05,15.01,BID
460,1712456970.3548486,34722785.77876928,14.97,0.0,15.01,BID
461,1712456988.2941916,34722785.77876949,14.97,7.321268944948111e-17,15.01,BID
462,1712456991.144286,34729465.80548938,14.97,-2.263478874613752e-06,15.01,ASK
463,1712456991.2862132,34729465.80548976,14.97,1.2875335041115648e-16,15.01,BID
464,1712456991.2906404,34807471.34603876,14.97,2.643161480323693e-05,15.01,BID
465,1712456992.3441122,34814146.91346199,14.98,2.261967874103469e-06,15.01,BID
466,1712457000.4367175,34814146.91346199,14.98,0.0,15.01,BID
467,1712457030.3745651,34814146.91346199,14.98,0.0,15.01,BID
468,1712457060.5337896,34814146.91346199,14.98,0.0,15.01,BID
469,1712457063.1241667,34880902.58769429,14.98,2.282517884150118e-05,15.01,BID
470,1712457078.6241646,34887569.25436095,14.98,2.2794745269708493e-06,15.01,BID
471,1712457090.5138807,34887569.25436095,14.98,0.0,15.01,BID
472,1712457109.8840814,34892569.25436095,14.97,-1.7089632093524997e-06,15.01,ASK
473,1712457120.3798754,34892569.25436095,14.97,-0.0,15.01,ASK
474,1712457130.624781,34938189.06744506,14.98,1.5592117539718754e-05,15.01,BID
475,1712457140.4740431,34954918.78707122,14.98,5.717948785468771e-06,15.01,BID
476,1712457146.435406,34956598.81379132,14.97,-5.742060810586251e-07,15.01,ASK
477,1712457147.2339983,34957598.81379132,14.97,3.417838979517759e-07,15.01,BID
478,1712457150.4135718,34957598.81379132,14.97,0.0,15.01,BID
479,1712457150.6203258,35007893.05663232,14.96,-1.7184041156808603e-05,15.01,ASK
480,1712457150.914594,35355875.01194132,14.96,-0.0001188950445235,15.01,ASK
481,1712457151.0029416,35450329.51653711,14.96,-3.227228411711697e-05,15.01,ASK
482,1712457151.0743787,35577723.63817762,14.96,-4.352676779182995e-05,15.01,ASK
483,1712457151.0801451,35591092.62213484,14.96,-4.567782663950849e-06,15.01,ASK
484,1712457165.0639665,35657937.54192093,14.96,-2.2838913319744063e-05,15.01,ASK
485,1712457180.4938502,35657937.54192093,14.96,-0.0,15.01,ASK
486,1712457183.5394886,35688795.06031557,14.95,-1.0505486229929565e-05,15.01,ASK
487,1712457183.541996,35742939.55997193,14.95,-1.843357227537319e-05,15.01,ASK
488,1712457190.0741465,35742939.55997209,14.95,-5.580433782874205e-17,15.01,ASK
489,1712457191.7640562,35743608.45629316,14.95,2.2772670829637305e-07,15.01,BID
490,1712457197.4885592,35758694.57669449,14.95,5.136091247271401e-06,15.01,BID
491,1712457206.4939537,35779201.78128617,14.95,6.981707106093664e-06,15.01,BID
492,1712457210.5270593,35779201.78128617,14.95,0.0,15.01,BID
493,1712457240.354103,35779201.78128617,14.95,0.0,15.01,BID
494,1712457270.386508,35779201.78128617,14.95,0.0,15.01,BID
495,1712457300.5139291,35779201.78128617,14.95,0.0,15.01,BID
496,1712457306.6640742,35792561.83472638,14.97,4.570120652009376e-06,15.01,BID
497,1712457330.5294118,35792561.83472638,14.97,0.0,15.01,BID
498,1712457360.3735735,35792561.83472638,14.97,0.0,15.01,BID
499,1712457378.9511964,35794573.90716098,14.94,-6.88229636908271e-07,15.01,ASK
500,1712457389.5645354,35826457.88396667,14.94,-1.0905918396763174e-05,15.01,ASK
501,1712457390.372669,35826457.88396667,14.94,-0.0,15.01,ASK
502,1712457392.3557029,35979791.58833407,14.94,-5.243873018526763e-05,15.01,ASK
503,1712457392.361088,36166079.36226318,14.94,-6.370872179854396e-05,15.01,ASK
504,1712457392.3657453,36360132.937885,14.94,-6.636455523918482e-05,15.01,ASK
505,1712457420.5868108,36360132.937885,14.94,-0.0,15.01,ASK
506,1712457450.5059526,36360132.937885,14.94,-0.0,15.01,ASK
507,1712457480.360253,36360132.937885,14.94,-0.0,15.01,ASK
508,1712457489.6741698,36419398.73938786,14.94,-2.0213248207100893e-05,15.01,ASK
509,1712457510.4088264,36419398.73938786,14.94,-0.0,15.01,ASK
510,1712457516.3338015,36439104.06469699,14.94,-6.71868723764813e-06,15.01,ASK
511,1712457540.513934,36439104.06469699,14.94,-0.0,15.01,ASK
512,1712457570.5138974,36439104.06469699,14.94,-0.0,15.01,ASK
513,1712457584.164969,36445784.09141709,14.97,2.2773795910526246e-06,15.01,BID
514,1712457600.419454,36445784.09141709,14.97,0.0,15.01,BID
515,1712457615.0275712,36447119.20490173,14.98,4.555218727062718e-07,15.01,BID
516,1712457630.3771336,36447119.20490173,14.98,0.0,15.01,BID
517,1712457631.5842626,36480564.02095524,14.95,-1.141082122131932e-05,15.01,ASK
518,1712457631.589659,36548868.50256059,14.95,-2.330436582358665e-05,15.01,ASK
519,1712457631.664096,36638081.26097559,14.95,3.043792602433739e-05,15.01,BID
520,1712457631.6698613,36638081.2609763,14.95,2.4149147927134825e-16,15.01,BID
521,1712457660.5163662,36638081.2609763,14.95,0.0,15.01,BID
522,1712457666.150342,36709016.94764585,14.95,-2.417853887924678e-05,15.01,ASK
523,1712457666.1527555,36718546.26429391,14.95,-3.2480823670751847e-06,15.01,ASK
524,1712457690.524074,36718546.26429391,14.95,-0.0,15.01,ASK
525,1712457704.8937497,36778895.01678212,14.95,-2.0561535129870807e-05,15.01,ASK
526,1712457720.5065324,36778895.01678212,14.95,-0.0,15.01,ASK
527,1712457734.8638325,36838975.12359119,14.98,2.0463713921106765e-05,15.01,BID
528,1712457750.3583174,36838975.12359119,14.98,0.0,15.01,BID
529,1712457780.5038884,36838975.12359119,14.98,0.0,15.01,BID
530,1712457810.5336957,36838975.12359119,14.98,0.0,15.01,BID
531,1712457822.0739117,36839975.12359119,14.97,-3.405027695769391e-07,15.01,ASK
532,1712457828.3739913,36852326.25843719,14.97,4.205595622479338e-06,15.01,BID
533,1712457838.0766234,36852326.25843766,14.97,1.623643730053611e-16,15.01,BID
534,1712457840.3694248,36852326.25843766,14.97,0.0,15.01,BID
535,1712457846.3745558,36859006.28515729,14.97,-2.274412813506502e-06,15.01,ASK
536,1712457870.3839335,36859006.28515729,14.97,-0.0,15.01,ASK
537,1712457900.403659,36859006.28515729,14.97,-0.0,15.01,ASK
538,1712457930.3835168,36859006.28515729,14.97,-0.0,15.01,ASK
539,1712457944.120144,36859783.28515729,14.97,2.647203308559215e-07,15.01,BID
540,1712457960.5338185,36859783.28515729,14.97,0.0,15.01,BID
541,1712457986.3599298,36867981.65589877,14.97,2.7931361836461096e-06,15.01,BID
542,1712457990.523909,36867981.65589877,14.97,0.0,15.01,BID
543,1712458020.3799229,36867981.65589877,14.97,0.0,15.01,BID
544,1712458042.7539978,36871321.66925882,14.97,1.13787512175197e-06,15.01,BID
545,1712458050.372823,36871321.66925882,14.97,0.0,15.01,BID
546,1712458080.4154327,36871321.66925882,14.97,0.0,15.01,BID
547,1712458095.8337874,36913904.01671443,14.97,1.4506698995443922e-05,15.01,BID
548,1712458110.405579,36913904.01671443,14.97,0.0,15.01,BID
549,1712458140.5438876,36913904.01671443,14.97,0.0,15.01,BID
550,1712458170.5195253,36913904.01671443,14.97,0.0,15.01,BID
551,1712458172.9543693,36930271.5851847,14.97,-5.574794506949162e-06,15.01,ASK
552,1712458172.9594882,36941820.37203269,14.94,-3.93351728444126e-06,15.01,ASK
553,1712458172.9634233,36955189.3559899,14.96,-4.5534764961305904e-06,15.01,ASK
554,1712458172.967311,37080562.56908275,14.97,-4.270212163389677e-05,15.01,ASK
555,1712458172.9712749,37114007.38513626,14.96,-1.13913057495193e-05,15.01,ASK
556,1712458172.9735992,37378577.4765351,14.95,-9.011258421874706e-05,15.01,ASK
557,1712458200.42318,37378577.4765351,14.95,-0.0,15.01,ASK
558,1712458230.3575678,37378577.4765351,14.95,-0.0,15.01,ASK
559,1712458260.519704,37378577.4765351,14.95,-0.0,15.01,ASK
560,1712458290.517168,37378577.4765351,14.95,-0.0,15.01,ASK
561,1712458303.989084,37385343.37639978,14.94,-2.3017797649465733e-06,15.01,ASK
562,1712458320.457904,37385343.37639978,14.94,-0.0,15.01,ASK
563,1712458341.9741116,37405343.37639978,14.95,6.803827011167617e-06,15.01,BID
564,1712458350.399578,37405343.37639978,14.95,0.0,15.01,BID
565,1712458380.5237107,37405343.37639978,14.95,0.0,15.01,BID
566,1712458410.5236835,37405343.37639978,14.95,0.0,15.01,BID
567,1712458417.0989912,37474770.88367014,14.96,2.361623528655087e-05,15.01,BID
568,1712458440.3574913,37474770.88367014,14.96,0.0,15.01,BID
569,1712458455.2641454,37493719.4620125,14.97,6.443210461447822e-06,15.01,BID
570,1712458455.269692,37513395.11532378,14.98,6.690442573607034e-06,15.01,BID
571,1712458455.275052,37541558.00748222,14.97,9.576414552125398e-06,15.01,BID
572,1712458470.3974397,37541558.00748222,14.97,0.0,15.01,BID
573,1712458493.533738,37567532.03345625,14.95,-8.829117678150781e-06,15.01,ASK
574,1712458499.1939702,37659394.03345625,14.96,3.122582571378384e-05,15.01,BID
575,1712458499.199281,37685596.38137581,14.97,8.906729109187012e-06,15.01,BID
576,1712458500.5137763,37685596.38137581,14.97,0.0,15.01,BID
577,1712458528.19389,37687600.38939184,14.97,6.810530870808846e-07,15.01,BID
578,1712458530.5237584,37687600.38939184,14.97,0.0,15.01,BID
579,1712458560.376804,37687600.38939184,14.97,0.0,15.01,BID
580,1712458590.3802223,37687600.38939184,14.97,0.0,15.01,BID
581,1712458620.5258975,37687600.38939184,14.97,0.0,15.01,BID
582,1712458650.5240808,37687600.38939184,14.97,0.0,15.01,BID
583,1712458671.2740154,37691986.38939184,14.97,1.4905471244602737e-06,15.01,BID
584,1712458671.2790277,37720313.59766953,14.98,9.626775841836357e-06,15.01,BID
585,1712458671.2839077,37720981.60034155,14.97,2.270153811940854e-07,15.01,BID
586,1712458680.4321456,37720981.60034155,14.97,0.0,15.01,BID
587,1712458708.4940865,37721481.60034155,14.96,-1.698921445750922e-07,15.01,ASK
588,1712458710.395068,37721481.60034155,14.96,-0.0,15.01,ASK
589,1712458714.8738904,37764824.65515438,14.96,-1.472725163858994e-05,15.01,ASK
590,1712458734.8238552,37797782.40100338,14.96,1.1198495783351392e-05,15.01,BID
591,1712458734.8336978,37811005.45501156,14.96,4.492974587279919e-06,15.01,BID
592,1712458740.5734036,37811005.45501156,14.96,0.0,15.01,BID
593,1712458770.5337362,37811005.45501156,14.96,0.0,15.01,BID
594,1712458800.4492433,37811005.45501156,14.96,0.0,15.01,BID
595,1712458802.8168206,37811502.45501156,14.97,1.6984706720084324e-07,15.01,BID
596,1712458802.82014,37851196.00305715,14.97,1.3565055779354754e-05,15.01,BID
597,1712458802.8236363,37859870.90806657,14.97,2.9646019599510545e-06,15.01,BID
598,1712458811.2102995,37925660.38175078,14.97,-2.248319750090452e-05,15.01,ASK
599,1712458811.2941096,37978829.08560608,14.97,-1.817011753861947e-05,15.01,ASK
600,1712458830.4214375,37978829.08560608,14.97,-0.0,15.01,ASK
601,1712458834.5440412,38013741.0000477,14.97,-1.1920723510382952e-05,15.01,ASK
602,1712458842.7384217,38020891.32189975,14.95,-2.441487703319491e-06,15.01,ASK
603,1712458842.7416449,38144154.70265334,14.94,-4.208845903812997e-05,15.01,ASK
604,1712458842.7445755,38280857.6487841,14.97,-4.667741800882361e-05,15.01,ASK
605,1712458842.7474744,38347747.28089112,14.95,-2.28395613019874e-05,15.01,ASK
606,1712458860.5138607,38347747.28089112,14.95,-0.0,15.01,ASK
607,1712458890.5237134,38347747.28089112,14.95,-0.0,15.01,ASK
608,1712458920.4048684,38347747.28089112,14.95,-0.0,15.01,ASK
609,1712458921.2740374,38351123.37812272,14.95,-1.150605562838036e-06,15.01,ASK
610,1712458950.4419212,38351123.37812272,14.95,-0.0,15.01,ASK
611,1712458980.5439343,38351123.37812272,14.95,-0.0,15.01,ASK
612,1712458981.651297,38378002.80863081,14.98,9.16060413932887e-06,15.01,BID
613,1712458981.6541002,38391692.06897973,14.98,4.665347912744916e-06,15.01,BID
614,1712458981.6567936,38831420.50236691,14.98,0.0001498609915062,15.01,BID
615,1712458982.4208298,38869117.97704045,14.98,-1.284743151208908e-05,15.01,ASK
616,1712459010.5357738,38869117.97704045,14.98,-0.0,15.01,ASK
617,1712459040.4343567,38869117.97704045,14.98,-0.0,15.01,ASK
618,1712459070.424818,38869117.97704045,14.98,-0.0,15.01,ASK
619,1712459100.504095,38869117.97704045,14.98,-0.0,15.01,ASK
620,1712459124.8844204,38872121.9823809,14.98,-1.0232130216267204e-06,15.01,ASK
621,1712459130.514813,38872121.9823809,14.98,-0.0,15.01,ASK
622,1712459160.3997073,38872121.9823809,14.98,-0.0,15.01,ASK
623,1712459190.3572302,38872121.9823809,14.98,-0.0,15.01,ASK
624,1712459219.223955,38917383.54674706,14.98,-1.5416587835133078e-05,15.01,ASK
625,1712459220.395323,38917383.54674706,14.98,-0.0,15.01,ASK
626,1712459250.3674588,38917383.54674706,14.98,-0.0,15.01,ASK
627,1712459255.844101,38950271.62585022,14.98,-1.1199455928194423e-05,15.01,ASK
628,1712459280.5144014,38950271.62585022,14.98,-0.0,15.01,ASK
629,1712459282.331817,38951048.62585022,14.98,-2.6454927822895655e-07,15.01,ASK
630,1712459310.507228,38951048.62585022,14.98,-0.0,15.01,ASK
631,1712459340.361742,38951048.62585022,14.98,-0.0,15.01,ASK
632,1712459370.3931038,38951048.62585022,14.98,-0.0,15.01,ASK
633,1712459400.4027402,38951048.62585022,14.98,-0.0,15.01,ASK
634,1712459400.9742818,38962853.01265125,14.96,-4.02621941724134e-06,15.01,ASK
635,1712459404.8140888,38983947.83076868,14.96,-7.194983334517028e-06,15.01,ASK
636,1712459414.544179,38997694.37104602,14.98,4.688645697352141e-06,15.01,BID
637,1712459414.556043,39041194.33399488,14.98,1.4836890592126308e-05,15.01,BID
638,1712459422.364852,39041804.56516648,14.99,2.081365710491833e-07,15.01,BID
639,1712459422.370752,39043824.39071314,14.99,6.889185327859085e-07,15.01,BID
640,1712459422.3761334,39062030.75336602,15.0,6.209794042329996e-06,15.01,BID
641,1712459422.3789525,39062529.75336602,14.99,1.70198039344888e-07,15.01,BID
642,1712459422.48447,39256808.71742953,14.98,-6.626432619151382e-05,15.01,ASK
643,1712459430.386109,39256808.71742953,14.98,-0.0,15.01,ASK
644,1712459460.5048423,39256808.71742953,14.98,-0.0,15.01,ASK
645,1712459490.5278487,39256808.71742953,14.98,-0.0,15.01,ASK
646,1712459520.3478308,39256808.71742953,14.98,-0.0,15.01,ASK
647,1712459550.409714,39256808.71742953,14.98,-0.0,15.01,ASK
648,1712459552.9441895,39257588.44197746,15.0,2.6553227244390255e-07,15.01,BID
649,1712459580.5240464,39257588.44197746,15.0,0.0,15.01,BID
650,1712459610.5239587,39257588.44197746,15.0,0.0,15.01,BID
651,1712459640.3955843,39257588.44197746,15.0,0.0,15.01,BID
652,1712459670.3779044,39257588.44197746,15.0,0.0,15.01,BID
653,1712459688.0635955,39324255.10864412,15.0,2.2702993045613924e-05,15.01,BID
654,1712459700.3936996,39324255.10864412,15.0,0.0,15.01,BID
655,1712459730.373999,39324255.10864412,15.0,0.0,15.01,BID
656,1712459760.5267265,39324255.10864412,15.0,0.0,15.01,BID
657,1712459777.5641742,39324685.10244009,15.0,1.4703384802365225e-07,15.01,BID
658,1712459790.503834,39324685.10244009,15.0,0.0,15.01,BID
659,1712459820.3752697,39324685.10244009,15.0,0.0,15.01,BID
660,1712459850.3755095,39324685.10244009,15.0,0.0,15.01,BID
661,1712459862.4041142,39326685.10244009,15.0,6.83886721708981e-07,15.01,BID
662,1712459867.5263698,39328018.43577342,15.0,4.559244811376223e-07,15.01,BID
663,1712459880.5238683,39328018.43577342,15.0,0.0,15.01,BID
664,1712459910.5290115,39328018.43577342,15.0,0.0,15.01,BID
665,1712459940.3809185,39328018.43577342,15.0,0.0,15.01,BID
666,1712459970.368961,39328018.43577342,15.0,0.0,15.01,BID
667,1712459977.5249877,39328448.42956939,15.0,1.470310099287439e-07,15.01,BID
668,1712460000.4110174,39328448.42956939,15.0,0.0,15.01,BID
669,1712460011.414057,39335115.09623605,15.0,2.2998996357161374e-06,15.01,BID
670,1712460014.5639098,39401781.76290271,15.0,2.299899635719222e-05,15.01,BID
671,1712460030.3754597,39401781.76290271,15.0,0.0,15.01,BID
672,1712460053.9337907,39451094.63155199,14.97,-1.700574389822296e-05,15.01,ASK
673,1712460060.5339477,39451094.63155199,14.97,-0.0,15.01,ASK
674,1712460090.5141122,39451094.63155199,14.97,-0.0,15.01,ASK
675,1712460120.4308355,39451094.63155199,14.97,-0.0,15.01,ASK
676,1712460122.1643665,39493662.63155199,14.98,1.4676012272267544e-05,15.01,BID
677,1712460131.8640025,39544919.94767553,14.98,1.7671795726194463e-05,15.01,BID
678,1712460131.984298,39568722.94767553,14.98,8.20647247032476e-06,15.01,BID
679,1712460132.083996,39618122.14660721,14.98,1.703117951892287e-05,15.01,BID
680,1712460150.3980422,39618122.14660721,14.98,0.0,15.01,BID
681,1712460178.784126,39653444.42972341,14.98,1.2167437202272356e-05,15.01,BID
682,1712460178.7903569,39664608.38425248,14.98,3.845638041420368e-06,15.01,BID
683,1712460180.525697,39664608.38425248,14.98,0.0,15.01,BID
684,1712460210.5138147,39664608.38425248,14.98,0.0,15.01,BID
685,1712460240.3492606,39664608.38425248,14.98,0.0,15.01,BID
686,1712460253.7740445,39665941.71758581,15.0,4.591820669353463e-07,15.01,BID
687,1712460270.406634,39665941.71758581,15.0,0.0,15.01,BID
688,1712460300.5239618,39665941.71758581,15.0,0.0,15.01,BID
689,1712460330.524692,39665941.71758581,15.0,0.0,15.01,BID
690,1712460360.4936955,39665941.71758581,15.0,0.0,15.01,BID
691,1712460390.5337586,39665941.71758581,15.0,0.0,15.01,BID
692,1712460420.3643873,39665941.71758581,15.0,0.0,15.01,BID
693,1712460438.1136594,39666275.60684531,14.99,-1.151295993427546e-07,15.01,ASK
694,1712460450.3622916,39666275.60684531,14.99,-0.0,15.01,ASK
695,1712460480.4938428,39666275.60684531,14.99,-0.0,15.01,ASK
696,1712460510.515299,39666275.60684531,14.99,-0.0,15.01,ASK
697,1712460540.3470986,39666275.60684531,14.99,-0.0,15.01,ASK
698,1712460570.3849592,39666275.60684531,14.99,-0.0,15.01,ASK
699,1712460600.4488845,39666275.60684531,14.99,-0.0,15.01,ASK
700,1712460606.6746445,39732652.85834632,14.99,2.2978258058121475e-05,15.01,BID
701,1712460606.681001,40357040.85834632,15.0,0.000216148579038,15.01,BID
702,1712460606.6860435,40357540.85834632,15.0,1.730883513440763e-07,15.01,BID
703,1712460606.6909387,40401891.43507408,15.0,1.535313641393485e-05,15.01,BID
704,1712460606.694887,40423340.32849373,14.99,7.425107200322571e-06,15.01,BID
705,1712460606.6977258,40678202.55846184,15.0,8.822736641010937e-05,15.01,BID
706,1712460608.603865,40692409.71199444,15.0,-4.918185564500462e-06,15.01,ASK
707,1712460630.352688,40692409.71199444,15.0,-0.0,15.01,ASK
708,1712460636.8436968,40693777.85345098,15.01,4.711086071809716e-07,15.01,BID
709,1712460636.8538592,40702729.10719307,15.01,3.0822928892413346e-06,15.01,BID
710,1712460636.8588016,41271680.27416148,15.01,0.0001959138000999,15.01,BID
711,1712460636.8629775,41358632.23031555,15.01,2.9941213139680134e-05,15.01,BID
712,1712460636.9836593,41384462.48634397,15.01,8.89444280964874e-06,15.01,BID
713,1712460637.0738642,41443565.37158281,15.01,2.035160751266608e-05,15.01,BID
714,1712460660.4941075,41443565.37158281,15.01,0.0,15.01,BID
715,1712460672.8939009,41444231.1505442,15.02,2.2836905860220059e-07,15.02,BID
716,1712460672.9036932,41447486.87828356,15.02,1.1167482333165949e-06,15.02,BID
717,1712460672.9086983,41450223.16119665,15.02,9.385732941057656e-07,15.02,BID
718,1712460690.5237443,41450223.16119665,15.02,0.0,15.02,BID
719,1712460708.69387,41451223.16119665,15.02,3.429985608167258e-07,15.02,BID
720,1712460716.5640423,41493486.09566078,15.02,1.4496125697089655e-05,15.02,BID
721,1712460716.5701072,41517801.05733513,15.02,8.339996860615045e-06,15.02,BID
722,1712460720.3892567,41517801.05733513,15.02,0.0,15.02,BID
723,1712460750.3894668,41517801.05733513,15.02,0.0,15.02,BID
724,1712460770.30408,41560513.80020756,15.02,1.4645310563060057e-05,15.02,BID
725,1712460770.310562,41583165.44571351,15.02,7.766777801879232e-06,15.02,BID
726,1712460780.513937,41583165.44571351,15.02,0.0,15.02,BID
727,1712460781.4738948,41622744.63497134,15.01,-1.356631342413634e-05,15.02,ASK
728,1712460794.1638365,41829273.61565089,15.01,-7.079065881855694e-05,15.02,ASK
729,1712460797.733709,41916054.92640592,15.01,-2.974549209158404e-05,15.02,ASK
730,1712460797.8536592,42029140.37114692,15.01,3.876159708755735e-05,15.02,BID
731,1712460797.863985,42029140.37114722,15.01,1.0470536289563015e-16,15.02,BID
732,1712460810.533707,42029140.37114722,15.01,0.0,15.02,BID
733,1712460813.154184,42054970.62717564,15.0,-8.83340862127305e-06,15.02,ASK
734,1712460813.1604402,42062039.57606568,15.0,-2.4174330289245368e-06,15.02,ASK
735,1712460820.463848,42062488.57606568,15.0,-1.5354863175141214e-07,15.02,ASK
736,1712460840.3802197,42062488.57606568,15.0,-0.0,15.02,ASK
737,1712460845.2057586,43061822.35354735,15.01,-0.0003416928491239,15.02,ASK
738,1712460850.4640274,43062488.57606567,15.01,2.2779523274803441e-07,15.02,BID
739,1712460860.6638317,43063488.57606567,15.01,3.4192064435670774e-07,15.02,BID
740,1712460870.4396522,43063488.57606567,15.01,0.0,15.02,BID
741,1712460896.3636963,43070150.80124888,15.01,2.266309477342114e-06,15.02,BID
742,1712460900.5240135,43070150.80124888,15.01,0.0,15.02,BID
743,1712460930.5138686,43070150.80124888,15.01,0.0,15.02,BID
744,1712460960.3914945,43070150.80124888,15.01,0.0,15.02,BID
745,1712460990.3927908,43070150.80124888,15.01,0.0,15.02,BID
746,1712461020.599342,43070150.80124888,15.01,0.0,15.02,BID
747,1712461020.6841204,43195524.01434173,15.0,-4.336752072758587e-05,15.02,ASK
748,1712461050.5036912,43195524.01434173,15.0,-0.0,15.02,ASK
749,1712461080.3788514,43195524.01434173,15.0,-0.0,15.02,ASK
750,1712461110.403585,43195524.01434173,15.0,-0.0,15.02,ASK
751,1712461120.7739108,43196190.23686005,15.01,2.303014774057595e-07,15.02,BID
752,1712461121.2937963,43222856.90352671,15.0,-9.218200468906116e-06,15.02,ASK
753,1712461127.6839564,43225344.64142263,15.0,-8.599674989513194e-07,15.02,ASK
754,1712461137.044198,43425211.39691896,15.01,6.909044322133895e-05,15.02,BID
755,1712461140.523873,43425211.39691896,15.01,0.0,15.02,BID
756,1712461170.5537872,43425211.39691896,15.01,0.0,15.02,BID
757,1712461200.413058,43425211.39691896,15.01,0.0,15.02,BID
758,1712461215.4539623,43435211.39691896,15.01,3.4583358551139955e-06,15.02,BID
759,1712461230.4375432,43435211.39691896,15.01,0.0,15.02,BID
760,1712461260.4740756,43435211.39691896,15.01,0.0,15.02,BID
761,1712461290.5140707,43435211.39691896,15.01,0.0,15.02,BID
762,1712461320.458524,43435211.39691896,15.01,0.0,15.02,BID
763,1712461350.3675218,43435211.39691896,15.01,0.0,15.02,BID
764,1712461380.51367,43435211.39691896,15.01,0.0,15.02,BID
765,1712461410.5138526,43435211.39691896,15.01,0.0,15.02,BID
766,1712461413.8539312,43443948.0678906,15.01,3.0212774141893693e-06,15.02,BID
767,1712461417.0239484,43445295.77678548,15.01,4.660588064053905e-07,15.02,BID
768,1712461417.027315,43519728.25829113,15.01,2.573991580833257e-05,15.02,BID
769,1712461440.3572743,43519728.25829113,15.01,0.0,15.02,BID
770,1712461444.6341796,43578551.37639309,15.01,-2.033303377771022e-05,15.02,ASK
771,1712461470.374097,43578551.37639309,15.01,-0.0,15.02,ASK
772,1712461500.3840263,43578551.37639309,15.01,-0.0,15.02,ASK
773,1712461530.403229,43578551.37639309,15.01,-0.0,15.02,ASK
774,1712461556.224089,43713270.02558663,15.01,-4.666371357601352e-05,15.02,ASK
775,1712461560.518881,43713270.02558663,15.01,-0.0,15.02,ASK
776,1712461590.514009,43713270.02558663,15.01,-0.0,15.02,ASK
777,1712461598.2240665,43723248.8163521,15.01,-3.4540244822632472e-06,15.02,ASK
778,1712461620.3747044,43723248.8163521,15.01,-0.0,15.02,ASK
779,1712461630.6941502,43726577.71115902,15.02,1.1521925197152586e-06,15.02,BID
780,1712461650.4183416,43726577.71115902,15.02,0.0,15.02,BID
781,1712461673.233896,43826577.71115902,15.02,3.461126431209923e-05,15.02,BID
782,1712461680.524031,43826577.71115902,15.02,0.0,15.02,BID
783,1712461691.0242045,43929640.2943814,15.02,3.565272861605185e-05,15.02,BID
784,1712461691.0303576,43995739.03279393,15.02,2.2865722057445297e-05,15.02,BID
785,1712461701.2447903,43996290.30071013,15.02,-1.9070165715167018e-07,15.02,ASK
786,1712461710.514091,43996290.30071013,15.02,-0.0,15.02,ASK
787,1712461740.3812847,43996290.30071013,15.02,-0.0,15.02,ASK
788,1712461753.4044418,43996955.63670481,15.03,2.299587673490876e-07,15.03,BID
789,1712461753.409294,44006953.17219513,15.03,3.4554284696068523e-06,15.03,BID
790,1712461753.413981,44007456.17219513,15.03,1.7385089774327626e-07,15.03,BID
791,1712461753.5041234,44007456.1721956,15.03,1.6223315686974567e-16,15.03,BID
792,1712461770.438593,44007456.1721956,15.03,0.0,15.03,BID
793,1712461800.4344764,44007456.1721956,15.03,0.0,15.03,BID
794,1712461821.5145066,44010785.06700252,15.02,-1.1504965488089175e-06,15.03,ASK
795,1712461828.4343874,44011129.83405181,15.04,1.1915465142567081e-07,15.04,BID
796,1712461828.4440248,44012261.65583576,15.04,3.911679797140313e-07,15.04,BID
797,1712461830.4042363,44012261.65583576,15.04,0.0,15.04,BID
798,1712461860.5143416,44012261.65583576,15.04,0.0,15.04,BID
799,1712461890.510939,44012261.65583576,15.04,0.0,15.04,BID
800,1712461920.3854487,44012261.65583576,15.04,0.0,15.04,BID
801,1712461950.4011917,44012261.65583576,15.04,0.0,15.04,BID
802,1712461951.614264,44018633.83405181,15.04,2.202228223237478e-06,15.04,BID
803,1712461951.6213708,44018910.59200597,15.04,9.56476980064764e-08,15.04,BID
804,1712461963.7848248,44019298.72766884,15.04,1.3413989411997898e-07,15.04,BID
805,1712461963.7961097,44068560.59200597,15.04,1.702492684515909e-05,15.04,BID
806,1712461963.7991378,44068910.59200597,15.04,1.209601884944144e-07,15.04,BID
807,1712461969.5841317,44069309.52817618,15.04,1.3787255527484325e-07,15.04,BID
808,1712461969.5914955,44135399.95370809,15.04,2.284088665718787e-05,15.04,BID
809,1712461975.6341136,44168055.34143306,15.04,1.1285719584488434e-05,15.04,BID
810,1712461975.7741058,44240795.18866072,15.04,-2.513893037632028e-05,15.04,ASK
811,1712461980.404421,44240795.18866072,15.04,-0.0,15.04,ASK
812,1712462009.924144,44250795.18866072,15.05,3.451904940397917e-06,15.05,BID
813,1712462010.3742497,44250795.18866072,15.05,0.0,15.05,BID
814,1712462018.4146326,44257439.70693314,15.05,2.293505394826683e-06,15.05,BID
815,1712462018.4220066,44324884.88965741,15.05,2.328022651020383e-05,15.05,BID
816,1712462018.4264915,44514884.88965741,15.05,6.558278676509856e-05,15.05,BID
817,1712462018.4296858,44525318.40986946,15.05,3.601364901455264e-06,15.05,BID
818,1712462023.1442938,44525659.09123218,15.05,-1.1759385876842285e-07,15.05,ASK
819,1712462025.2340004,44525997.7366505,15.06,1.168911066231794e-07,15.06,BID
820,1712462027.1129084,44526030.96411926,15.06,1.1469210520223124e-08,15.06,BID
821,1712462027.120753,44530286.66959179,15.06,1.4689527607364638e-06,15.06,BID
822,1712462027.1246183,44530792.66959179,15.06,1.7465731633231517e-07,15.06,BID
823,1712462040.534123,44530792.66959179,15.06,0.0,15.06,BID
824,1712462043.204435,44535997.7366505,15.06,-1.7940367942210652e-06,15.06,ASK
825,1712462043.2117405,44555997.7366505,15.06,-6.8934243266694265e-06,15.06,ASK
826,1712462043.2170606,44565997.7366505,15.06,-3.4467121633347133e-06,15.06,ASK
827,1712462043.364262,44574806.91980468,15.05,-3.0362718726557688e-06,15.06,ASK
828,1712462043.3842092,44583738.71424449,15.05,-3.0785324536115672e-06,15.06,ASK
829,1712462043.5039876,44611018.71424449,15.05,-9.402630781577098e-06,15.06,ASK
830,1712462043.5239458,44651531.64718578,15.05,-1.3963641874110007e-05,15.06,ASK
831,1712462049.1643977,44682796.69195378,15.06,-1.077616100890636e-05,15.06,ASK
832,1712462049.1702783,44682796.69195423,15.06,-1.566480412806701e-16,15.06,ASK
833,1712462054.5543516,44737816.32689023,15.06,-1.8963684495613783e-05,15.06,ASK
834,1712462054.561718,44737816.32689107,15.06,-2.9018407647074953e-16,15.06,ASK
835,1712462062.9759643,44738816.32689107,15.06,3.446712163334714e-07,15.06,BID
836,1712462063.1342385,44751244.4443577,15.06,-4.283614363958124e-06,15.06,ASK
837,1712462063.1545546,44838289.861704,15.06,-3.0002049873003417e-05,15.06,ASK
838,1712462070.5240648,44838289.861704,15.06,-0.0,15.06,ASK
839,1712462090.3449645,44838789.861704,15.07,1.720610253050031e-07,15.07,BID
840,1712462090.3505602,44841631.12252217,15.07,9.777404990660154e-07,15.07,BID
841,1712462090.3560205,44848631.12252217,15.08,2.408854354270044e-06,15.08,BID
842,1712462090.3591547,44886629.68472146,15.07,1.3076143144253114e-05,15.08,BID
843,1712462090.3623283,44887624.44599468,15.08,3.423192892079495e-07,15.08,BID
844,1712462090.3655174,44888624.44599468,15.07,3.441220506100062e-07,15.08,BID
845,1712462090.3687303,44958980.59356942,15.08,2.4211101776438943e-05,15.08,BID
846,1712462090.371945,45015601.39577772,15.07,1.948446656310272e-05,15.08,BID
847,1712462090.3752017,45020746.65428186,15.08,1.770596907364898e-06,15.08,BID
848,1712462090.8043866,45030292.65428186,15.06,-3.2849890951231195e-06,15.08,ASK
849,1712462090.844219,45038258.90423029,15.06,-2.741362267924583e-06,15.08,ASK
850,1712462100.3677292,45038258.90423029,15.06,-0.0,15.08,ASK
851,1712462108.064349,45046834.49470616,15.06,-2.948300824196881e-06,15.08,ASK
852,1712462108.1240125,45055349.85178123,15.06,-2.92759249096403e-06,15.08,ASK
853,1712462118.4640908,45162092.85178123,15.06,-3.669840295693934e-05,15.08,ASK
854,1712462123.2041988,45221083.29548751,15.06,-2.028100272375485e-05,15.08,ASK
855,1712462130.3737411,45221083.29548751,15.06,-0.0,15.08,ASK
856,1712462160.148296,45264317.78713942,15.05,-1.4850025809481104e-05,15.08,ASK
857,1712462160.1572027,45271320.06289397,15.06,-2.405116186338802e-06,15.08,ASK
858,1712462160.514327,45271320.06289397,15.06,-0.0,15.08,ASK
859,1712462190.3561046,45271732.67909582,15.06,1.416871128783031e-07,15.08,BID
860,1712462190.5139272,45271732.67909582,15.06,0.0,15.08,BID
861,1712462220.3884969,45271732.67909582,15.06,0.0,15.08,BID
862,1712462245.9143045,45371320.06289397,15.06,-3.419695765163424e-05,15.08,ASK
863,1712462250.40056,45371320.06289397,15.06,-0.0,15.08,ASK
864,1712462280.528692,45371320.06289397,15.06,-0.0,15.08,ASK
865,1712462290.464364,45371320.06289447,15.06,-1.7132646737369423e-16,15.08,ASK
866,1712462290.472263,45441117.40685147,15.06,-2.395512474809756e-05,15.08,ASK
867,1712462290.824201,45510914.40685147,15.05,-2.395500669872256e-05,15.08,ASK
868,1712462310.5039716,45510914.40685147,15.05,-0.0,15.08,ASK
869,1712462340.3804877,45510914.40685147,15.05,-0.0,15.08,ASK
870,1712462370.3650389,45510914.40685147,15.05,-0.0,15.08,ASK
871,1712462400.514108,45510914.40685147,15.05,-0.0,15.08,ASK
872,1712462430.388365,45510914.40685147,15.05,-0.0,15.08,ASK
873,1712462436.116387,45596280.06315029,15.05,-2.9295742326433555e-05,15.08,ASK
874,1712462441.5064044,46182502.51043825,15.05,-0.0002011795200355,15.08,ASK
875,1712462442.4566066,46195773.91002683,15.07,4.554472132181231e-06,15.08,BID
876,1712462449.2142556,46196174.71163003,15.05,-1.375468894681761e-07,15.08,ASK
877,1712462460.514129,46196174.71163003,15.05,-0.0,15.08,ASK
878,1712462462.684189,46289724.9476815,15.05,-3.1991293563139895e-05,15.08,ASK
879,1712462475.234671,46290388.45133113,15.07,2.2689777098839699e-07,15.08,BID
880,1712462479.5943184,46291387.45133113,15.07,3.416271686582724e-07,15.08,BID
881,1712462490.5239458,46291387.45133113,15.07,0.0,15.08,BID
882,1712462512.034064,46292051.02133776,15.07,2.2680931815908538e-07,15.08,BID
883,1712462520.3935418,46292051.02133776,15.07,0.0,15.08,BID
884,1712462550.411446,46292051.02133776,15.07,0.0,15.08,BID
885,1712462552.4234407,46292415.9848414,15.07,1.2474469860437565e-07,15.08,BID
886,1712462580.5242004,46292415.9848414,15.07,0.0,15.08,BID
887,1712462610.5241008,46292415.9848414,15.07,0.0,15.08,BID
888,1712462640.3978662,46292415.9848414,15.07,0.0,15.08,BID
889,1712462660.564212,46351659.88267125,15.07,2.0249554303820904e-05,15.08,BID
890,1712462660.571072,46352137.60243912,15.06,1.632845362275903e-07,15.08,BID
891,1712462670.378663,46352137.60243912,15.06,0.0,15.08,BID
892,1712462674.9444425,46352801.17244575,15.07,2.2673836732439105e-07,15.08,BID
893,1712462679.7941573,46405886.7729766,15.07,1.813906938606839e-05,15.08,BID
894,1712462693.1940358,46409204.62300977,15.07,1.1336918366270467e-06,15.08,BID
895,1712462700.5257497,46409204.62300977,15.07,0.0,15.08,BID
896,1712462704.8962762,46409868.1930164,15.07,2.268136255614236e-07,15.08,BID
897,1712462730.5241258,46409868.1930164,15.07,0.0,15.08,BID
898,1712462760.3850265,46409868.1930164,15.07,0.0,15.08,BID
899,1712462786.7542248,46445010.79421082,15.07,1.2011985870502689e-05,15.08,BID
900,1712462790.3938837,46445010.79421082,15.07,0.0,15.08,BID
901,1712462807.494293,46451749.33868521,15.05,-2.302864572009212e-06,15.08,ASK
902,1712462820.504078,46451749.33868521,15.05,-0.0,15.08,ASK
903,1712462843.914234,46547460.461429,15.05,-3.270767386496389e-05,15.08,ASK
904,1712462850.588521,46547460.461429,15.05,-0.0,15.08,ASK
905,1712462880.5139594,46547460.461429,15.05,-0.0,15.08,ASK
906,1712462901.2547371,46961638.43720941,15.05,-0.000141468751265,15.08,ASK
907,1712462901.2614512,46965796.34247604,15.05,-1.4201954240563437e-06,15.08,ASK
908,1712462901.2671976,46966456.34247604,15.05,-2.254329812178288e-07,15.08,ASK
909,1712462901.2718575,46967120.79430328,15.05,-2.26953570137904e-07,15.08,ASK
910,1712462910.5240512,46967120.79430328,15.05,-0.0,15.08,ASK
911,1712462940.4041,46967120.79430328,15.05,-0.0,15.08,ASK
912,1712462970.4106517,46967120.79430328,15.05,-0.0,15.08,ASK
913,1712462995.0442324,46977120.79430328,15.04,-3.4082985521919447e-06,15.08,ASK
914,1712462995.0542238,47007785.6879203,15.04,-1.0451511251800606e-05,15.08,ASK
915,1712462995.0577707,47150678.5015049,15.04,-4.8702136965901175e-05,15.08,ASK
916,1712463000.4241345,47150678.5015049,15.04,-0.0,15.08,ASK
917,1712463002.0144804,47203676.885878,15.03,-1.8134278730967333e-05,15.08,ASK
918,1712463002.022514,47406963.8751179,15.03,-6.955802462398711e-05,15.08,ASK
919,1712463002.1143668,47406963.87511881,15.03,-3.1101948928710366e-16,15.08,ASK
920,1712463030.4004354,47406963.87511881,15.03,-0.0,15.08,ASK
921,1712463030.8844042,47426963.87511881,15.02,-6.83432491339985e-06,15.08,ASK
922,1712463030.8904307,47593976.59801134,15.02,-5.7070960645958256e-05,15.08,ASK
923,1712463030.8960564,47606697.56353425,15.02,-4.34696057978797e-06,15.08,ASK
924,1712463033.434001,47624064.81372372,15.02,-5.934671532356562e-06,15.08,ASK
925,1712463041.644403,47641734.69468272,15.02,6.0380853827440434e-06,15.08,BID
926,1712463041.653319,47641734.69468288,15.02,5.601165745213505e-17,15.08,BID
927,1712463060.524363,47641734.69468288,15.02,0.0,15.08,BID
928,1712463090.5445173,47641734.69468288,15.02,0.0,15.08,BID
929,1712463092.684331,47642401.69468288,15.02,2.276504217600542e-07,15.08,BID
930,1712463119.3743143,47703163.96673088,15.02,-2.073846605521073e-05,15.08,ASK
931,1712463120.3541975,47703163.96673088,15.02,-0.0,15.08,ASK
932,1712463122.5443118,47703163.96673127,15.02,-1.34732345218246e-16,15.08,ASK
933,1712463122.644267,47723163.96673127,15.01,-6.823950665397978e-06,15.08,ASK
934,1712463122.6530054,47727282.69407527,15.01,-1.4052996099836895e-06,15.08,ASK
935,1712463148.1078758,47739696.1484922,15.01,-4.235440026415078e-06,15.08,ASK
936,1712463148.1165102,47777905.61212989,15.01,-1.3036974740744793e-05,15.08,ASK
937,1712463148.123675,47795413.23388648,15.01,-5.973557356771231e-06,15.08,ASK
938,1712463148.1290548,47825783.00403969,15.01,-1.0362090662248905e-05,15.08,ASK
939,1712463150.4080665,47825783.00403969,15.01,-0.0,15.08,ASK
940,1712463161.904331,47958509.10587172,15.0,-4.525739789227991e-05,15.08,ASK
941,1712463161.9135654,47959175.77253838,15.0,-2.27322268777143e-07,15.08,ASK
942,1712463166.6203787,47974290.30592913,15.0,-5.153805032917572e-06,15.08,ASK
943,1712463166.6252308,48096485.34352738,15.0,-4.166647977083284e-05,15.08,ASK
944,1712463166.6350985,48097152.01019404,15.0,-2.273222687796837e-07,15.08,ASK
945,1712463166.6387608,48102037.47680329,15.0,-1.665863030498339e-06,15.08,ASK
946,1712463166.6536,48121098.37467101,15.0,-6.499449822427592e-06,15.08,ASK
947,1712463167.1241856,48182698.37467101,15.0,2.1004577635321005e-05,15.08,BID
948,1712463175.6542606,48183198.37467101,14.99,-1.7049170158539777e-07,15.08,ASK
949,1712463175.6604583,48183865.48607861,14.99,-2.2747391805762485e-07,15.08,ASK
950,1712463175.666343,48186072.1938343,14.98,-7.524507203368095e-07,15.08,ASK
951,1712463180.4290535,48186072.1938343,14.98,-0.0,15.08,ASK
952,1712463189.574177,48206022.29862222,15.03,6.790141951042389e-06,15.08,BID
953,1712463210.384139,48206022.29862222,15.03,0.0,15.08,BID
954,1712463240.5140257,48206022.29862222,15.03,0.0,15.08,BID
955,1712463270.5441608,48206022.29862222,15.03,0.0,15.08,BID
956,1712463300.4418,48206022.29862222,15.03,0.0,15.08,BID
957,1712463330.3929944,48206022.29862222,15.03,0.0,15.08,BID
958,1712463360.5206091,48206022.29862222,15.03,0.0,15.08,BID
959,1712463390.514055,48206022.29862222,15.03,0.0,15.08,BID
960,1712463420.36674,48206022.29862222,15.03,0.0,15.08,BID
961,1712463450.4123106,48206022.29862222,15.03,0.0,15.08,BID
962,1712463478.254121,48209022.29862222,14.99,-1.0221982845781958e-06,15.08,ASK
963,1712463480.5139587,48209022.29862222,14.99,-0.0,15.08,ASK
964,1712463486.3461568,48216022.29862222,15.01,2.385092784496541e-06,15.08,BID
965,1712463486.3523529,48270508.65923432,15.03,1.8565003649914385e-05,15.08,BID
966,1712463510.5281892,48270508.65923432,15.03,0.0,15.08,BID
967,1712463515.904196,48275038.21226967,14.99,-1.542857724578413e-06,15.08,ASK
968,1712463529.4844174,48318160.25575809,14.99,1.468824349257118e-05,15.08,BID
969,1712463540.3810987,48318160.25575809,14.99,0.0,15.08,BID
970,1712463570.3813927,48318160.25575809,14.99,0.0,15.08,BID
971,1712463600.3944623,48318160.25575809,14.99,0.0,15.08,BID
972,1712463627.1442318,48328160.25575809,14.98,-3.4077402764867005e-06,15.08,ASK
973,1712463630.3697536,48328160.25575809,14.98,-0.0,15.08,ASK
974,1712463660.5062184,48328160.25575809,14.98,-0.0,15.08,ASK
975,1712463673.204597,48335953.5480024,14.98,-2.6556160229836644e-06,15.08,ASK
976,1712463673.213924,48383107.22992732,14.98,-1.6067929873148e-05,15.08,ASK
977,1712463673.2191875,48383774.78666964,14.98,-2.274743876652425e-07,15.08,ASK
978,1712463690.534186,48383774.78666964,14.98,-0.0,15.08,ASK
979,1712463700.0344217,48398991.69502215,15.03,5.183790843511498e-06,15.08,BID
980,1712463700.042384,48403963.10072517,15.03,1.6935586891685436e-06,15.08,BID
981,1712463700.046651,48443319.4286675,15.01,1.3407123687386007e-05,15.08,BID
982,1712463700.050227,48445704.9917388,15.02,8.126657346661963e-07,15.08,BID
983,1712463712.584123,48447036.54966156,15.02,-4.536084208235889e-07,15.08,ASK
984,1712463715.5943177,48447699.99291924,14.98,-2.260085297652341e-07,15.08,ASK
985,1712463715.6023982,48448367.54966156,14.98,-2.274098291339384e-07,15.08,ASK
986,1712463720.409821,48448367.54966156,14.98,-0.0,15.08,ASK
987,1712463750.356743,48448367.54966156,14.98,-0.0,15.08,ASK
988,1712463780.4141655,48448367.54966156,14.98,-0.0,15.08,ASK
989,1712463782.494386,48455760.54966156,14.98,-2.517666933108561e-06,15.08,ASK
990,1712463796.6744242,48483025.13577595,14.98,-9.284883931434434e-06,15.08,ASK
991,1712463796.682722,48483025.13577637,14.98,-1.4208744792030036e-16,15.08,ASK
992,1712463796.6892924,48483025.56856598,14.98,-1.473853763235255e-10,15.08,ASK
993,1712463797.014255,48483693.57123799,14.97,-2.274865735892941e-07,15.08,ASK
994,1712463797.0229373,48510290.56856556,14.97,-9.057538305371136e-06,15.08,ASK
995,1712463810.3754165,48510290.56856556,14.97,-0.0,15.08,ASK
996,1712463840.5074182,48510290.56856556,14.97,-0.0,15.08,ASK
997,1712463862.3456137,48514834.90330923,15.0,1.5470728171865858e-06,15.08,BID
998,1712463862.3541944,48697137.86970445,15.01,6.206320170302289e-05,15.08,BID
999,1712463862.359735,48731036.17478919,14.99,1.1540335231320825e-05,15.08,BID
1000,1712463862.3658967,48776858.29879135,15.0,1.559967882388531e-05,15.08,BID
1201,1712463870.5141225,48776858.29879135,15.0,0.0,15.08,BID
1202,1712463884.3742015,48787930.10874393,15.0,-3.764159874188596e-06,15.08,ASK
1203,1712463884.3839486,48797510.20107993,15.0,-3.25701030966377e-06,15.08,ASK
1204,1712463884.3939514,48805776.69767182,15.0,-2.8104180711737847e-06,15.08,ASK
1205,1712463884.4039376,48918495.41356729,15.0,-3.832176213835125e-05,15.08,ASK
1206,1712463884.7240613,48947413.69767182,14.98,-9.831549233855027e-06,15.08,ASK
1207,1712463900.3913505,48947413.69767182,14.98,-0.0,15.08,ASK
1208,1712463930.3748906,48947413.69767182,14.98,-0.0,15.08,ASK
1209,1712463960.5039232,48947413.69767182,14.98,-0.0,15.08,ASK
1210,1712463990.5239267,48947413.69767182,14.98,-0.0,15.08,ASK
1211,1712464009.7013586,48953932.0289751,14.98,-2.2141699699828086e-06,15.08,ASK
1212,1712464012.6440792,49016332.0289751,15.0,2.11962540255488e-05,15.08,BID
1213,1712464020.4001184,49016332.0289751,15.0,0.0,15.08,BID
1214,1712464050.3693247,49016332.0289751,15.0,0.0,15.08,BID
1215,1712464080.504287,49016332.0289751,15.0,0.0,15.08,BID
1216,1712464093.734178,49019740.96826797,14.99,-1.1575541970972372e-06,15.08,ASK
1217,1712464110.5039237,49019740.96826797,14.99,-0.0,15.08,ASK
1218,1712464123.144316,49023003.14305115,14.99,-1.1076989837587637e-06,15.08,ASK
1219,1712464123.1476283,49030525.19923397,14.99,-2.554177670815728e-06,15.08,ASK
1220,1712464140.3541932,49030525.19923397,14.99,-0.0,15.08,ASK
1221,1712464170.3703191,49030525.19923397,14.99,-0.0,15.08,ASK
1222,1712464172.3141334,49030925.73327936,14.98,-1.3599725093692358e-07,15.08,ASK
1223,1712464186.906252,49048056.00697762,14.98,5.816409759841663e-06,15.08,BID
1224,1712464190.0044477,49098829.68083932,14.98,1.723968322948122e-05,15.08,BID
1225,1712464190.007796,49104639.60628523,15.0,1.9727009423653503e-06,15.08,BID
1226,1712464190.0110774,49138192.1718761,15.0,1.1392431516745608e-05,15.08,BID
1227,1712464200.4567115,49138192.1718761,15.0,0.0,15.08,BID
1228,1712464225.644415,49138887.35061701,15.0,2.3616594471870505e-07,15.08,BID
1229,1712464225.6472154,49197359.79536203,15.02,1.986424402919665e-05,15.08,BID
1230,1712464225.6498926,49232189.4475392,15.0,1.1832320562553384e-05,15.08,BID
1231,1712464230.3849702,49232189.4475392,15.0,0.0,15.08,BID
1232,1712464236.0442772,49294989.4475392,15.0,2.132417743774184e-05,15.08,BID
1233,1712464245.1142385,49321353.95760222,15.0,8.952253035714342e-06,15.08,BID
1234,1712464245.1174235,49408427.52849872,15.0,2.956643751488433e-05,15.08,BID
1235,1712464260.4948263,49408427.52849872,15.0,0.0,15.08,BID
1236,1712464290.5140808,49408427.52849872,15.0,0.0,15.08,BID
1237,1712464320.3816895,49408427.52849872,15.0,0.0,15.08,BID
1238,1712464322.6241186,49415103.09592172,14.98,-2.2647025231944585e-06,15.08,ASK
1239,1712464334.3307672,49415436.42925505,15.0,1.1308414599624945e-07,15.08,BID
1240,1712464336.0140655,49421921.32136075,15.0,2.200015456935841e-06,15.08,BID
1241,1712464336.015913,49428769.76258838,15.0,2.323350382878749e-06,15.08,BID
1242,1712464350.3669872,49428769.76258838,15.0,0.0,15.08,BID
1243,1712464380.5040474,49428769.76258838,15.0,0.0,15.08,BID
1244,1712464381.524603,49430806.81163108,14.97,-6.910023546428492e-07,15.08,ASK
1245,1712464381.5274427,49517872.4628659,14.97,-2.95341784859415e-05,15.08,ASK
1246,1712464381.5299635,49518540.46553791,14.97,-2.26598088506988e-07,15.08,ASK
1247,1712464381.536245,49520763.41649498,14.97,-7.540635072545027e-07,15.08,ASK
1248,1712464381.53784,49520763.41649521,14.97,-7.834834972955585e-17,15.08,ASK
1249,1712464381.5394168,49574702.76258838,14.97,-1.829716142172132e-05,15.08,ASK
1250,1712464381.5492094,49581953.15670995,14.97,-2.459459396934922e-06,15.08,ASK
1251,1712464381.550875,49593952.93668072,14.97,-4.07053342417446e-06,15.08,ASK
1252,1712464381.5525131,49651314.76258838,14.97,-1.9458125915435768e-05,15.08,ASK
1253,1712464410.5040274,49651314.76258838,14.97,-0.0,15.08,ASK
1254,1712464440.4310594,49651314.76258838,14.97,-0.0,15.08,ASK
1255,1712464470.368423,49651314.76258838,14.97,-0.0,15.08,ASK
1256,1712464484.514787,49651668.07858838,14.97,-1.197156222897199e-07,15.08,ASK
1257,1712464484.518586,49661668.07858838,14.97,-3.3883442099944827e-06,15.08,ASK
1258,1712464484.5292451,49813533.8317625,14.97,-5.145734454639764e-05,15.08,ASK
1259,1712464500.5240948,49813533.8317625,14.97,-0.0,15.08,ASK
1260,1712464518.1276677,49896536.33546973,14.97,2.8117923548804505e-05,15.08,BID
1261,1712464530.5440495,49896536.33546973,14.97,0.0,15.08,BID
1262,1712464560.38681,49896536.33546973,14.97,0.0,15.08,BID
1263,1712464563.1341794,49959778.49691069,14.99,2.1414897027193548e-05,15.08,BID
1264,1712464590.3721948,49959778.49691069,14.99,0.0,15.08,BID
1265,1712464601.714616,49969778.49691069,14.97,-3.3850874739581456e-06,15.08,ASK
1266,1712464601.7183883,49979778.49691069,14.97,-3.3850874739581456e-06,15.08,ASK
1267,1712464601.721417,49980806.82244544,14.96,-3.480971886820169e-07,15.08,ASK
1268,1712464601.7239838,49983806.82244544,14.98,-1.0155262421874437e-06,15.08,ASK
1269,1712464601.725291,50303818.06187247,14.96,-0.000108326603811,15.08,ASK
1270,1712464601.7266307,50316818.06187247,14.97,-4.400613716145589e-06,15.08,ASK
1271,1712464620.4941344,50316818.06187247,14.97,-0.0,15.08,ASK
1272,1712464650.5241003,50316818.06187247,14.97,-0.0,15.08,ASK
1273,1712464680.377144,50316818.06187247,14.97,-0.0,15.08,ASK
1274,1712464687.9642053,50317168.06187247,14.97,-1.182642147197617e-07,15.08,ASK
1275,1712464703.7140963,50336540.13936078,14.97,-6.545781518986936e-06,15.08,ASK
1276,1712464710.3824806,50336540.13936078,14.97,-0.0,15.08,ASK
1277,1712464740.5053148,50336540.13936078,14.97,-0.0,15.08,ASK
1278,1712464759.184733,50336877.48071014,14.97,-1.1397551478680565e-07,15.08,ASK
1279,1712464759.1888394,50356877.48071014,14.97,-6.757281015322583e-06,15.08,ASK
1280,1712464759.192006,50700233.87737811,14.96,-0.0001160077830347,15.08,ASK
1281,1712464759.1949177,50700902.32657597,14.96,-2.258449537198669e-07,15.08,ASK
1282,1712464759.197885,50701571.22289704,14.95,-2.2599602057782682e-07,15.08,ASK
1283,1712464759.200747,50745091.30684969,14.97,-1.4703871853924488e-05,15.08,ASK
1284,1712464759.203378,50745760.20317076,14.95,-2.259960205803441e-07,15.08,ASK
1285,1712464759.204979,50925748.96374373,14.96,-6.081173173955858e-05,15.08,ASK
1286,1712464759.206592,50978369.03063336,14.95,-1.7778428950914646e-05,15.08,ASK
1287,1712464759.2082224,51478369.03063336,14.96,-0.000168932025383,15.08,ASK
1288,1712464759.209854,51488369.03063336,14.95,-3.378640507661292e-06,15.08,ASK
1289,1712464759.2115047,51525801.13290608,14.96,-1.264696170255292e-05,15.08,ASK
1290,1712464759.2131622,51701801.13290608,14.95,-5.9464072934838736e-05,15.08,ASK
1291,1712464759.2148402,51702135.8718619,14.94,-1.1309625956193325e-07,15.08,ASK
1292,1712464759.2165048,51793997.8718619,14.95,-3.103686743147816e-05,15.08,ASK
1293,1712464759.2181952,51796005.90399041,14.94,-6.784418690078871e-07,15.08,ASK
1294,1712464759.219869,52519997.01880089,14.95,-0.0002446105707685,15.08,ASK
1295,1712464759.2215526,58488264.09970178,14.94,-0.0020164628920073,15.08,ASK
1296,1712464759.223256,58488932.99602285,14.95,-2.259960205803441e-07,15.08,ASK
1297,1712464759.2249308,59210847.03183154,14.94,-0.0002439088004432,15.08,ASK
1298,1712464759.2266412,59275901.1148302,14.94,-2.197943600080432e-05,15.08,ASK
1299,1712464770.5239525,59275901.1148302,14.94,-0.0,15.08,ASK
1300,1712464800.3938632,59275901.1148302,14.94,-0.0,15.08,ASK
1301,1712464830.3645494,59275901.1148302,14.94,-0.0,15.08,ASK
1302,1712464860.5112455,59275901.1148302,14.94,-0.0,15.08,ASK
1303,1712464890.549595,59275901.1148302,14.94,-0.0,15.08,ASK
1304,1712464895.3641438,59342835.519114,14.95,-2.165222045863633e-05,15.08,ASK
1305,1712464906.484501,59371295.49426611,14.99,9.206351544236297e-06,15.08,BID
1306,1712464906.4885547,59406477.94739952,14.99,1.1380966778913298e-05,15.08,BID
1307,1712464920.4078715,59406477.94739952,14.99,0.0,15.08,BID
1308,1712464941.90405,59413157.97411952,14.97,-2.159517450680995e-06,15.08,ASK
1309,1712464950.372068,59413157.97411952,14.97,-0.0,15.08,ASK
1310,1712464980.534234,59413157.97411952,14.97,-0.0,15.08,ASK
1311,1712465010.523891,59413157.97411952,14.97,-0.0,15.08,ASK
1312,1712465034.7941468,59413157.97411962,14.97,-3.131107280017379e-17,15.08,ASK
1313,1712465040.388687,59413157.97411962,14.97,-0.0,15.08,ASK
1314,1712465068.98718,59413578.29811962,14.95,-1.3587785018364765e-07,15.08,ASK
1315,1712465068.989932,59444704.52970709,14.95,-1.0062155462010537e-05,15.08,ASK
1316,1712465070.366057,59444704.52970709,14.95,-0.0,15.08,ASK
1317,1712465070.5095518,59468364.44639769,14.95,-7.647359063209607e-06,15.08,ASK
1318,1712465072.0342216,59473164.5048592,14.95,-1.551475056298111e-06,15.08,ASK
1319,1712465072.0372882,59486109.38391564,14.95,-4.18404424110789e-06,15.08,ASK
1320,1712465100.3940887,59486109.38391564,14.95,-0.0,15.08,ASK
1321,1712465123.074405,59492802.82434402,14.94,-2.169208204375573e-06,15.08,ASK
1322,1712465123.078523,59553667.91234374,14.94,-1.9725139808418665e-05,15.08,ASK
1323,1712465130.3983493,59553667.91234374,14.94,-0.0,15.08,ASK
1324,1712465131.784063,59609750.67783248,14.97,1.8169342915933745e-05,15.08,BID
1325,1712465131.7940106,59617796.16885676,14.97,2.606527764339124e-06,15.08,BID
1326,1712465160.526752,59617796.16885676,14.97,0.0,15.08,BID
1327,1712465189.5940702,59618130.17019276,14.97,1.0817401607338957e-07,15.08,BID
1328,1712465190.5139,59618130.17019276,14.97,0.0,15.08,BID
1329,1712465217.3340871,59631387.94447176,14.97,4.2938282305159096e-06,15.08,BID
1330,1712465217.454147,59649424.01661603,14.97,5.841387408696988e-06,15.08,BID
1331,1712465217.456872,59651812.75194911,14.97,7.736456355760468e-07,15.08,BID
1332,1712465220.3540814,59651812.75194911,14.97,0.0,15.08,BID
1333,1712465250.3973768,59651812.75194911,14.97,0.0,15.08,BID
1334,1712465280.5040016,59651812.75194911,14.97,0.0,15.08,BID
1335,1712465310.51412,59651812.75194911,14.97,0.0,15.08,BID
1336,1712465333.2742648,59718613.01915011,14.97,-2.163123567728533e-05,15.08,ASK
1337,1712465333.3575006,59718613.01915017,14.97,-1.930115211542249e-17,15.08,ASK
1338,1712465340.3869689,59718613.01915017,14.97,-0.0,15.08,ASK
1339,1712465369.571422,59723300.93938748,14.97,1.5175490350018997e-06,15.08,BID
1340,1712465369.5747485,59731499.31012896,14.97,2.6539337227413845e-06,15.08,BID
1341,1712465370.3640432,59731499.31012896,14.97,0.0,15.08,BID
1342,1712465400.4200928,59731499.31012896,14.97,0.0,15.08,BID
1343,1712465410.6697462,59740183.3448651,14.97,-2.815996003564288e-06,15.08,ASK
1344,1712465421.4041584,59768643.32001715,14.98,9.228794992744207e-06,15.08,BID
1345,1712465425.866595,59773583.47846515,14.98,-1.6019588669576806e-06,15.08,ASK
1346,1712465425.884083,59773583.47846563,14.98,-1.5704132681095854e-16,15.08,ASK
1347,1712465425.964161,59960730.61493592,14.97,-6.068672044637484e-05,15.08,ASK
1348,1712465425.9669497,59965488.08923763,14.97,-1.5427193727036712e-06,15.08,ASK
1349,1712465426.044165,59965488.08923818,14.97,-1.7878551052324511e-16,15.08,ASK
1350,1712465430.39425,59965488.08923818,14.97,-0.0,15.08,ASK
1351,1712465460.5184348,59965488.08923818,14.97,-0.0,15.08,ASK
1352,1712465490.5242355,59965488.08923818,14.97,-0.0,15.08,ASK
1353,1712465520.424618,59965488.08923818,14.97,-0.0,15.08,ASK
1354,1712465550.3710833,59965488.08923818,14.97,-0.0,15.08,ASK
1355,1712465580.5241263,59965488.08923818,14.97,-0.0,15.08,ASK
1356,1712465610.5140653,59965488.08923818,14.97,-0.0,15.08,ASK
1357,1712465640.360895,59965488.08923818,14.97,-0.0,15.08,ASK
1358,1712465670.3682194,59965488.08923818,14.97,-0.0,15.08,ASK
1359,1712465700.6525216,59965488.08923818,14.97,-0.0,15.08,ASK
1360,1712465730.5142124,59965488.08923818,14.97,-0.0,15.08,ASK
1361,1712465732.444502,60016229.82148049,14.97,-1.6440817051770186e-05,15.08,ASK
1362,1712465732.504249,60053605.26491863,14.97,-1.211000887515876e-05,15.08,ASK
1363,1712465732.6244006,60165888.89084138,14.97,-3.63809919395313e-05,15.08,ASK
1364,1712465747.754434,60175533.97773977,14.96,-3.1251023987056864e-06,15.08,ASK
1365,1712465747.764277,60176202.42693738,14.96,-2.165840715439189e-07,15.08,ASK
1366,1712465760.3475716,60176202.42693738,14.96,-0.0,15.08,ASK
1367,1712465790.3555956,60176202.42693738,14.96,-0.0,15.08,ASK
1368,1712465802.8890495,60176202.42693763,14.96,-8.19942712194211e-17,15.08,ASK
1369,1712465803.014466,60218699.2387324,14.95,-1.3755324035139214e-05,15.08,ASK
1370,1712465803.0183368,60226057.09826363,14.95,-2.3815843538076875e-06,15.08,ASK
1371,1712465803.0340695,60290629.29077699,14.96,2.09006604064846e-05,15.08,BID
1372,1712465803.9242384,60293303.08756843,14.96,8.654517766654449e-07,15.08,BID
1373,1712465820.5141685,60293303.08756843,14.96,0.0,15.08,BID
1374,1712465850.534171,60293303.08756843,14.96,0.0,15.08,BID
1375,1712465880.3880634,60293303.08756843,14.96,0.0,15.08,BID
1376,1712465910.3658795,60293303.08756843,14.96,0.0,15.08,BID
1377,1712465940.5180326,60293303.08756843,14.96,0.0,15.08,BID
1378,1712465943.6646326,60301495.11556829,14.96,-2.650084892086073e-06,15.08,ASK
1379,1712465943.6693542,60308179.60754689,14.96,-2.162403644625281e-06,15.08,ASK
1380,1712465970.5341752,60308179.60754689,14.96,-0.0,15.08,ASK
1381,1712465973.484672,60308679.60754689,14.96,-1.617361484519174e-07,15.08,ASK
1382,1712465987.1945045,60634045.14969243,14.96,-0.0001052467392511,15.08,ASK
1383,1712466000.484224,60634045.14969243,14.96,-0.0,15.08,ASK
1384,1712466030.340453,60634045.14969243,14.96,-0.0,15.08,ASK
1385,1712466060.5025835,60634045.14969243,14.96,-0.0,15.08,ASK
1386,1712466090.514552,60634045.14969243,14.96,-0.0,15.08,ASK
1387,1712466120.3642998,60634045.14969243,14.96,-0.0,15.08,ASK
1388,1712466150.3725607,60634045.14969243,14.96,-0.0,15.08,ASK
1389,1712466180.514355,60634045.14969243,14.96,-0.0,15.08,ASK
1390,1712466181.8777394,60652036.00421486,14.96,5.833142697786299e-06,15.08,BID
1391,1712466210.524377,60652036.00421486,14.96,0.0,15.08,BID
1392,1712466240.3645072,60652036.00421486,14.96,0.0,15.08,BID
1393,1712466245.7052712,60659908.75532276,14.96,-2.552345333192373e-06,15.08,ASK
1394,1712466270.3561254,60659908.75532276,14.96,-0.0,15.08,ASK
1395,1712466300.5152702,60659908.75532276,14.96,-0.0,15.08,ASK
1396,1712466330.5243075,60659908.75532276,14.96,-0.0,15.08,ASK
1397,1712466348.1547945,60663227.97323719,14.96,-1.0760516305896038e-06,15.08,ASK
1398,1712466348.1582808,60665544.14581297,14.95,-7.508760621202203e-07,15.08,ASK
1399,1712466348.160937,60667066.44616012,14.96,-4.935119696957443e-07,15.08,ASK
1400,1712466348.163561,60671402.43702276,14.94,-1.405677529542822e-06,15.08,ASK
1401,1712466360.3652158,60671402.43702276,14.94,-0.0,15.08,ASK
1402,1712466390.3672423,60671402.43702276,14.94,-0.0,15.08,ASK
1403,1712466394.3495555,60689303.5050337,14.94,-5.802993633583795e-06,15.08,ASK
1404,1712466420.4979837,60689303.5050337,14.94,-0.0,15.08,ASK
1405,1712466450.5144076,60689303.5050337,14.94,-0.0,15.08,ASK
1406,1712466464.504293,60691739.13133656,14.94,-7.89489133383734e-07,15.08,ASK
1407,1712466480.3858476,60691739.13133656,14.94,-0.0,15.08,ASK
1408,1712466510.3485577,60691739.13133656,14.94,-0.0,15.08,ASK
1409,1712466535.194452,60704528.47609463,14.94,-4.145516742358248e-06,15.08,ASK
1410,1712466540.5342922,60704528.47609463,14.94,-0.0,15.08,ASK
1411,1712466570.514586,60704528.47609463,14.94,-0.0,15.08,ASK
1412,1712466600.3965,60704528.47609463,14.94,-0.0,15.08,ASK
1413,1712466630.4571395,60704528.47609463,14.94,-0.0,15.08,ASK
1414,1712466657.4646196,60707383.98723112,14.96,-9.27347400714944e-07,15.08,ASK
1415,1712466660.5157492,60707383.98723112,14.96,-0.0,15.08,ASK
1416,1712466690.5076542,60707383.98723112,14.96,-0.0,15.08,ASK
1417,1712466720.3625994,60707383.98723112,14.96,-0.0,15.08,ASK
1418,1712466750.350284,60707383.98723112,14.96,-0.0,15.08,ASK
1419,1712466780.5144,60707383.98723112,14.96,-0.0,15.08,ASK
1420,1712466795.6649432,60716838.1185081,14.97,-3.070253281840428e-06,15.08,ASK
1421,1712466810.5244205,60716838.1185081,14.97,-0.0,15.08,ASK
1422,1712466840.3743734,60716838.1185081,14.97,-0.0,15.08,ASK
1423,1712466855.974733,60717172.1198441,14.99,1.0846280190572804e-07,15.08,BID
1424,1712466855.9800663,60723501.4518411,14.99,2.0553722652905657e-06,15.08,BID
1425,1712466870.3602705,60723501.4518411,14.99,0.0,15.08,BID
1426,1712466900.373571,60723501.4518411,14.99,0.0,15.08,BID
1427,1712466930.3394578,60723501.4518411,14.99,0.0,15.08,BID
1428,1712466960.3845084,60723501.4518411,14.99,0.0,15.08,BID
1429,1712466990.3576963,60723501.4518411,14.99,0.0,15.08,BID
1430,1712466996.8849194,60734047.32056412,14.97,-3.4267762209673143e-06,15.08,ASK
1431,1712466996.8945515,60868315.8576381,14.97,-4.36292392929973e-05,15.08,ASK
1432,1712467000.1846633,60868315.85763827,14.97,-5.568283477896716e-17,15.08,ASK
1433,1712467009.344863,60868984.30683518,14.96,-2.172059858761432e-07,15.08,ASK
1434,1712467009.349792,60955829.22662127,14.96,-2.821940172507281e-05,15.08,ASK
1435,1712467009.4044487,60955829.22662222,14.96,-3.074660876925578e-16,15.08,ASK
1436,1712467020.4845512,60955829.22662222,14.96,-0.0,15.08,ASK
1437,1712467026.263157,60975829.22662222,14.95,-6.4914687842239655e-06,15.08,ASK
1438,1712467026.2652066,61028078.78059722,14.95,-1.6958817430917205e-05,15.08,ASK
1439,1712467050.5244322,61028078.78059722,14.95,-0.0,15.08,ASK
1440,1712467063.7046044,61028078.78059773,14.95,-1.668015016568247e-16,15.08,ASK
1441,1712467063.7089005,61041456.70701822,14.95,-4.340597853295002e-06,15.08,ASK
1442,1712467080.3849614,61041456.70701822,14.95,-0.0,15.08,ASK
1443,1712467097.044746,61041456.70701913,14.95,-2.9490525726016273e-16,15.08,ASK
1444,1712467110.3566926,61041456.70701913,14.95,-0.0,15.08,ASK
1445,1712467140.5245366,61041456.70701913,14.95,-0.0,15.08,ASK
1446,1712467155.3945386,61092858.77119601,14.94,-1.667681559448828e-05,15.08,ASK
1447,1712467170.525489,61092858.77119601,14.94,-0.0,15.08,ASK
1448,1712467200.3998349,61092858.77119601,14.94,-0.0,15.08,ASK
1449,1712467221.4045749,61096198.78455606,14.97,1.0875265599234676e-06,15.08,BID
1450,1712467230.354485,61096198.78455606,14.97,0.0,15.08,BID
1451,1712467260.524448,61096198.78455606,14.97,0.0,15.08,BID
1452,1712467290.5050347,61096198.78455606,14.97,0.0,15.08,BID
1453,1712467295.134739,61121198.78455606,14.97,8.140003779546981e-06,15.08,BID
1454,1712467320.3901465,61121198.78455606,14.97,0.0,15.08,BID
1455,1712467350.3498514,61121198.78455606,14.97,0.0,15.08,BID
1456,1712467380.534309,61121198.78455606,14.97,0.0,15.08,BID
1457,1712467410.5173223,61121198.78455606,14.97,0.0,15.08,BID
1458,1712467420.7944107,61154598.91815659,14.97,1.0873763518058349e-05,15.08,BID
1459,1712467440.3577445,61154598.91815659,14.97,0.0,15.08,BID
1460,1712467470.364417,61154598.91815659,14.97,0.0,15.08,BID
1461,1712467500.3843307,61154598.91815659,14.97,0.0,15.08,BID
1462,1712467517.274399,61194997.36929355,14.97,1.3156305751871105e-05,15.08,BID
1463,1712467530.384563,61194997.36929355,14.97,0.0,15.08,BID
1464,1712467560.494063,61194997.36929355,14.97,0.0,15.08,BID
1465,1712467563.2941177,61256426.64134194,14.97,-2.0001339713960904e-05,15.08,ASK
1466,1712467590.5340452,61256426.64134194,14.97,-0.0,15.08,ASK
1467,1712467620.3760412,61256426.64134194,14.97,-0.0,15.08,ASK
1468,1712467646.4041686,61263272.37034165,14.97,-2.2282986807943765e-06,15.08,ASK
1469,1712467648.8545225,61296843.25210517,14.97,1.092739013622984e-05,15.08,BID
1470,1712467648.974235,61319874.81249445,14.97,7.496819642470748e-06,15.08,BID
1471,1712467650.364231,61319874.81249445,14.97,0.0,15.08,BID
1472,1712467677.6281223,61363768.14549445,14.98,1.428295312728695e-05,15.08,BID
1473,1712467679.374225,61374741.47849445,14.98,3.570738200470004e-06,15.08,BID
1474,1712467679.4742963,61411736.81249445,14.98,1.2038334419722865e-05,15.08,BID
1475,1712467679.478855,61469607.55364169,14.98,1.883122166291951e-05,15.08,BID
1476,1712467679.8942072,61525619.47017187,14.99,1.822635748280836e-05,15.08,BID
1477,1712467679.8988914,61541827.91904789,14.99,5.274252369084045e-06,15.08,BID
1478,1712467680.4796803,61546619.99791489,14.99,1.5593492943349208e-06,15.08,BID
1479,1712467680.4940572,61680636.81157736,14.99,4.360926220410768e-05,15.08,BID
1480,1712467680.513984,61680636.81157736,14.99,0.0,15.08,BID
1481,1712467710.5043373,61680636.81157736,14.99,0.0,15.08,BID
1482,1712467740.4987457,61680636.81157736,14.99,0.0,15.08,BID
1483,1712467770.3729548,61680636.81157736,14.99,0.0,15.08,BID
1484,1712467783.6640675,61706934.81024313,14.99,8.542378280225595e-06,15.08,BID
1485,1712467800.4570866,61706934.81024313,14.99,0.0,15.08,BID
1486,1712467830.44453,61706934.81024313,14.99,0.0,15.08,BID
1487,1712467860.5043063,61706934.81024313,14.99,0.0,15.08,BID
1488,1712467888.754187,61710270.36728115,14.99,1.0869708692969594e-06,15.08,BID
1489,1712467890.5141225,61710270.36728115,14.99,0.0,15.08,BID
1490,1712467920.374133,61710270.36728115,14.99,0.0,15.08,BID
1491,1712467950.3687928,61710270.36728115,14.99,0.0,15.08,BID
1492,1712467952.4941578,61716941.4813572,14.99,2.173906317638333e-06,15.08,BID
1493,1712467954.8743105,61723612.59543325,14.99,2.1739063176359053e-06,15.08,BID
1494,1712467980.388024,61723612.59543325,14.99,0.0,15.08,BID
1495,1712468010.3931131,61723612.59543325,14.99,0.0,15.08,BID
1496,1712468040.5140822,61723612.59543325,14.99,0.0,15.08,BID
1497,1712468070.5341697,61723612.59543325,14.99,0.0,15.08,BID
1498,1712468100.3641684,61723612.59543325,14.99,0.0,15.08,BID
1499,1712468130.3896785,61723612.59543325,14.99,0.0,15.08,BID
1500,1712468160.4305215,61728547.90406828,14.99,1.6129963868845604e-06,15.08,BID
1501,1712468160.432737,61782948.20383883,14.99,1.7779533857841157e-05,15.08,BID
1502,1712468160.434852,61807999.41998294,14.99,8.18743550114259e-06,15.08,BID
1503,1712468160.523811,61807999.41998294,14.99,0.0,15.08,BID
1504,1712468169.3239577,61811334.97702096,14.99,1.0897024782505682e-06,15.08,BID
1505,1712468190.5038426,61811334.97702096,14.99,0.0,15.08,BID
1506,1712468220.3803434,61811334.97702096,14.99,0.0,15.08,BID
1507,1712468221.4140584,61833174.67876308,14.99,7.134756834703159e-06,15.08,BID
1508,1712468221.4187503,61844690.54740121,14.99,3.7620899517607152e-06,15.08,BID
1509,1712468250.3766506,61844690.54740121,14.99,0.0,15.08,BID
1510,1712468280.5138404,61844690.54740121,14.99,0.0,15.08,BID
1511,1712468310.5514872,61844690.54740121,14.99,0.0,15.08,BID
1512,1712468340.376631,61844690.54740121,14.99,0.0,15.08,BID
1513,1712468370.357743,61844690.54740121,14.99,0.0,15.08,BID
1514,1712468400.3969202,61844690.54740121,14.99,0.0,15.08,BID
1515,1712468430.363946,61844690.54740121,14.99,0.0,15.08,BID
1516,1712468460.523875,61844690.54740121,14.99,0.0,15.08,BID
1517,1712468490.533748,61844690.54740121,14.99,0.0,15.08,BID
1518,1712468520.3883169,61844690.54740121,14.99,0.0,15.08,BID
1519,1712468550.346096,61844690.54740121,14.99,0.0,15.08,BID
1520,1712468580.533916,61844690.54740121,14.99,0.0,15.08,BID
1521,1712468610.5439065,61844690.54740121,14.99,0.0,15.08,BID
1522,1712468640.353231,61844690.54740121,14.99,0.0,15.08,BID
1523,1712468670.3780909,61844690.54740121,14.99,0.0,15.08,BID
1524,1712468699.2738287,61915864.76938363,14.99,2.3343147749909685e-05,15.08,BID
1525,1712468699.2767112,62108364.76938363,15.0,6.31345986889404e-05,15.08,BID
1526,1712468699.279434,62175852.96991536,14.99,2.21342361392697e-05,15.08,BID
1527,1712468699.2837665,62176351.96991536,14.99,1.6365799867938317e-07,15.08,BID
1528,1712468699.2864242,62177950.05501621,15.0,5.24127072795132e-07,15.08,BID
1529,1712468700.403883,62177950.05501621,15.0,0.0,15.08,BID
1530,1712468730.4235616,62177950.05501621,15.0,0.0,15.08,BID
1531,1712468760.5241108,62177950.05501621,15.0,0.0,15.08,BID
1532,1712468790.5238874,62177950.05501621,15.0,0.0,15.08,BID
1533,1712468820.3547864,62177950.05501621,15.0,0.0,15.08,BID
1534,1712468850.3679297,62177950.05501621,15.0,0.0,15.08,BID
1535,1712468869.3139298,62180770.60294602,15.0,9.25810193961076e-07,15.08,BID
1536,1712468869.317805,62182170.14497123,14.99,4.59382469668901e-07,15.08,BID
1537,1712468880.5239851,62182170.14497123,14.99,0.0,15.08,BID
1538,1712468910.5243835,62182170.14497123,14.99,0.0,15.08,BID
1539,1712468940.375376,62182170.14497123,14.99,0.0,15.08,BID
1540,1712468950.6440384,62415847.11918219,15.0,7.670000162725312e-05,15.08,BID
1541,1712468950.7640824,62515503.47830419,15.0,-3.271029562340584e-05,15.08,ASK
1542,1712468951.8238351,62515503.47830456,15.0,-1.1983002495664895e-16,15.08,ASK
1543,1712468970.3742049,62515503.47830456,15.0,-0.0,15.08,ASK
1544,1712469000.4581587,62515503.47830456,15.0,-0.0,15.08,ASK
1545,1712469030.3498223,62515503.47830456,15.0,-0.0,15.08,ASK
1546,1712469060.5138502,62515503.47830456,15.0,-0.0,15.08,ASK
1547,1712469090.5241776,62515503.47830456,15.0,-0.0,15.08,ASK
1548,1712469120.3538306,62515503.47830456,15.0,-0.0,15.08,ASK
1549,1712469150.3552794,62515503.47830456,15.0,-0.0,15.08,ASK
1550,1712469180.5554922,62515503.47830456,15.0,-0.0,15.08,ASK
1551,1712469210.5339382,62515503.47830456,15.0,-0.0,15.08,ASK
1552,1712469225.623988,62517512.85539766,14.99,-6.590794456252205e-07,15.08,ASK
1553,1712469240.3602126,62517512.85539766,14.99,-0.0,15.08,ASK
1554,1712469270.3641815,62517512.85539766,14.99,-0.0,15.08,ASK
1555,1712469300.4094796,62517512.85539766,14.99,-0.0,15.08,ASK
1556,1712469330.3640337,62517512.85539766,14.99,-0.0,15.08,ASK
1557,1712469344.7239585,62522187.86126318,14.99,-1.5379992507137715e-06,15.08,ASK
1558,1712469360.5155227,62522187.86126318,14.99,-0.0,15.08,ASK
1559,1712469361.9778972,62524785.41555808,14.99,8.545325016219662e-07,15.08,BID
1560,1712469361.9832425,62575602.15660342,14.99,1.6717478027321658e-05,15.08,BID
1561,1712469377.1939254,62583305.51166627,14.99,-2.5342173927475047e-06,15.08,ASK
1562,1712469390.5466228,62583305.51166627,14.99,-0.0,15.08,ASK
1563,1712469420.3897808,62583305.51166627,14.99,-0.0,15.08,ASK
1564,1712469433.2240624,62586477.59229262,15.0,1.0432233414624034e-06,15.08,BID
1565,1712469450.3481638,62586477.59229262,15.0,0.0,15.08,BID
1566,1712469458.274172,62609356.50264762,14.99,-7.524222311759123e-06,15.08,ASK
1567,1712469480.523772,62609356.50264762,14.99,-0.0,15.08,ASK
1568,1712469501.518366,62612528.58327308,14.97,-1.0430893686395706e-06,15.08,ASK
1569,1712469501.5237396,62612528.58327397,14.99,-2.9155089579616064e-16,15.08,ASK
1570,1712469510.5136774,62612528.58327397,14.99,-0.0,15.08,ASK
1571,1712469524.6441505,62623023.33824684,14.98,-3.4509830286359573e-06,15.08,ASK
1572,1712469540.4039416,62623023.33824684,14.98,-0.0,15.08,ASK
1573,1712469570.358085,62623023.33824684,14.98,-0.0,15.08,ASK
1574,1712469600.5156484,62623023.33824684,14.98,-0.0,15.08,ASK
1575,1712469630.3538785,62623023.33824684,14.98,-0.0,15.08,ASK
1576,1712469658.6938963,62623423.33824684,15.0,1.316267120621852e-07,15.08,BID
1577,1712469660.5277736,62623423.33824684,15.0,0.0,15.08,BID
1578,1712469690.5169854,62623423.33824684,15.0,0.0,15.08,BID
1579,1712469720.3737135,62623423.33824684,15.0,0.0,15.08,BID
