,time,acc_trade_volume,trade_price,dev,high,ask_bid
0,1712451675.105996,141560163.93593058,7.939,0.0,8.05,BID
1,1712451685.049781,141561424.65201733,7.932,-4.534878729087924e-07,8.05,ASK
2,1712451685.0508163,141562130.4428169,7.92,-2.5387759527210214e-07,8.05,ASK
3,1712451690.439228,141562130.4428169,7.92,-0.0,8.05,ASK
4,1712451720.2999184,141562130.4428169,7.92,-0.0,8.05,ASK
5,1712451750.299218,141562130.4428169,7.92,-0.0,8.05,ASK
6,1712451780.4492562,141562130.4428169,7.92,-0.0,8.05,ASK
7,1712451810.4490929,141562130.4428169,7.92,-0.0,8.05,ASK
8,1712451833.830539,141562987.7162004,7.92,-3.083651483367387e-07,8.05,ASK
9,1712451833.831885,141568270.29195797,7.92,-1.9001666078023584e-06,8.05,ASK
10,1712451833.8503935,141577278.8071048,7.92,-3.240404009987908e-06,8.05,ASK
11,1712451833.9492662,141664491.5483593,7.92,3.1370821037343974e-05,8.05,BID
12,1712451833.959202,141693849.53115484,7.92,1.05602003910018e-05,8.05,BID
13,1712451840.306442,141693849.53115484,7.92,0.0,8.05,BID
14,1712451869.859478,141740621.9524956,7.919,-1.6817942488566627e-05,8.05,ASK
15,1712451869.8608098,141855506.88179088,7.919,-4.130913214037551e-05,8.05,ASK
16,1712451870.301133,141855506.88179088,7.919,-0.0,8.05,ASK
17,1712451900.4492643,141855506.88179088,7.919,-0.0,8.05,ASK
18,1712451930.4397402,141855506.88179088,7.919,-0.0,8.05,ASK
19,1712451960.191825,141877739.9904831,7.921,-7.992373286471e-06,8.05,ASK
20,1712451960.2794871,141877739.9904831,7.921,-0.0,8.05,ASK
21,1712451990.2894564,141877739.9904831,7.921,-0.0,8.05,ASK
22,1712452013.882568,141882600.9970221,7.921,-1.7473273728364655e-06,8.05,ASK
23,1712452018.619505,141883683.76915786,7.921,-3.892110360689778e-07,8.05,ASK
24,1712452020.459752,141883683.76915786,7.921,-0.0,8.05,ASK
25,1712452027.5396469,141890358.34990588,7.921,-2.39919041036719e-06,8.05,ASK
26,1712452027.5411198,141892521.0371796,7.921,-7.773819455624209e-07,8.05,ASK
27,1712452046.192449,141931202.84483847,7.939,1.39042473968666e-05,8.05,BID
28,1712452046.194026,142010067.97710758,7.939,2.8348217842518872e-05,8.05,BID
29,1712452046.2500503,142010067.97710806,7.939,1.713999995590401e-16,8.05,BID
30,1712452050.4496913,142010067.97710806,7.939,0.0,8.05,BID
31,1712452052.9594262,142063379.68570355,7.946,1.915608462147664e-05,8.05,BID
32,1712452080.2796335,142063379.68570355,7.946,0.0,8.05,BID
33,1712452110.309265,142063379.68570355,7.946,0.0,8.05,BID
34,1712452140.4394488,142063379.68570355,7.946,0.0,8.05,BID
35,1712452170.470779,142063379.68570355,7.946,0.0,8.05,BID
36,1712452200.3612783,142063379.68570355,7.946,0.0,8.05,BID
37,1712452230.2993052,142063379.68570355,7.946,0.0,8.05,BID
38,1712452260.4493814,142063379.68570355,7.946,0.0,8.05,BID
39,1712452290.4594457,142063379.68570355,7.946,0.0,8.05,BID
40,1712452320.294705,142063379.68570355,7.946,0.0,8.05,BID
41,1712452338.119677,142083010.21582705,7.945,7.063930033077851e-06,8.05,BID
42,1712452343.3594997,142094814.5661236,7.945,-4.247725560961289e-06,8.05,ASK
43,1712452350.009899,142096138.1511482,7.933,-4.762842341876905e-07,8.05,ASK
44,1712452350.011575,142118822.5104686,7.933,-8.162832387938173e-06,8.05,ASK
45,1712452350.0493195,142119427.45660955,7.933,2.1768628694848985e-07,8.05,BID
46,1712452350.313255,142119427.45660955,7.933,0.0,8.05,BID
47,1712452353.559405,142120056.70402962,7.946,2.263947052909263e-07,8.05,BID
48,1712452353.7594244,142123692.43269813,7.946,1.3080859677269576e-06,8.05,BID
49,1712452380.4592388,142123692.43269813,7.946,0.0,8.05,BID
50,1712452410.4398513,142123692.43269813,7.946,0.0,8.05,BID
51,1712452440.457719,142123692.43269813,7.946,0.0,8.05,BID
52,1712452470.309369,142123692.43269813,7.946,0.0,8.05,BID
53,1712452500.304442,142123692.43269813,7.946,0.0,8.05,BID
54,1712452530.2888772,142123692.43269813,7.946,0.0,8.05,BID
55,1712452537.4484067,142136278.96510845,7.945,4.609537633793378e-06,8.05,BID
56,1712452544.0484948,142137113.26179346,7.944,3.055426103022026e-07,8.05,BID
57,1712452560.4388657,142137113.26179346,7.944,0.0,8.05,BID
58,1712452590.452466,142137113.26179346,7.944,0.0,8.05,BID
59,1712452618.4685163,142246314.52658448,7.942,3.999097349231562e-05,8.05,BID
60,1712452620.2885215,142246314.52658448,7.942,0.0,8.05,BID
61,1712452650.2885327,142246314.52658448,7.942,0.0,8.05,BID
62,1712452655.002342,142260346.4177151,7.942,5.137035897262313e-06,8.05,BID
63,1712452655.0082874,142260346.4177152,7.942,3.273163934258865e-17,8.05,BID
64,1712452680.4483018,142260346.4177152,7.942,0.0,8.05,BID
65,1712452692.158512,142294411.36364585,7.942,1.2470572165130332e-05,8.05,BID
66,1712452692.168304,142494228.8610652,7.942,7.314963970575652e-05,8.05,BID
67,1712452710.4585953,142494228.8610652,7.942,0.0,8.05,BID
68,1712452717.1587975,142547284.80602145,7.942,1.940964140786053e-05,8.05,BID
69,1712452717.698661,142548284.80602145,7.94,-3.658334881014426e-07,8.05,ASK
70,1712452732.5286603,142548921.27240175,7.94,-2.32840715963767e-07,8.05,ASK
71,1712452733.8587077,142602126.90638185,7.94,-1.946440266558693e-05,8.05,ASK
72,1712452733.864162,142694737.15037823,7.94,-3.387992859512202e-05,8.05,ASK
73,1712452740.289374,142694737.15037823,7.94,-0.0,8.05,ASK
74,1712452761.358382,142823410.72291186,7.94,-4.704569968300414e-05,8.05,ASK
75,1712452770.2995038,142823410.72291186,7.94,-0.0,8.05,ASK
76,1712452791.798394,142825295.78608537,7.934,-6.889604388101506e-07,8.05,ASK
77,1712452791.8027723,142841510.72291186,7.934,-5.926300056302362e-06,8.05,ASK
78,1712452800.3191822,142841510.72291186,7.934,-0.0,8.05,ASK
79,1712452807.3385277,142854110.72291186,7.942,4.6096606025921295e-06,8.05,BID
80,1712452830.281193,142854110.72291186,7.942,0.0,8.05,BID
81,1712452834.291026,142864256.36779276,7.942,3.711608522683701e-06,8.05,BID
82,1712452834.4284918,142924621.36779276,7.942,2.208349011838552e-05,8.05,BID
83,1712452834.7186294,143302645.56134114,7.942,0.0001382936062741,8.05,BID
84,1712452834.7201145,143554661.6903734,7.942,9.219573751606984e-05,8.05,BID
85,1712452834.7215412,143869681.8516637,7.942,0.000115244671895,8.05,BID
86,1712452834.8587215,143871814.8516637,7.942,7.803211202272229e-07,8.05,BID
87,1712452836.2785878,144385708.73574427,7.942,0.0001879991801704,8.05,BID
88,1712452836.2798784,144574366.09979725,7.942,6.901703031267569e-05,8.05,BID
89,1712452836.38052,144601779.56738693,7.945,1.002874249361882e-05,8.05,BID
90,1712452836.3818142,144601779.56738776,7.945,3.052745825345987e-16,8.05,BID
91,1712452836.3831236,144633844.12542778,7.945,1.1730263408055057e-05,8.05,BID
92,1712452836.384411,144681940.96248907,7.945,1.7595395112540498e-05,8.05,BID
93,1712452836.4184592,144931715.6860825,7.946,9.137575814293524e-05,8.05,BID
94,1712452836.4198124,145226167.3981712,7.946,0.0001077200608672,8.05,BID
95,1712452836.4912536,145594429.93274796,7.947,0.0001347224723481,8.05,BID
96,1712452836.4925735,145628385.6962572,7.95,1.2422128185515104e-05,8.05,BID
97,1712452836.5383613,145628385.69625792,7.95,2.6166392788679884e-16,8.05,BID
98,1712452836.9206016,145680883.69625792,7.954,1.920548437397503e-05,8.05,BID
99,1712452837.8684962,145746744.16639996,7.955,2.409391272382824e-05,8.05,BID
100,1712452850.6288512,145784456.29713535,7.955,1.3796330099203344e-05,8.05,BID
101,1712452860.459055,145784456.29713535,7.955,0.0,8.05,BID
102,1712452890.4385326,145784456.29713535,7.955,0.0,8.05,BID
103,1712452907.464191,145800939.5887768,7.955,5.979205879927812e-06,8.05,BID
104,1712452907.4652884,146145126.71663603,7.954,0.0001248516220823,8.05,BID
105,1712452920.3112276,146145126.71663603,7.954,0.0,8.05,BID
106,1712452920.912902,146212185.71663603,7.955,2.4299924872909973e-05,8.05,BID
107,1712452921.1483655,146231948.71663603,7.955,7.161446118542176e-06,8.05,BID
108,1712452925.6887288,146430565.9385086,7.955,7.19721971692017e-05,8.05,BID
109,1712452926.6885252,146715557.1610216,7.955,0.0001032712282692,8.05,BID
110,1712452926.7500906,146772045.8698858,7.955,2.0469607085820488e-05,8.05,BID
111,1712452928.2983496,146820010.76726663,7.955,1.738086465487075e-05,8.05,BID
112,1712452928.9799497,146901158.0632018,7.955,2.9405049208369256e-05,8.05,BID
113,1712452928.981521,146902195.9505375,7.955,3.760954425876358e-07,8.05,BID
114,1712452928.983056,146914174.38289365,7.955,4.340580777369983e-06,8.05,BID
115,1712452929.0188198,146914174.3828943,7.955,2.375858913986677e-16,8.05,BID
116,1712452929.0592134,147736889.97331333,7.958,0.0002981244432358,8.05,BID
117,1712452929.0983102,147736889.9733143,7.958,3.455794783980621e-16,8.05,BID
118,1712452950.2893116,147736889.9733143,7.958,0.0,8.05,BID
119,1712452958.4984927,147738067.8632519,7.955,4.248777613548252e-07,8.05,BID
120,1712452958.8792443,147739245.75318953,7.955,-4.248777613655753e-07,8.05,ASK
121,1712452961.3482614,147741601.53306475,7.955,-8.497555227096504e-07,8.05,ASK
122,1712452969.0588157,147742228.8856369,7.97,2.2629292255718778e-07,8.05,BID
123,1712452969.061026,147917854.63651302,7.975,6.335012592089243e-05,8.05,BID
124,1712452980.4401634,147917854.63651302,7.975,0.0,8.05,BID
125,1712453010.4505954,147917854.63651302,7.975,0.0,8.05,BID
126,1712453032.488404,148011898.52366036,7.975,-3.390500799056939e-05,8.05,ASK
127,1712453032.5883698,148043246.4860428,7.975,-1.1301669330186215e-05,8.05,ASK
128,1712453036.4300745,148093403.22585472,7.975,1.808267092830869e-05,8.05,BID
129,1712453039.858533,148094159.2742418,7.966,-2.725730229021581e-07,8.05,ASK
130,1712453040.2702758,148094159.2742418,7.966,-0.0,8.05,ASK
131,1712453044.058659,148100473.8759165,7.966,2.275407315760524e-06,8.05,BID
132,1712453050.7788012,148106764.84590352,7.966,2.266891859386856e-06,8.05,BID
133,1712453070.278258,148106764.84590352,7.966,0.0,8.05,BID
134,1712453072.5184786,148128712.8728095,7.966,7.908478883429565e-06,8.05,BID
135,1712453072.528541,148172608.92662302,7.966,1.5816957767417536e-05,8.05,BID
136,1712453100.4610257,148172608.92662302,7.966,0.0,8.05,BID
137,1712453102.5926316,148293244.70567584,7.951,-4.3495858795945466e-05,8.05,ASK
138,1712453102.593876,148399415.42377368,7.951,-3.828040568814564e-05,8.05,ASK
139,1712453102.8427403,148412015.42377368,7.951,4.542995661253488e-06,8.05,BID
140,1712453105.0287635,148749941.00878966,7.951,0.0001218408306789,8.05,BID
141,1712453109.5450356,148752010.00878966,7.951,7.459887319947195e-07,8.05,BID
142,1712453114.0202534,148758298.52595732,7.951,2.267357635586239e-06,8.05,BID
143,1712453116.5884628,148760367.52595732,7.951,7.459887319947195e-07,8.05,BID
144,1712453122.909067,148782555.52595732,7.951,7.999999026340665e-06,8.05,BID
145,1712453127.548684,148782555.5259579,7.951,2.149076528612341e-16,8.05,BID
146,1712453127.5501516,149108720.50530192,7.951,0.0001176004830168,8.05,BID
147,1712453130.4483385,149108720.50530192,7.951,0.0,8.05,BID
148,1712453159.008905,149119694.51875517,7.965,3.946147774262205e-06,8.05,BID
149,1712453159.0107248,149234269.78339356,7.965,4.120014318048799e-05,8.05,BID
150,1712453160.3234732,149234269.78339356,7.965,0.0,8.05,BID
151,1712453170.4965491,149293177.39167982,7.965,2.117498476714695e-05,8.05,BID
152,1712453189.7399862,149385471.17699054,7.965,3.3176011637744874e-05,8.05,BID
153,1712453190.29853,149385471.17699054,7.965,0.0,8.05,BID
154,1712453220.4505992,149385471.17699054,7.965,0.0,8.05,BID
155,1712453250.4583552,149385471.17699054,7.965,0.0,8.05,BID
156,1712453274.798305,149386794.76201513,7.964,4.755712512826438e-07,8.05,BID
157,1712453274.8081963,150057129.68245754,7.965,0.0002408549590463,8.05,BID
158,1712453274.8181443,150057129.68245864,7.965,3.9620101237925643e-16,8.05,BID
159,1712453280.4585311,150057129.68245864,7.965,0.0,8.05,BID
160,1712453302.67083,150069703.25270927,7.96,-4.50908438253349e-06,8.05,ASK
161,1712453302.6720407,150081950.09430134,7.958,-4.391914234177946e-06,8.05,ASK
162,1712453302.673182,150112366.09430134,7.96,-1.0907666465876125e-05,8.05,ASK
163,1712453310.4483385,150112366.09430134,7.96,-0.0,8.05,ASK
164,1712453340.2780266,150112366.09430134,7.96,-0.0,8.05,ASK
165,1712453370.3239188,150112366.09430134,7.96,-0.0,8.05,ASK
166,1712453400.495863,150112366.09430134,7.96,-0.0,8.05,ASK
167,1712453424.4487703,150114366.09430134,7.95,-7.180898765656287e-07,8.05,ASK
168,1712453430.2991793,150114366.09430134,7.95,-0.0,8.05,ASK
169,1712453444.3686004,150114995.54678717,7.945,-2.26000438732064e-07,8.05,ASK
170,1712453460.449055,150114995.54678717,7.945,-0.0,8.05,ASK
171,1712453473.008571,150118010.13740578,7.958,1.082365380106046e-06,8.05,BID
172,1712453490.4380858,150118010.13740578,7.958,0.0,8.05,BID
173,1712453490.8424056,150174937.88173306,7.943,-2.0439289009607203e-05,8.05,ASK
174,1712453490.8588626,150243907.1536465,7.943,-2.476266885469262e-05,8.05,ASK
175,1712453490.8600512,150269086.55689463,7.943,-9.040391572855685e-06,8.05,ASK
176,1712453494.1982558,150279938.54360557,7.94,-3.896288098788333e-06,8.05,ASK
177,1712453511.7045755,150290985.55701673,7.94,-3.9663103197223415e-06,8.05,ASK
178,1712453517.3487878,150339667.08261427,7.94,1.7478573635316173e-05,8.05,BID
179,1712453520.2885427,150339667.08261427,7.94,0.0,8.05,BID
180,1712453550.288865,150339667.08261427,7.94,0.0,8.05,BID
181,1712453570.9189937,150340295.2233178,7.96,2.2538464940756025e-07,8.05,BID
182,1712453580.431343,150340295.2233178,7.96,0.0,8.05,BID
183,1712453597.2982364,150343131.94180185,7.96,1.0178478330821868e-06,8.05,BID
184,1712453610.4534943,150343131.94180185,7.96,0.0,8.05,BID
185,1712453618.7785962,150405946.0121536,7.96,2.2538241898626936e-05,8.05,BID
186,1712453622.5303674,150418193.0121536,7.954,4.394331508637786e-06,8.05,BID
187,1712453622.5385964,150476277.72655773,7.959,2.0841307314144004e-05,8.05,BID
188,1712453640.2982488,150476277.72655773,7.959,0.0,8.05,BID
189,1712453645.7696476,150505635.70935324,7.949,-1.052989908709302e-05,8.05,ASK
190,1712453645.7723596,150542581.97536424,7.949,-1.325160708249562e-05,8.05,ASK
191,1712453666.8997974,150559681.73782557,7.94,-6.1332133881716e-06,8.05,ASK
192,1712453666.9595942,150726862.18133757,7.94,5.996301625281179e-05,8.05,BID
193,1712453666.96816,150726862.18133774,7.94,6.413562869547182e-17,8.05,BID
194,1712453670.3197095,150726862.18133774,7.94,0.0,8.05,BID
195,1712453700.4681594,150726862.18133774,7.94,0.0,8.05,BID
196,1712453730.4796486,150726862.18133774,7.94,0.0,8.05,BID
197,1712453760.2788322,150726862.18133774,7.94,0.0,8.05,BID
198,1712453790.2993028,150726862.18133774,7.94,0.0,8.05,BID
199,1712453807.5294733,150739628.2164562,7.94,-4.589381417452127e-06,8.05,ASK
200,1712453807.5323434,150790044.1478905,7.934,-1.812449493684559e-05,8.05,ASK
201,1712453807.53502,151243478.61543933,7.935,-0.0001630093995583,8.05,ASK
202,1712453807.537461,151281615.37873217,7.932,-1.3710141884607044e-05,8.05,ASK
203,1712453807.538649,151370396.59520286,7.934,-3.191679024133092e-05,8.05,ASK
204,1712453807.7684407,151406820.3933297,7.94,1.3094332008741477e-05,8.05,BID
205,1712453820.4406316,151406820.3933297,7.94,0.0,8.05,BID
206,1712453826.4786596,151408087.2661905,7.94,4.545582882931809e-07,8.05,BID
207,1712453844.568594,151467052.417662,7.94,2.1156896758473514e-05,8.05,BID
208,1712453850.4485517,151467052.417662,7.94,0.0,8.05,BID
209,1712453880.307612,151467052.417662,7.94,0.0,8.05,BID
210,1712453910.2794013,151467052.417662,7.94,0.0,8.05,BID
211,1712453937.8086977,151468684.417662,7.948,-5.854666837064009e-07,8.05,ASK
212,1712453937.968642,151469676.417662,7.94,3.558719057823221e-07,8.05,BID
213,1712453937.971465,151492422.53361863,7.94,8.159983502654364e-06,8.05,BID
214,1712453940.018762,151592422.53361863,7.94,-3.587418405063731e-05,8.05,ASK
215,1712453940.4591072,151592422.53361863,7.94,-0.0,8.05,ASK
216,1712453970.4587104,151592422.53361863,7.94,-0.0,8.05,ASK
217,1712453989.768279,151678326.4687862,7.94,3.080633455238759e-05,8.05,BID
218,1712454000.3385916,151678326.4687862,7.94,0.0,8.05,BID
219,1712454030.3114069,151678326.4687862,7.94,0.0,8.05,BID
220,1712454060.4513505,151678326.4687862,7.94,0.0,8.05,BID
221,1712454090.4834504,151678326.4687862,7.94,0.0,8.05,BID
222,1712454120.3183012,151678326.4687862,7.94,0.0,8.05,BID
223,1712454130.909053,151698962.92145923,7.94,-7.406297902793212e-06,8.05,ASK
224,1712454130.92023,151749340.75521237,7.941,-1.80802994770986e-05,8.05,ASK
225,1712454137.55924,151753893.21941593,7.94,-1.6338518357614329e-06,8.05,ASK
226,1712454137.5608296,151842054.42848337,7.94,-3.164052408472199e-05,8.05,ASK
227,1712454137.6793969,151842054.42848393,7.94,-2.0322158777085143e-16,8.05,ASK
228,1712454150.295679,151842054.42848393,7.94,-0.0,8.05,ASK
229,1712454150.562645,151862054.42848393,7.94,7.17453139805534e-06,8.05,BID
230,1712454152.3982005,152041271.08848393,7.949,6.428977771122914e-05,8.05,BID
231,1712454152.3995786,152176385.14756063,7.95,4.846900295822321e-05,8.05,BID
232,1712454170.6883357,152319406.33612633,7.95,5.130550039759085e-05,8.05,BID
233,1712454170.8366408,152322637.43022433,7.95,-1.1590793028092313e-06,8.05,ASK
234,1712454171.8480468,152325868.43022433,7.94,-1.1590455473558402e-06,8.05,ASK
235,1712454180.438201,152325868.43022433,7.94,-0.0,8.05,ASK
236,1712454196.7684388,152422637.43022433,7.94,-3.4665785484387936e-05,8.05,ASK
237,1712454196.7713249,152425119.02118632,7.94,-8.88986141723447e-07,8.05,ASK
238,1712454206.6791894,152442137.43022433,7.94,-6.096544523526424e-06,8.05,ASK
239,1712454210.4439669,152442137.43022433,7.94,-0.0,8.05,ASK
240,1712454234.898502,152491204.43274322,7.94,1.7571576096412757e-05,8.05,BID
241,1712454240.279736,152491204.43274322,7.94,0.0,8.05,BID
242,1712454250.778694,152503798.8911815,7.94,4.509621573777992e-06,8.05,BID
243,1712454250.858617,152512314.79919514,7.94,3.0492396863934707e-06,8.05,BID
244,1712454250.8616514,152542266.2980055,7.94,1.0724552061058691e-05,8.05,BID
245,1712454250.8785684,152580330.54725084,7.94,1.3629435551176691e-05,8.05,BID
246,1712454250.8814976,152719510.03064933,7.94,4.98351559963536e-05,8.05,BID
247,1712454270.275522,152719510.03064933,7.94,0.0,8.05,BID
248,1712454271.3579378,152782482.32284078,7.941,-2.2533481855466924e-05,8.05,ASK
249,1712454300.31404,152782482.32284078,7.941,-0.0,8.05,ASK
250,1712454312.5682964,152802482.32284078,7.941,-7.166509820016163e-06,8.05,ASK
251,1712454312.6685617,152936365.89138916,7.941,4.7973895437039095e-05,8.05,BID
252,1712454312.7285538,152943633.93014127,7.941,2.604323554462291e-06,8.05,BID
253,1712454330.2201636,152947686.9772089,7.931,-1.4523100805622812e-06,8.05,ASK
254,1712454330.2216983,153073774.4819372,7.931,-4.518036704083032e-05,8.05,ASK
255,1712454330.2978346,153073774.4819372,7.931,-0.0,8.05,ASK
256,1712454340.2515187,153148335.60363528,7.931,-2.6695036516504343e-05,8.05,ASK
257,1712454340.25307,153275024.4819372,7.931,-4.5358279965250434e-05,8.05,ASK
258,1712454348.948208,154105662.84350303,7.931,-0.0002973925403616,8.05,ASK
259,1712454360.458999,154105662.84350303,7.931,-0.0,8.05,ASK
260,1712454390.439918,154105662.84350303,7.931,-0.0,8.05,ASK
261,1712454409.099352,154111967.21873945,7.931,-2.250554249313064e-06,8.05,ASK
262,1712454420.3012023,154111967.21873945,7.931,-0.0,8.05,ASK
263,1712454429.088767,154661400.74225846,7.931,-0.0001961348799985,8.05,ASK
264,1712454429.188269,154773278.79290107,7.93,-3.993783978945699e-05,8.05,ASK
265,1712454429.190568,155261117.88001144,7.931,-0.0001741471110029,8.05,ASK
266,1712454429.2883563,156037361.77872646,7.93,-0.0002771008637204,8.05,ASK
267,1712454429.368385,156149239.82936883,7.93,-3.993783978937188e-05,8.05,ASK
268,1712454450.307945,156149239.82936883,7.93,-0.0,8.05,ASK
269,1712454451.1582243,156187113.83517575,7.921,-1.3442601062773315e-05,8.05,ASK
270,1712454451.160262,156235449.82231185,7.921,-1.715586662151036e-05,8.05,ASK
271,1712454451.2220564,156235449.82231227,7.921,-1.4808811766623442e-16,8.05,ASK
272,1712454451.2237265,156236711.81726125,7.92,-4.479192068802798e-07,8.05,ASK
273,1712454460.3682053,156603563.70169854,7.919,-0.0001302065473812,8.05,ASK
274,1712454478.2581527,156618353.5563296,7.919,-5.249355365137906e-06,8.05,ASK
275,1712454479.1581967,156721028.23438206,7.919,-3.644226975472332e-05,8.05,ASK
276,1712454480.4682813,156721028.23438206,7.919,-0.0,8.05,ASK
277,1712454510.4730856,156721028.23438206,7.919,-0.0,8.05,ASK
278,1712454511.6481116,156722446.1473153,7.915,-5.024515655306797e-07,8.05,ASK
279,1712454511.6515164,156723487.0444923,7.915,-3.688522785062608e-07,8.05,ASK
280,1712454512.5882125,156869806.6909363,7.915,5.184982356863344e-05,8.05,BID
281,1712454512.6081462,156869806.69093642,7.915,4.2242998675615686e-17,8.05,BID
282,1712454517.248014,157035315.21904743,7.915,-5.864959484401784e-05,8.05,ASK
283,1712454540.3131716,157035315.21904743,7.915,-0.0,8.05,ASK
284,1712454541.0582068,157299806.69093543,7.915,9.364264058935726e-05,8.05,BID
285,1712454541.078725,157299806.69093642,7.915,3.4819780296586163e-16,8.05,BID
286,1712454541.137987,157930577.76222742,7.919,0.0002233231502756,8.05,BID
287,1712454541.162923,157930577.76222834,7.919,3.2709490581641553e-16,8.05,BID
288,1712454541.2180612,157955660.01713434,7.923,8.880318766298918e-06,8.05,BID
289,1712454563.3585808,157956368.97360095,7.932,2.5100452246286e-07,8.05,BID
290,1712454563.3604972,157958118.8272446,7.932,6.19531944327563e-07,8.05,BID
291,1712454563.362338,157959440.99857667,7.939,4.681119355643839e-07,8.05,BID
292,1712454570.308216,157959440.99857667,7.939,0.0,8.05,BID
293,1712454600.331391,157959440.99857667,7.939,0.0,8.05,BID
294,1712454616.468971,157964904.69394737,7.924,-1.932221921001206e-06,8.05,ASK
295,1712454630.3087246,157964904.69394737,7.924,-0.0,8.05,ASK
296,1712454660.4282496,157964904.69394737,7.924,-0.0,8.05,ASK
297,1712454690.4479306,157964904.69394737,7.924,-0.0,8.05,ASK
298,1712454720.2980587,157964904.69394737,7.924,-0.0,8.05,ASK
299,1712454721.0603576,157983524.69394737,7.925,-6.584814650227029e-06,8.05,ASK
300,1712454721.0625205,158055361.79750597,7.92,-2.540461933096376e-05,8.05,ASK
301,1712454721.0645134,158336743.54914656,7.924,-9.950841463531082e-05,8.05,ASK
302,1712454721.0664914,158558143.54914656,7.918,-7.829634605586811e-05,8.05,ASK
303,1712454721.0684998,158715995.35449514,7.92,-5.582303332030519e-05,8.05,ASK
304,1712454721.070478,158723138.93448728,7.924,-2.5262701496964045e-06,8.05,ASK
305,1712454721.07224,159371449.83370802,7.925,-0.000229269984269,8.05,ASK
306,1712454721.0740824,159395178.41533935,7.919,-8.391423842916601e-06,8.05,ASK
307,1712454721.0757234,164121659.92102522,7.917,-0.0016714825275331,8.05,ASK
308,1712454750.3007371,164121659.92102522,7.917,-0.0,8.05,ASK
309,1712454780.4488049,164121659.92102522,7.917,-0.0,8.05,ASK
310,1712454810.4480271,164121659.92102522,7.917,-0.0,8.05,ASK
311,1712454840.2984602,164121659.92102522,7.917,-0.0,8.05,ASK
312,1712454870.2993088,164121659.92102522,7.917,-0.0,8.05,ASK
313,1712454886.9588785,164124046.92102522,7.913,-8.29836712098408e-07,8.05,ASK
314,1712454886.962357,164140261.92102522,7.913,-5.637118678959232e-06,8.05,ASK
315,1712454886.9651191,164170898.35073608,7.913,-1.065070553066536e-05,8.05,ASK
316,1712454886.9677348,164185433.35073608,7.92,-5.053069380121643e-06,8.05,ASK
317,1712454895.3279812,164186133.35073608,7.92,2.433538745156622e-07,8.05,BID
318,1712454900.3241668,164186133.35073608,7.92,0.0,8.05,BID
319,1712454900.6679733,164316982.61361372,7.92,4.561494321092792e-05,8.05,BID
320,1712454904.4852006,164332117.9930273,7.94,5.276296230049528e-06,8.05,BID
321,1712454919.3382254,164417255.31198195,7.94,-2.9679448579533428e-05,8.05,ASK
322,1712454919.341349,164604557.4136822,7.94,-6.529478687498186e-05,8.05,ASK
323,1712454930.3181937,164604557.4136822,7.94,-0.0,8.05,ASK
324,1712454944.3283763,164667498.21972755,7.94,2.1916230408338257e-05,8.05,BID
325,1712454960.4582326,164667498.21972755,7.94,0.0,8.05,BID
326,1712454990.4378693,164667498.21972755,7.94,0.0,8.05,BID
327,1712455020.3495598,164667498.21972755,7.94,0.0,8.05,BID
328,1712455026.953845,164730376.10068554,7.94,-2.1890510376930387e-05,8.05,ASK
329,1712455026.9556055,164730376.1006863,7.94,-2.6976241845568357e-16,8.05,ASK
330,1712455050.3082736,164730376.1006863,7.94,-0.0,8.05,ASK
331,1712455080.4483588,164730376.1006863,7.94,-0.0,8.05,ASK
332,1712455095.0482118,164749147.20876837,7.922,-6.533899075855175e-06,8.05,ASK
333,1712455110.448041,164749147.20876837,7.922,-0.0,8.05,ASK
334,1712455132.1980002,164758497.4454888,7.94,3.2544877302412724e-06,8.05,BID
335,1712455140.3082852,164758497.4454888,7.94,0.0,8.05,BID
336,1712455170.5412126,164758497.4454888,7.94,0.0,8.05,BID
337,1712455200.609644,164758497.4454888,7.94,0.0,8.05,BID
338,1712455230.4379826,164758497.4454888,7.94,0.0,8.05,BID
339,1712455233.3093076,164796280.82080367,7.94,1.3200937151928965e-05,8.05,BID
340,1712455260.3086126,164796280.82080367,7.94,0.0,8.05,BID
341,1712455290.2989938,164796280.82080367,7.94,0.0,8.05,BID
342,1712455320.438035,164796280.82080367,7.94,0.0,8.05,BID
343,1712455332.3127708,164821526.9707658,7.922,-8.81969669789132e-06,8.05,ASK
344,1712455332.31494,164860618.12198967,7.922,-1.365642277666602e-05,8.05,ASK
345,1712455332.3241491,164860618.12199023,7.922,-1.9781635814508696e-16,8.05,ASK
346,1712455350.918862,164860618.12199023,7.922,-0.0,8.05,ASK
347,1712455380.3106034,164860618.12199023,7.922,-0.0,8.05,ASK
348,1712455410.3087294,164860618.12199023,7.922,-0.0,8.05,ASK
349,1712455440.4503105,164860618.12199023,7.922,-0.0,8.05,ASK
350,1712455468.2981205,164864993.0278753,7.922,-1.5280933498484066e-06,8.05,ASK
351,1712455470.428749,164864993.0278753,7.922,-0.0,8.05,ASK
352,1712455500.3073263,164864993.0278753,7.922,-0.0,8.05,ASK
353,1712455530.2783856,164864993.0278753,7.922,-0.0,8.05,ASK
354,1712455560.4641798,164864993.0278753,7.922,-0.0,8.05,ASK
355,1712455581.8259594,164879993.0278753,7.923,-5.250092718034744e-06,8.05,ASK
356,1712455581.8299773,165006223.77768594,7.922,-4.418154269152573e-05,8.05,ASK
357,1712455581.8320684,165008113.62889466,7.914,-6.614596046034896e-07,8.05,ASK
358,1712455581.8338025,165052107.35731766,7.91,-1.5398076882185816e-05,8.05,ASK
359,1712455581.8355832,165077369.45154527,7.917,-8.841889129779562e-06,8.05,ASK
360,1712455581.83735,165106069.5675312,7.922,-1.00452179962989e-05,8.05,ASK
361,1712455581.8391614,165194743.0757246,7.907,-3.103627597658546e-05,8.05,ASK
362,1712455581.8409348,165224206.7289606,7.906,-1.0312460753402236e-05,8.05,ASK
363,1712455581.842724,165225663.44737595,7.914,-5.098604496436458e-07,8.05,ASK
364,1712455590.428207,165225663.44737595,7.914,-0.0,8.05,ASK
365,1712455593.5385482,165425496.56990674,7.914,-6.987301203738353e-05,8.05,ASK
366,1712455620.3171604,165425496.56990674,7.914,-0.0,8.05,ASK
367,1712455650.3045866,165425496.56990674,7.914,-0.0,8.05,ASK
368,1712455668.3385017,165705355.37707928,7.915,-9.78004563905389e-05,8.05,ASK
369,1712455668.342651,165832540.3845486,7.907,-4.444652609723139e-05,8.05,ASK
370,1712455672.6587555,165845808.01153877,7.914,4.636552224200728e-06,8.05,BID
371,1712455677.0782745,165870941.1308252,7.921,8.783109459957507e-06,8.05,BID
372,1712455680.455012,165870941.1308252,7.921,0.0,8.05,BID
373,1712455681.1668537,165891938.4467967,7.921,7.328769356318119e-06,8.05,BID
374,1712455692.0684583,165951073.24009117,7.921,-2.064003140101392e-05,8.05,ASK
375,1712455710.5119338,165951073.24009117,7.921,-0.0,8.05,ASK
376,1712455711.9341962,165958692.24009117,7.922,-2.658698195803432e-06,8.05,ASK
377,1712455712.0907943,165994308.10000816,7.921,1.2428379380936489e-05,8.05,BID
378,1712455712.094573,166065081.73641783,7.921,2.469690765623284e-05,8.05,BID
379,1712455712.4482176,166087257.73641783,7.928,7.738455334051306e-06,8.05,BID
380,1712455740.34698,166087257.73641783,7.928,0.0,8.05,BID
381,1712455754.520861,166088162.73641783,7.927,3.156866184998167e-07,8.05,BID
382,1712455756.5284538,166093571.66494414,7.927,1.886769454341069e-06,8.05,BID
383,1712455757.1296077,166094516.5905485,7.931,3.296136671481416e-07,8.05,BID
384,1712455757.1382868,166095244.94975618,7.931,2.540698953909245e-07,8.05,BID
385,1712455757.140202,166138774.2756389,7.928,1.5184116788393908e-05,8.05,BID
386,1712455757.1457102,166140447.56045094,7.931,5.836835625390661e-07,8.05,BID
387,1712455757.3486176,166148083.76899093,7.932,-2.663700389115665e-06,8.05,ASK
388,1712455770.3173983,166148083.76899093,7.932,-0.0,8.05,ASK
389,1712455776.1587176,166148840.19864297,7.935,2.638171871843397e-07,8.05,BID
390,1712455781.811376,166161425.1470447,7.935,4.389206159843911e-06,8.05,BID
391,1712455796.1582897,166164441.5342512,7.935,1.0520142701215545e-06,8.05,BID
392,1712455800.3566315,166164441.5342512,7.935,0.0,8.05,BID
393,1712455805.109046,166267566.05754283,7.932,-3.614284638446383e-05,8.05,ASK
394,1712455805.1122646,166267566.0575432,7.932,-1.2534059510707596e-16,8.05,ASK
395,1712455805.168423,166314440.8408577,7.932,-1.6428566538446777e-05,8.05,ASK
396,1712455824.6588902,166322853.4652987,7.935,2.9484373178759284e-06,8.05,BID
397,1712455824.6787996,166340035.13193244,7.935,6.02179111185548e-06,8.05,BID
398,1712455824.9382665,166454716.92147204,7.935,-4.019341054992576e-05,8.05,ASK
399,1712455830.3678956,166454716.92147204,7.935,-0.0,8.05,ASK
400,1712455836.939006,166455353.38785234,7.928,-2.228873824732024e-07,8.05,ASK
401,1712455860.4485233,166455353.38785234,7.928,-0.0,8.05,ASK
402,1712455890.446392,166455353.38785234,7.928,-0.0,8.05,ASK
403,1712455895.0602045,166482429.9101353,7.928,-9.482047600278775e-06,8.05,ASK
404,1712455895.0797172,166632462.30710334,7.928,-5.254051147219305e-05,8.05,ASK
405,1712455895.0816736,166632462.30710414,7.928,-2.817884064355898e-16,8.05,ASK
406,1712455920.3451023,166632462.30710414,7.928,-0.0,8.05,ASK
407,1712455950.3769228,166632462.30710414,7.928,-0.0,8.05,ASK
408,1712455980.4625895,166632462.30710414,7.928,-0.0,8.05,ASK
409,1712456010.4394906,166632462.30710414,7.928,-0.0,8.05,ASK
410,1712456040.3441002,166632462.30710414,7.928,-0.0,8.05,ASK
411,1712456070.3135066,166632462.30710414,7.928,-0.0,8.05,ASK
412,1712456076.8025277,166645075.82879937,7.928,-4.415014258103779e-06,8.05,ASK
413,1712456100.3644862,166645075.82879937,7.928,-0.0,8.05,ASK
414,1712456114.6383429,166771338.4550619,7.92,-4.428312364079292e-05,8.05,ASK
415,1712456114.642744,166782669.29470837,7.92,-3.9739785863060944e-06,8.05,ASK
416,1712456120.0982094,166782669.29470846,7.92,-3.1357020667371506e-17,8.05,ASK
417,1712456125.253279,166848818.49294522,7.918,-2.320000154413753e-05,8.05,ASK
418,1712456125.2636528,166849512.23663846,7.919,-2.433114109202543e-07,8.05,ASK
419,1712456130.4582715,166849512.23663846,7.919,-0.0,8.05,ASK
420,1712456138.1881273,166909657.55721956,7.918,-2.1082336542331525e-05,8.05,ASK
421,1712456139.4976318,166963934.55721956,7.928,1.902535341822667e-05,8.05,BID
422,1712456160.3285584,166963934.55721956,7.928,0.0,8.05,BID
423,1712456174.5883622,167071398.55721956,7.922,-3.765667053970831e-05,8.05,ASK
424,1712456190.3777134,167071398.55721956,7.922,-0.0,8.05,ASK
425,1712456220.419409,167071398.55721956,7.922,-0.0,8.05,ASK
426,1712456247.8916345,167072030.98077276,7.914,-2.215426851264509e-07,8.05,ASK
427,1712456247.8935828,167072660.54611406,7.909,-2.205414321894924e-07,8.05,ASK
428,1712456250.438346,167072660.54611406,7.909,-0.0,8.05,ASK
429,1712456256.6287556,167095663.52471405,7.922,8.058086697154001e-06,8.05,BID
430,1712456256.6887298,167095663.52471462,7.922,1.9835884444790923e-16,8.05,BID
431,1712456269.0385025,167102232.10064736,7.922,-2.3010130671894014e-06,8.05,ASK
432,1712456279.758438,167126223.10064736,7.921,-8.40419674830548e-06,8.05,ASK
433,1712456279.838324,167138823.90709898,7.928,4.414140994819738e-06,8.05,BID
434,1712456279.938682,167168844.23971498,7.921,-1.0516309522506256e-05,8.05,ASK
435,1712456279.958946,167168844.23971564,7.921,-2.2967866199231595e-16,8.05,ASK
436,1712456280.358303,167168844.23971564,7.921,-0.0,8.05,ASK
437,1712456301.3788574,167192515.23971564,7.924,-8.28988594039902e-06,8.05,ASK
438,1712456310.3473322,167192515.23971564,7.924,-0.0,8.05,ASK
439,1712456340.4224932,167192515.23971564,7.924,-0.0,8.05,ASK
440,1712456342.9093904,167198855.23971564,7.925,-2.2202029745924702e-06,8.05,ASK
441,1712456370.4481096,167198855.23971564,7.925,-0.0,8.05,ASK
442,1712456400.3795967,167198855.23971564,7.925,-0.0,8.05,ASK
443,1712456412.4586203,167199990.4566682,7.928,3.976813961709959e-07,8.05,BID
444,1712456430.365914,167199990.4566682,7.928,0.0,8.05,BID
445,1712456441.7492228,167415309.4066682,7.911,-7.542881604706708e-05,8.05,ASK
446,1712456441.752825,167463454.13751125,7.911,-1.686567785323805e-05,8.05,ASK
447,1712456460.440953,167463454.13751125,7.911,-0.0,8.05,ASK
448,1712456490.4485688,167463454.13751125,7.911,-0.0,8.05,ASK
449,1712456495.6767504,167475252.4531455,7.928,4.130076226496317e-06,8.05,BID
450,1712456495.6800575,167513154.78507125,7.928,1.326795492408048e-05,8.05,BID
451,1712456495.6884673,167513154.78507164,7.928,1.3562242874705238e-16,8.05,BID
452,1712456495.7494206,167528264.0086583,7.93,5.289080837512162e-06,8.05,BID
453,1712456495.753661,167534625.4286613,7.93,2.226855962800696e-06,8.05,BID
454,1712456520.3493974,167534625.4286613,7.93,0.0,8.05,BID
455,1712456526.8688045,167637371.5122753,7.933,3.5959823762765174e-05,8.05,BID
456,1712456550.3670151,167637371.5122753,7.933,0.0,8.05,BID
457,1712456580.438386,167637371.5122753,7.933,0.0,8.05,BID
458,1712456603.1290572,167657511.3799195,7.928,-7.04668757276542e-06,8.05,ASK
459,1712456610.4383297,167657511.3799195,7.928,-0.0,8.05,ASK
460,1712456611.7688086,167657511.37991956,7.928,-2.0853754042226288e-17,8.05,ASK
461,1712456611.7731571,167680246.66990456,7.928,-7.954348980897793e-06,8.05,ASK
462,1712456630.4188924,167684921.78826478,7.918,-1.6356740111402525e-06,8.05,ASK
463,1712456640.345097,167684921.78826478,7.918,-0.0,8.05,ASK
464,1712456641.678517,167687259.3474449,7.92,-8.177748437683522e-07,8.05,ASK
465,1712456670.3127065,167687259.3474449,7.92,-0.0,8.05,ASK
466,1712456700.3386598,167687259.3474449,7.92,-0.0,8.05,ASK
467,1712456730.3134496,167687259.3474449,7.92,-0.0,8.05,ASK
468,1712456760.4485707,167687259.3474449,7.92,-0.0,8.05,ASK
469,1712456777.2093923,167709113.3474449,7.926,-7.646476273472508e-06,8.05,ASK
470,1712456777.2134397,167720001.3474449,7.926,-3.809592462046704e-06,8.05,ASK
471,1712456777.448227,167757071.3474449,7.926,1.297038873696467e-05,8.05,BID
472,1712456778.3087864,167800349.3474449,7.926,1.5142500236265364e-05,8.05,BID
473,1712456779.2597258,167818228.3474449,7.926,6.25566712242221e-06,8.05,BID
474,1712456780.4604597,167844576.3474449,7.926,9.218877864622204e-06,8.05,BID
475,1712456790.4391904,167844576.3474449,7.926,0.0,8.05,BID
476,1712456811.761877,167852805.3474449,7.926,2.877981768567773e-06,8.05,BID
477,1712456819.1698613,167947259.3474449,7.926,3.303401263437848e-05,8.05,BID
478,1712456819.1745868,168062060.3474449,7.926,4.015010147203171e-05,8.05,BID
479,1712456820.370303,168062060.3474449,7.926,0.0,8.05,BID
480,1712456850.3203852,168062060.3474449,7.926,0.0,8.05,BID
481,1712456880.4710934,168062060.3474449,7.926,0.0,8.05,BID
482,1712456910.498735,168062060.3474449,7.926,0.0,8.05,BID
483,1712456926.1085365,168062060.36968613,7.926,7.773885276895181e-12,8.05,BID
484,1712456940.3240006,168062060.36968613,7.926,0.0,8.05,BID
485,1712456970.3256376,168062060.36968613,7.926,0.0,8.05,BID
486,1712456985.728974,168072110.36968613,7.926,3.512734243536373e-06,8.05,BID
487,1712456987.4990416,168126284.36968613,7.926,1.893521043874025e-05,8.05,BID
488,1712457000.4005923,168126284.36968613,7.926,0.0,8.05,BID
489,1712457002.24906,168162054.36968613,7.926,1.2504414686053977e-05,8.05,BID
490,1712457002.3484263,168162060.36968613,7.926,2.097469614658201e-09,8.05,BID
491,1712457030.3509316,168162060.36968613,7.926,0.0,8.05,BID
492,1712457050.6705167,168168358.39210707,7.939,2.20143355606994e-06,8.05,BID
493,1712457060.4582815,168168358.39210707,7.939,0.0,8.05,BID
494,1712457075.189402,168169164.44049415,7.924,-2.817441470489894e-07,8.05,ASK
495,1712457090.4385622,168169164.44049415,7.924,-0.0,8.05,ASK
496,1712457120.385545,168169164.44049415,7.924,-0.0,8.05,ASK
497,1712457137.7605152,168170164.44049415,7.924,-3.495367307484321e-07,8.05,ASK
498,1712457137.7641938,168170811.85517865,7.924,-2.2629521226015042e-07,8.05,ASK
499,1712457150.3760867,168170811.85517865,7.924,-0.0,8.05,ASK
500,1712457155.0884674,168171977.00095338,7.923,-4.072593866609857e-07,8.05,ASK
501,1712457158.6283972,168174598.29970723,7.923,-9.162360160520512e-07,8.05,ASK
502,1712457180.4181724,168174598.29970723,7.923,-0.0,8.05,ASK
503,1712457207.1285608,168225835.29970723,7.921,1.790894396176291e-05,8.05,BID
504,1712457210.4483192,168225835.29970723,7.921,0.0,8.05,BID
505,1712457222.0085704,168292296.89067194,7.921,2.322712270769548e-05,8.05,BID
506,1712457222.0133142,168378318.22174525,7.921,3.006289773262032e-05,8.05,BID
507,1712457240.3229277,168378318.22174525,7.921,0.0,8.05,BID
508,1712457249.528743,168441338.41404504,7.921,-2.20151233740076e-05,8.05,ASK
509,1712457270.3587918,168441338.41404504,7.921,-0.0,8.05,ASK
510,1712457297.9384573,168441988.41404504,7.921,-2.270277943025293e-07,8.05,ASK
511,1712457300.438374,168441988.41404504,7.921,-0.0,8.05,ASK
512,1712457300.771895,168442637.0899593,7.93,2.279861963916727e-07,8.05,BID
513,1712457330.4608665,168442637.0899593,7.93,0.0,8.05,BID
514,1712457360.364099,168442637.0899593,7.93,0.0,8.05,BID
515,1712457390.363506,168442637.0899593,7.93,0.0,8.05,BID
516,1712457420.4287434,168442637.0899593,7.93,0.0,8.05,BID
517,1712457450.4442303,168442637.0899593,7.93,0.0,8.05,BID
518,1712457480.3289762,168442637.0899593,7.93,0.0,8.05,BID
519,1712457507.1582608,168693737.0899593,7.935,8.82524372443164e-05,8.05,BID
520,1712457507.1613195,168790909.03041485,7.929,3.415237187161449e-05,8.05,BID
521,1712457507.258385,168790909.03041515,7.935,-1.0474422884328819e-16,8.05,ASK
522,1712457507.2634993,168946732.86815715,7.935,-5.476636185382107e-05,8.05,ASK
523,1712457510.3809538,168946732.86815715,7.935,-0.0,8.05,ASK
524,1712457540.4481616,168946732.86815715,7.935,-0.0,8.05,ASK
525,1712457546.9111445,168947993.10760263,7.935,4.42306200447833e-07,8.05,BID
526,1712457547.247545,168948623.22732538,7.935,2.211531002291464e-07,8.05,BID
527,1712457570.440348,168948623.22732538,7.935,0.0,8.05,BID
528,1712457599.6582935,168950960.7865055,7.925,-8.204087563745361e-07,8.05,ASK
529,1712457599.763697,168951146.88663137,7.925,-6.531521175277603e-08,8.05,ASK
530,1712457600.3795657,168951146.88663137,7.925,-0.0,8.05,ASK
531,1712457616.4387915,169083452.9000705,7.925,4.652624623769859e-05,8.05,BID
532,1712457616.4605944,169318352.9000705,7.937,8.260407034533188e-05,8.05,BID
533,1712457616.462858,170352938.85780776,7.925,0.0003638186940452,8.05,BID
534,1712457616.4651475,170397709.76213616,7.935,1.5743971607355303e-05,8.05,BID
535,1712457616.467453,173280095.08622047,7.938,0.0010136090254278,8.05,BID
536,1712457630.3946965,173280095.08622047,7.938,0.0,8.05,BID
537,1712457650.8598273,173336868.16558552,7.925,-1.9726346317017348e-05,8.05,ASK
538,1712457660.456529,173336868.16558552,7.925,-0.0,8.05,ASK
539,1712457678.356665,173339373.30149934,7.923,-8.70297241506508e-07,8.05,ASK
540,1712457690.4490871,173339373.30149934,7.923,-0.0,8.05,ASK
541,1712457702.3481884,173352457.18464127,7.923,4.545377688987022e-06,8.05,BID
542,1712457720.486167,173352457.18464127,7.923,0.0,8.05,BID
543,1712457743.1450572,173356254.65299568,7.926,-1.3192036454021731e-06,8.05,ASK
544,1712457743.928886,173733404.11409444,7.926,-0.0001310180619058,8.05,ASK
545,1712457743.9330063,173997426.5603034,7.922,-9.17188350241086e-05,8.05,ASK
546,1712457750.3351803,173997426.5603034,7.922,-0.0,8.05,ASK
547,1712457766.658302,174085140.48444968,7.922,-3.0416960467557184e-05,8.05,ASK
548,1712457780.4286206,174085140.48444968,7.922,-0.0,8.05,ASK
549,1712457799.7782364,174098168.103001,7.922,-4.516558814618017e-06,8.05,ASK
550,1712457810.4616003,174098168.103001,7.922,-0.0,8.05,ASK
551,1712457831.8181803,174099256.103001,7.924,-3.771863716203323e-07,8.05,ASK
552,1712457831.8209002,174100573.76612124,7.923,-4.568056721886407e-07,8.05,ASK
553,1712457836.9908302,174101226.46705538,7.923,-2.2627747895420498e-07,8.05,ASK
554,1712457836.9932735,174182593.37679845,7.922,-2.820817045583444e-05,8.05,ASK
555,1712457836.9955454,174183855.68429655,7.922,-4.376150598129644e-07,8.05,ASK
556,1712457840.3860865,174183855.68429655,7.922,-0.0,8.05,ASK
557,1712457870.3605933,174183855.68429655,7.922,-0.0,8.05,ASK
558,1712457900.382141,174183855.68429655,7.922,-0.0,8.05,ASK
559,1712457914.8890128,174186378.07047388,7.929,-8.747676813723422e-07,8.05,ASK
560,1712457930.3648684,174186378.07047388,7.929,-0.0,8.05,ASK
561,1712457960.4580982,174186378.07047388,7.929,-0.0,8.05,ASK
562,1712457990.443828,174186378.07047388,7.929,-0.0,8.05,ASK
563,1712458020.3659694,174186378.07047388,7.929,-0.0,8.05,ASK
564,1712458050.36243,174186378.07047388,7.929,-0.0,8.05,ASK
565,1712458076.7984912,174211617.84836382,7.924,-8.753135837148739e-06,8.05,ASK
566,1712458076.8094978,174288931.2936497,7.923,-2.6812244211354125e-05,8.05,ASK
567,1712458076.814465,174329239.35979462,7.922,-1.3978806780224085e-05,8.05,ASK
568,1712458076.8184688,174334698.55955,7.922,-1.893246336368895e-06,8.05,ASK
569,1712458076.8224883,174388171.9918493,7.921,-1.854454578148645e-05,8.05,ASK
570,1712458076.8263123,174394482.73273027,7.923,-2.1885601531449234e-06,8.05,ASK
571,1712458076.82863,174406469.9226748,7.922,-4.157148384893487e-06,8.05,ASK
572,1712458080.3941665,174406469.9226748,7.922,-0.0,8.05,ASK
573,1712458110.367489,174406469.9226748,7.922,-0.0,8.05,ASK
574,1712458140.4699287,174406469.9226748,7.922,-0.0,8.05,ASK
575,1712458170.4483197,174406469.9226748,7.922,-0.0,8.05,ASK
576,1712458200.4260936,174406469.9226748,7.922,-0.0,8.05,ASK
577,1712458230.3129542,174406469.9226748,7.922,-0.0,8.05,ASK
578,1712458260.4633987,174406469.9226748,7.922,-0.0,8.05,ASK
579,1712458290.4414887,174406469.9226748,7.922,-0.0,8.05,ASK
580,1712458320.4858632,174406469.9226748,7.922,-0.0,8.05,ASK
581,1712458326.9381697,174409469.9226748,7.923,-1.0443982331110314e-06,8.05,ASK
582,1712458326.9424996,174415780.66355577,7.923,-2.19697554190088e-06,8.05,ASK
583,1712458340.708854,174416469.9226748,7.923,2.3995366869152696e-07,8.05,BID
584,1712458350.371828,174416469.9226748,7.923,0.0,8.05,BID
585,1712458380.4631536,174416469.9226748,7.923,0.0,8.05,BID
586,1712458406.628587,174615694.77430952,7.93,6.9354781364133e-05,8.05,BID
587,1712458410.4481397,174615694.77430952,7.93,0.0,8.05,BID
588,1712458440.3348207,174615694.77430952,7.93,0.0,8.05,BID
589,1712458445.9981222,174732632.0042968,7.93,4.068617922462122e-05,8.05,BID
590,1712458457.048373,174817175.49154466,7.93,-2.941536647323057e-05,8.05,ASK
591,1712458470.3757083,174817175.49154466,7.93,-0.0,8.05,ASK
592,1712458485.2006366,174867901.58389336,7.93,-1.76394140409296e-05,8.05,ASK
593,1712458500.4386225,174867901.58389336,7.93,-0.0,8.05,ASK
594,1712458530.4817936,174867901.58389336,7.93,-0.0,8.05,ASK
595,1712458560.359095,174867901.58389336,7.93,-0.0,8.05,ASK
596,1712458590.3507736,174867901.58389336,7.93,-0.0,8.05,ASK
597,1712458620.451326,174867901.58389336,7.93,-0.0,8.05,ASK
598,1712458620.6204484,174892034.55197564,7.93,8.39344392118622e-06,8.05,BID
599,1712458620.624715,174929624.06439334,7.93,1.3073628715168636e-05,8.05,BID
600,1712458650.4480145,174929624.06439334,7.93,0.0,8.05,BID
601,1712458658.7994578,174930054.47356644,7.93,1.4967078895618973e-07,8.05,BID
602,1712458658.804729,175020150.3019051,7.93,3.1329986793607274e-05,8.05,BID
603,1712458680.440831,175020150.3019051,7.93,0.0,8.05,BID
604,1712458709.5487795,175023173.42008248,7.923,-1.0509988792157107e-06,8.05,ASK
605,1712458710.36291,175023173.42008248,7.923,-0.0,8.05,ASK
606,1712458740.4715986,175023173.42008248,7.923,-0.0,8.05,ASK
607,1712458744.2787914,175056755.7868062,7.923,-1.1674944152215704e-05,8.05,ASK
608,1712458744.281628,175162813.6941523,7.923,-3.687114000491618e-05,8.05,ASK
609,1712458770.4579084,175162813.6941523,7.923,-0.0,8.05,ASK
610,1712458800.4043884,175162813.6941523,7.923,-0.0,8.05,ASK
611,1712458829.1981535,175181320.1206063,7.93,6.4371259845960215e-06,8.05,BID
612,1712458830.3911726,175181320.1206063,7.93,0.0,8.05,BID
613,1712458860.4498558,175181320.1206063,7.93,0.0,8.05,BID
614,1712458862.4685338,175560012.37003827,7.935,0.0001317145314945,8.05,BID
615,1712458862.4739842,175626101.38838032,7.935,2.298669724800949e-05,8.05,BID
616,1712458862.5480995,175626101.38838106,7.935,2.5914175274474936e-16,8.05,BID
617,1712458866.678573,175626858.8684972,7.923,-2.6346232002911364e-07,8.05,ASK
618,1712458883.3560162,175633427.44442993,7.923,-2.284643804739617e-06,8.05,ASK
619,1712458890.464844,175633427.44442993,7.923,-0.0,8.05,ASK
620,1712458920.3886988,175633427.44442993,7.923,-0.0,8.05,ASK
621,1712458950.3948553,175633427.44442993,7.923,-0.0,8.05,ASK
622,1712458980.4793384,175633427.44442993,7.923,-0.0,8.05,ASK
623,1712458987.4788156,176151117.56913286,7.923,-0.0001798355739479,8.05,ASK
624,1712458987.4844708,176239392.3642504,7.923,-3.066496285631248e-05,8.05,ASK
625,1712459010.4501772,176239392.3642504,7.923,-0.0,8.05,ASK
626,1712459040.3969057,176239392.3642504,7.923,-0.0,8.05,ASK
627,1712459070.4078815,176239392.3642504,7.923,-0.0,8.05,ASK
628,1712459100.4300525,176239392.3642504,7.923,-0.0,8.05,ASK
629,1712459130.450148,176239392.3642504,7.923,-0.0,8.05,ASK
630,1712459160.3669865,176239392.3642504,7.923,-0.0,8.05,ASK
631,1712459183.5284176,176247197.81778803,7.923,-2.709549496898836e-06,8.05,ASK
632,1712459183.538496,176247337.93356428,7.922,-4.863915071558591e-08,8.05,ASK
633,1712459183.5427554,176250493.30400476,7.923,-1.0953408854858406e-06,8.05,ASK
634,1712459190.3269925,176250493.30400476,7.923,-0.0,8.05,ASK
635,1712459220.373627,176250493.30400476,7.923,-0.0,8.05,ASK
636,1712459250.3726132,176250493.30400476,7.923,-0.0,8.05,ASK
637,1712459280.448325,176250493.30400476,7.923,-0.0,8.05,ASK
638,1712459310.4501662,176250493.30400476,7.923,-0.0,8.05,ASK
639,1712459340.3346968,176250493.30400476,7.923,-0.0,8.05,ASK
640,1712459370.3627515,176250493.30400476,7.923,-0.0,8.05,ASK
641,1712459388.9795356,176405747.84482968,7.923,5.389270689772328e-05,8.05,BID
642,1712459389.098304,176476318.0906592,7.923,2.449668495351528e-05,8.05,BID
643,1712459400.3812582,176476318.0906592,7.923,0.0,8.05,BID
644,1712459430.3537066,176476318.0906592,7.923,0.0,8.05,BID
645,1712459451.8482912,176507241.063786,7.924,1.072750811670191e-05,8.05,BID
646,1712459451.8681834,176512597.33464915,7.924,1.858147304401724e-06,8.05,BID
647,1712459460.42818,176512597.33464915,7.924,0.0,8.05,BID
648,1712459482.1793394,176513247.33464915,7.927,-2.254694243044457e-07,8.05,ASK
649,1712459484.9087186,176513895.73474994,7.938,2.249144576088272e-07,8.05,BID
650,1712459490.4579537,176513895.73474994,7.938,0.0,8.05,BID
651,1712459520.314788,176513895.73474994,7.938,0.0,8.05,BID
652,1712459548.6388347,176521285.21989584,7.938,2.5632261682178767e-06,8.05,BID
653,1712459548.648023,176639872.05120242,7.938,4.113478316954814e-05,8.05,BID
654,1712459548.74296,176696174.67993912,7.938,1.9529962976854326e-05,8.05,BID
655,1712459548.8483503,176911174.67993912,7.94,7.457808159650497e-05,8.05,BID
656,1712459550.3943682,176911174.67993912,7.94,0.0,8.05,BID
657,1712459555.648447,177037103.40428114,7.941,4.363376315786685e-05,8.05,BID
658,1712459560.549096,177129874.67993814,7.941,3.214484932664375e-05,8.05,BID
659,1712459560.5538988,177129874.67993912,7.941,3.4077043941047343e-16,8.05,BID
660,1712459580.461525,177129874.67993912,7.941,0.0,8.05,BID
661,1712459610.4582286,177129874.67993912,7.941,0.0,8.05,BID
662,1712459640.3728852,177129874.67993912,7.941,0.0,8.05,BID
663,1712459670.3512228,177129874.67993912,7.941,0.0,8.05,BID
664,1712459698.6192844,177364774.67993912,7.945,8.134289430500563e-05,8.05,BID
665,1712459698.6250856,177428410.67742184,7.945,2.2036339792380827e-05,8.05,BID
666,1712459698.7182102,177482013.84592012,7.941,-1.8562098210169465e-05,8.05,ASK
667,1712459700.3575573,177482013.84592012,7.941,-0.0,8.05,ASK
668,1712459714.008732,177488237.12980244,7.954,2.1546016491977314e-06,8.05,BID
669,1712459730.3331864,177488237.12980244,7.954,0.0,8.05,BID
670,1712459756.5590558,177525448.8483083,7.954,1.2883078702837331e-05,8.05,BID
671,1712459760.4537263,177525448.8483083,7.954,0.0,8.05,BID
672,1712459790.4304209,177525448.8483083,7.954,0.0,8.05,BID
673,1712459798.7683,177526455.26420966,7.949,-3.483958090838739e-07,8.05,ASK
674,1712459820.3565342,177526455.26420966,7.949,-0.0,8.05,ASK
675,1712459841.0084505,177531487.3437165,7.949,1.7419742212092633e-06,8.05,BID
676,1712459850.353904,177531487.3437165,7.949,0.0,8.05,BID
677,1712459880.448789,177531487.3437165,7.949,0.0,8.05,BID
678,1712459895.4914637,177532494.26630932,7.945,-3.485654209911907e-07,8.05,ASK
679,1712459895.5483258,177620686.56861243,7.945,3.052944407018407e-05,8.05,BID
680,1712459910.458081,177620686.56861243,7.945,0.0,8.05,BID
681,1712459927.348499,177678995.34293687,7.941,-2.0179741454618173e-05,8.05,ASK
682,1712459936.549512,177755921.39281026,7.941,-2.662288507270272e-05,8.05,ASK
683,1712459936.552377,177768514.26524445,7.941,-4.358193305163967e-06,8.05,ASK
684,1712459940.356542,177768514.26524445,7.941,-0.0,8.05,ASK
685,1712459941.9682407,177769314.26524445,7.941,2.767548676245179e-07,8.05,BID
686,1712459953.908779,177770314.26524445,7.939,-3.459435845306473e-07,8.05,ASK
687,1712459963.2884862,177790020.96967545,7.941,6.8174079701452205e-06,8.05,BID
688,1712459963.2945518,177790020.96967566,7.941,7.216945563896091e-17,8.05,BID
689,1712459970.354501,177790020.96967566,7.941,0.0,8.05,BID
690,1712460000.397098,177790020.96967566,7.941,0.0,8.05,BID
691,1712460030.363347,177790020.96967566,7.941,0.0,8.05,BID
692,1712460060.4580884,177790020.96967566,7.941,0.0,8.05,BID
693,1712460090.448264,177790020.96967566,7.941,0.0,8.05,BID
694,1712460120.384128,177790020.96967566,7.941,0.0,8.05,BID
695,1712460148.8685048,177813283.719959,7.941,-8.132096826606389e-06,8.05,ASK
696,1712460148.8749468,177815783.719959,7.941,-8.739397456836373e-07,8.05,ASK
697,1712460150.400853,177815783.719959,7.941,-0.0,8.05,ASK
698,1712460159.6686437,177839023.20209426,7.941,8.123381883459864e-06,8.05,BID
699,1712460174.038381,177840023.20209426,7.941,3.495508994640022e-07,8.05,BID
700,1712460176.4282594,177873478.20209426,7.941,1.1694225341568192e-05,8.05,BID
701,1712460180.4579625,177873478.20209426,7.941,0.0,8.05,BID
702,1712460180.8681674,177960692.30025223,7.941,3.048088502249359e-05,8.05,BID
703,1712460180.9284234,177989763.6663049,7.941,1.0160295007497864e-05,8.05,BID
704,1712460210.4510524,177989763.6663049,7.941,0.0,8.05,BID
705,1712460240.317433,177989763.6663049,7.941,0.0,8.05,BID
706,1712460253.4686646,178026975.38481072,7.941,-1.3001111038686414e-05,8.05,ASK
707,1712460270.3730934,178026975.38481072,7.941,-0.0,8.05,ASK
708,1712460300.4491203,178026975.38481072,7.941,-0.0,8.05,ASK
709,1712460330.4588118,178026975.38481072,7.941,-0.0,8.05,ASK
710,1712460360.4328158,178026975.38481072,7.941,-0.0,8.05,ASK
711,1712460390.457886,178026975.38481072,7.941,-0.0,8.05,ASK
712,1712460401.5465198,178152904.10915276,7.95,-4.40435381397182e-05,8.05,ASK
713,1712460412.1983576,178230976.10915276,7.954,2.730566141767805e-05,8.05,BID
714,1712460417.7785764,178344369.10676375,7.954,3.965917102035513e-05,8.05,BID
715,1712460417.784585,178344369.10676458,7.954,2.9185392315054123e-16,8.05,BID
716,1712460419.5730188,178345010.95528832,7.959,2.244863519644906e-07,8.05,BID
717,1712460420.3433454,178345010.95528832,7.959,0.0,8.05,BID
718,1712460450.3468337,178345010.95528832,7.959,0.0,8.05,BID
719,1712460450.3990269,178346265.97536865,7.968,4.385550091470703e-07,8.05,BID
720,1712460450.503423,178346880.56609607,7.959,-2.147629717720181e-07,8.05,ASK
721,1712460480.4278967,178346880.56609607,7.959,-0.0,8.05,ASK
722,1712460490.351623,178348138.42769608,7.95,-4.3954566431323494e-07,8.05,ASK
723,1712460490.358326,178349384.94876572,7.94,-4.35582842844472e-07,8.05,ASK
724,1712460510.4413075,178349384.94876572,7.94,-0.0,8.05,ASK
725,1712460540.3189774,178349384.94876572,7.94,-0.0,8.05,ASK
726,1712460570.363283,178349384.94876572,7.94,-0.0,8.05,ASK
727,1712460570.54049,178355851.90063024,7.945,-2.2597882705637563e-06,8.05,ASK
728,1712460570.5468516,178408221.39782375,7.944,-1.829980769497813e-05,8.05,ASK
729,1712460570.549856,178416723.89969018,7.945,-2.971083501277706e-06,8.05,ASK
730,1712460575.6286204,178428293.95638347,7.968,4.042998765574182e-06,8.05,BID
731,1712460584.1385856,178453119.4820195,7.968,8.674941891988729e-06,8.05,BID
732,1712460584.1481984,178465935.1107122,7.968,4.478246940194952e-06,8.05,BID
733,1712460599.6787927,178467190.1307925,7.968,4.385496778387375e-07,8.05,BID
734,1712460600.4050972,178467190.1307925,7.968,0.0,8.05,BID
735,1712460617.1695836,178473981.62023038,7.968,2.4077984339933123e-06,8.05,BID
736,1712460617.1764874,178475239.4818304,7.968,4.4595183698533043e-07,8.05,BID
737,1712460617.2531886,178475239.4818305,7.968,-4.226347450339317e-17,8.05,ASK
738,1712460617.2586184,178502209.7695675,7.968,-9.56182250910538e-06,8.05,ASK
739,1712460630.327808,178502209.7695675,7.968,-0.0,8.05,ASK
740,1712460631.6787128,178503465.2623484,7.965,4.45067986111987e-07,8.05,BID
741,1712460631.788916,178659146.3671825,7.965,5.518843027771736e-05,8.05,BID
742,1712460660.419619,178659146.3671825,7.965,0.0,8.05,BID
743,1712460690.4541528,178659146.3671825,7.965,0.0,8.05,BID
744,1712460720.401904,178659146.3671825,7.965,0.0,8.05,BID
745,1712460750.3420124,178659146.3671825,7.965,0.0,8.05,BID
746,1712460770.6485898,178659146.36718303,7.965,-1.9008259302473558e-16,8.05,ASK
747,1712460770.655002,178787336.00936705,7.965,-4.542267110795475e-05,8.05,ASK
748,1712460780.4479673,178787336.00936705,7.965,-0.0,8.05,ASK
749,1712460810.4587536,178787336.00936705,7.965,-0.0,8.05,ASK
750,1712460840.36332,178787336.00936705,7.965,-0.0,8.05,ASK
751,1712460870.3691013,178787336.00936705,7.965,-0.0,8.05,ASK
752,1712460900.4485111,178787336.00936705,7.965,-0.0,8.05,ASK
753,1712460902.2085867,178894836.00936705,7.97,3.807850792239723e-05,8.05,BID
754,1712460902.218885,179008795.37908196,7.97,4.036653732577502e-05,8.05,BID
755,1712460902.224186,179163766.997023,7.969,5.489384168850158e-05,8.05,BID
756,1712460930.4479578,179163766.997023,7.969,0.0,8.05,BID
757,1712460960.401881,179163766.997023,7.969,0.0,8.05,BID
758,1712460990.360702,179163766.997023,7.969,0.0,8.05,BID
759,1712461020.6166575,179163766.997023,7.969,0.0,8.05,BID
760,1712461050.435624,179163766.997023,7.969,0.0,8.05,BID
761,1712461056.4184568,179165021.85961553,7.959,4.440239243376939e-07,8.05,BID
762,1712461080.3511324,179165021.85961553,7.959,0.0,8.05,BID
763,1712461108.7586515,179173236.01907697,7.946,-2.906509805502508e-06,8.05,ASK
764,1712461110.3777149,179173236.01907697,7.946,-0.0,8.05,ASK
765,1712461126.2408116,179174492.45832813,7.959,4.445699748807746e-07,8.05,BID
766,1712461137.5885868,179180768.37238768,7.959,2.220627024540805e-06,8.05,BID
767,1712461140.4581463,179180768.37238768,7.959,0.0,8.05,BID
768,1712461170.0383728,179222511.4159306,7.959,1.476976316919806e-05,8.05,BID
769,1712461170.4680402,179222511.4159306,7.959,0.0,8.05,BID
770,1712461197.5388632,179285333.37848872,7.959,2.2225414582479527e-05,8.05,BID
771,1712461200.383817,179285333.37848872,7.959,0.0,8.05,BID
772,1712461230.387059,179285333.37848872,7.959,0.0,8.05,BID
773,1712461260.418703,179285333.37848872,7.959,0.0,8.05,BID
774,1712461264.0291488,179323714.71964768,7.945,-1.3625834805235504e-05,8.05,ASK
775,1712461290.4395883,179323714.71964768,7.945,-0.0,8.05,ASK
776,1712461291.5585933,179332398.8689591,7.944,-3.082643070976386e-06,8.05,ASK
777,1712461320.4481556,179332398.8689591,7.944,-0.0,8.05,ASK
778,1712461320.4671855,179333434.1801591,7.944,-3.67499064036419e-07,8.05,ASK
779,1712461320.4703588,179334063.71188116,7.944,-2.2346162066352786e-07,8.05,ASK
780,1712461320.6401143,179340606.70145503,7.944,2.3225311813610746e-06,8.05,BID
781,1712461321.3287032,179347130.70145503,7.959,2.315790550503125e-06,8.05,BID
782,1712461350.345183,179347130.70145503,7.959,0.0,8.05,BID
783,1712461380.4594653,179347130.70145503,7.959,0.0,8.05,BID
784,1712461410.4705198,179347130.70145503,7.959,0.0,8.05,BID
785,1712461440.3640568,179347130.70145503,7.959,0.0,8.05,BID
786,1712461455.688731,179596557.30145502,7.951,-8.853398974753556e-05,8.05,ASK
787,1712461455.9733355,179622061.30145502,7.951,9.05264664843766e-06,8.05,BID
788,1712461456.1285334,179707055.30145502,7.951,3.0168626460057657e-05,8.05,BID
789,1712461466.0089452,179724076.30145502,7.951,6.041605183620507e-06,8.05,BID
790,1712461470.3558817,179724076.30145502,7.951,0.0,8.05,BID
791,1712461500.357443,179724076.30145502,7.951,0.0,8.05,BID
792,1712461530.378191,179724076.30145502,7.951,0.0,8.05,BID
793,1712461547.4328768,180357064.2346234,7.95,-0.0002247247065956,8.05,ASK
794,1712461547.4387877,180553260.9712245,7.95,-6.965417784035046e-05,8.05,ASK
795,1712461560.4488015,180553260.9712245,7.95,-0.0,8.05,ASK
796,1712461566.6787837,180616154.0529856,7.95,-2.2276300593679225e-05,8.05,ASK
797,1712461583.2988398,180616156.45651245,7.951,8.51312824802029e-10,8.05,BID
798,1712461590.438678,180616156.45651245,7.951,0.0,8.05,BID
799,1712461620.3483691,180616156.45651245,7.951,0.0,8.05,BID
800,1712461650.3947997,180616156.45651245,7.951,0.0,8.05,BID
801,1712461661.5292983,180813556.35050347,7.959,6.990531560750012e-05,8.05,BID
802,1712461661.5892131,180840472.70984244,7.959,9.531902761209566e-06,8.05,BID
803,1712461661.5960555,180870472.70984143,7.959,1.0623913852008558e-05,8.05,BID
804,1712461661.6083753,180870472.70984244,7.959,3.482790362117445e-16,8.05,BID
805,1712461662.0088496,180994311.7191304,7.942,-4.385516554120394e-05,8.05,ASK
806,1712461671.8687818,180996871.2277048,7.95,-9.063999532813032e-07,8.05,ASK
807,1712461680.4502232,180996871.2277048,7.95,-0.0,8.05,ASK
808,1712461684.5385692,181021187.83519816,7.95,-8.602027484315164e-06,8.05,ASK
809,1712461684.6787944,181047569.3534318,7.95,9.33249200098874e-06,8.05,BID
810,1712461710.44865,181047569.3534318,7.95,0.0,8.05,BID
811,1712461740.3451643,181047569.3534318,7.95,0.0,8.05,BID
812,1712461770.3610978,181047569.3534318,7.95,0.0,8.05,BID
813,1712461800.392629,181047569.3534318,7.95,0.0,8.05,BID
814,1712461830.3624542,181047569.3534318,7.95,0.0,8.05,BID
815,1712461860.465965,181047569.3534318,7.95,0.0,8.05,BID
816,1712461890.433289,181047569.3534318,7.95,0.0,8.05,BID
817,1712461920.3690984,181047569.3534318,7.95,0.0,8.05,BID
818,1712461950.3771348,181047569.3534318,7.95,0.0,8.05,BID
819,1712461980.37243,181047569.3534318,7.95,0.0,8.05,BID
820,1712462001.372522,181113581.02009845,7.95,-2.334851774572688e-05,8.05,ASK
821,1712462001.3794465,181363095.3608028,7.95,-8.825394518771592e-05,8.05,ASK
822,1712462001.3850095,181381105.2035701,7.95,-6.370133564017624e-06,8.05,ASK
823,1712462010.3401692,181381105.2035701,7.95,-0.0,8.05,ASK
824,1712462040.4584527,181381105.2035701,7.95,-0.0,8.05,ASK
825,1712462070.4588747,181381105.2035701,7.95,-0.0,8.05,ASK
826,1712462096.208905,181393682.2379054,7.951,-4.444365191215739e-06,8.05,ASK
827,1712462097.839081,181481105.2035701,7.951,-3.089278244410831e-05,8.05,ASK
828,1712462097.846702,181482232.3129713,7.95,-3.982883131333953e-07,8.05,ASK
829,1712462097.9590218,181504639.3825984,7.95,7.918019274848776e-06,8.05,BID
830,1712462097.966263,181522419.0138316,7.95,6.282814537886958e-06,8.05,BID
831,1712462100.35301,181522419.0138316,7.95,0.0,8.05,BID
832,1712462130.353685,181522419.0138316,7.95,0.0,8.05,BID
833,1712462160.449144,181522419.0138316,7.95,0.0,8.05,BID
834,1712462189.308972,181524646.34404752,7.951,-7.878719052110227e-07,8.05,ASK
835,1712462190.4435866,181524646.34404752,7.951,-0.0,8.05,ASK
836,1712462220.3619983,181524646.34404752,7.951,-0.0,8.05,ASK
837,1712462250.3494115,181524646.34404752,7.951,-0.0,8.05,ASK
838,1712462280.4496033,181524646.34404752,7.951,-0.0,8.05,ASK
839,1712462299.859046,181569684.51770505,7.969,1.593122077141619e-05,8.05,BID
840,1712462299.8660114,181570532.29804632,7.969,2.998828479498996e-07,8.05,BID
841,1712462310.4422889,181570532.29804632,7.969,0.0,8.05,BID
842,1712462324.969844,181616012.7904721,7.969,1.6085600286421376e-05,8.05,BID
843,1712462324.9738572,181667779.12951827,7.969,1.8308786773674824e-05,8.05,BID
844,1712462336.7092905,181728961.9574588,7.969,2.163922293165559e-05,8.05,BID
845,1712462336.7164483,181766691.1322789,7.969,1.334410409655067e-05,8.05,BID
846,1712462340.3580668,181766691.1322789,7.969,0.0,8.05,BID
847,1712462352.4562657,181790232.3934968,7.969,8.321503464081452e-06,8.05,BID
848,1712462352.5492957,181881110.14614543,7.969,-3.212400246846728e-05,8.05,ASK
849,1712462352.5563772,182205673.548462,7.969,-0.0001147285802445,8.05,ASK
850,1712462370.379703,182205673.548462,7.969,-0.0,8.05,ASK
851,1712462400.4298325,182205673.548462,7.969,-0.0,8.05,ASK
852,1712462430.3480532,182205673.548462,7.969,-0.0,8.05,ASK
853,1712462460.4549725,182205673.548462,7.969,-0.0,8.05,ASK
854,1712462490.4585643,182205673.548462,7.969,-0.0,8.05,ASK
855,1712462520.3690438,182205673.548462,7.969,-0.0,8.05,ASK
856,1712462550.396053,182205673.548462,7.969,-0.0,8.05,ASK
857,1712462578.2193382,182236882.218246,7.962,-1.1026210080195936e-05,8.05,ASK
858,1712462578.226698,182271685.21512863,7.961,-1.2296107386322969e-05,8.05,ASK
859,1712462580.4587238,182271685.21512863,7.961,-0.0,8.05,ASK
860,1712462600.482844,182296782.4669796,7.969,8.865363375729924e-06,8.05,BID
861,1712462610.4587016,182296782.4669796,7.969,0.0,8.05,BID
862,1712462633.2687397,182298037.20408583,7.969,4.4319253127054884e-07,8.05,BID
863,1712462640.411646,182298037.20408583,7.969,0.0,8.05,BID
864,1712462651.410264,182305259.20408583,7.969,2.5509129685068497e-06,8.05,BID
865,1712462670.3599122,182305259.20408583,7.969,0.0,8.05,BID
866,1712462678.861014,182469669.32591385,7.969,5.8070809543543046e-05,8.05,BID
867,1712462700.4859052,182469669.32591385,7.969,0.0,8.05,BID
868,1712462729.568759,182469669.3259146,7.969,2.630410308086494e-16,8.05,BID
869,1712462730.4597602,182469669.3259146,7.969,0.0,8.05,BID
870,1712462760.3664958,182469669.3259146,7.969,0.0,8.05,BID
871,1712462790.3629432,182469669.3259146,7.969,0.0,8.05,BID
872,1712462812.125502,182595155.5851676,7.969,-4.430263461596198e-05,8.05,ASK
873,1712462812.1686995,182595155.58516845,7.969,-3.051275957380327e-16,8.05,ASK
874,1712462820.4295986,182595155.58516845,7.969,-0.0,8.05,ASK
875,1712462850.4491827,182595155.58516845,7.969,-0.0,8.05,ASK
876,1712462859.418775,182596186.6762954,7.973,3.638958733719521e-07,8.05,BID
877,1712462880.4487991,182596186.6762954,7.973,0.0,8.05,BID
878,1712462903.0188706,182671253.90318617,7.973,2.6492881300558104e-05,8.05,BID
879,1712462907.7291915,182788764.6105752,7.973,4.147212240744165e-05,8.05,BID
880,1712462910.4646292,182788764.6105752,7.973,0.0,8.05,BID
881,1712462911.609903,182788764.6105756,7.973,1.4717081375309555e-16,8.05,BID
882,1712462911.6179106,182790868.0474153,7.974,7.419472390749493e-07,8.05,BID
883,1712462933.0892568,182945839.6653564,7.974,5.4663283389980334e-05,8.05,BID
884,1712462933.096666,183156601.3124732,7.974,7.434215243509802e-05,8.05,BID
885,1712462933.231047,183195219.5357809,7.974,-1.3621841939403914e-05,8.05,ASK
886,1712462933.3290246,183292498.3458854,7.974,-3.431324545250287e-05,8.05,ASK
887,1712462940.3724318,183292498.3458854,7.974,-0.0,8.05,ASK
888,1712462964.389435,183342760.3458854,7.974,1.7703878592419256e-05,8.05,BID
889,1712462970.377024,183342760.3458854,7.974,0.0,8.05,BID
890,1712463000.379051,183342760.3458854,7.974,0.0,8.05,BID
891,1712463004.999138,183344387.92941555,7.975,5.733236780698481e-07,8.05,BID
892,1712463027.4898725,183400633.92941555,7.975,1.98129085230975e-05,8.05,BID
893,1712463030.3749988,183400633.92941555,7.975,0.0,8.05,BID
894,1712463040.2891588,183434729.92941555,7.975,1.2008518246207386e-05,8.05,BID
895,1712463041.2819777,183485004.92941555,7.975,1.7706717938411435e-05,8.05,BID
896,1712463042.4185708,183535279.92941555,7.975,1.7706717938411435e-05,8.05,BID
897,1712463043.6790447,183578661.92941555,7.975,1.5279022130366283e-05,8.05,BID
898,1712463060.47459,183578661.92941555,7.975,0.0,8.05,BID
899,1712463073.9788597,183579728.6549033,7.975,3.755100384772425e-07,8.05,BID
900,1712463077.3292563,183584844.1031791,7.975,1.8007464910324009e-06,8.05,BID
901,1712463090.4788206,183584844.1031791,7.975,0.0,8.05,BID
902,1712463105.8187606,183710235.9527089,7.975,4.4139829405221165e-05,8.05,BID
903,1712463108.9888186,183719557.30067128,7.975,3.2812556033663454e-06,8.05,BID
904,1712463111.7789948,183769785.30067128,7.975,1.7681016427136316e-05,8.05,BID
905,1712463111.8198118,183885149.25051263,7.975,4.06098568974431e-05,8.05,BID
906,1712463112.7388232,183936626.25051263,7.975,1.812068333638003e-05,8.05,BID
907,1712463112.8586488,184025605.17433992,7.975,3.1321928284198215e-05,8.05,BID
908,1712463113.9687788,184081992.17433992,7.975,1.984907767135732e-05,8.05,BID
909,1712463114.9887383,184131876.17433992,7.975,1.7559923219146055e-05,8.05,BID
910,1712463115.0491204,184218248.9533765,7.975,3.040452586213293e-05,8.05,BID
911,1712463116.068719,184350207.36579347,7.975,4.645135895602419e-05,8.05,BID
912,1712463116.0791326,184466195.8112532,7.975,4.082968880964499e-05,8.05,BID
913,1712463116.258825,184520160.8112532,7.975,1.89964970034724e-05,8.05,BID
914,1712463117.6389587,184572885.8112532,7.975,1.855999823048424e-05,8.05,BID
915,1712463119.2837083,184586870.7585688,7.972,-4.9229131802942845e-06,8.05,ASK
916,1712463119.287278,184591015.8846508,7.971,-1.4591471360391662e-06,8.05,ASK
917,1712463119.7340996,184641240.8846508,7.975,1.7679960381717797e-05,8.05,BID
918,1712463120.3236558,184641240.8846508,7.975,0.0,8.05,BID
919,1712463122.0388143,184648774.8846508,7.975,2.6442402387646764e-06,8.05,BID
920,1712463131.6190786,184649774.8846508,7.975,3.5097428175798733e-07,8.05,BID
921,1712463148.3495033,184656764.7228141,7.971,-2.45325342898495e-06,8.05,ASK
922,1712463148.3587384,184663746.68090683,7.972,-2.4504877268460693e-06,8.05,ASK
923,1712463148.363196,184668353.2179188,7.97,-1.6167760191611604e-06,8.05,ASK
924,1712463148.3787758,184668353.21792063,7.97,-6.485106190739636e-16,8.05,ASK
925,1712463148.7686436,184696847.21792063,7.972,1.000066118441209e-05,8.05,BID
926,1712463150.432238,184696847.21792063,7.972,0.0,8.05,BID
927,1712463166.0610223,184861257.33974764,7.964,-5.76947478125417e-05,8.05,ASK
928,1712463166.070588,184876904.97909528,7.964,-5.491064637576069e-06,8.05,ASK
929,1712463166.0791955,184900888.8691003,7.964,-8.416419074608361e-06,8.05,ASK
930,1712463166.238703,184936788.6637713,7.963,-1.2597944561130388e-05,8.05,ASK
1131,1712463166.3188064,184936788.6637716,7.963,-1.0458221521150341e-16,8.05,ASK
931,1712463166.3188064,184936788.6637716,7.963,-1.045822152115034e-16,8.05,ASK
932,1712463166.6990318,184999174.1261712,7.961,-2.1892286681104365e-05,8.05,ASK
933,1712463166.8794627,185021123.1261712,7.97,7.702336119365773e-06,8.05,BID
934,1712463167.1463623,185384231.2112432,7.961,-0.0001274217740618,8.05,ASK
935,1712463180.3824112,185384231.2112432,7.961,-0.0,8.05,ASK
936,1712463200.4601915,185421853.55440032,7.97,1.317711231361608e-05,8.05,BID
937,1712463210.3561366,185421853.55440032,7.97,0.0,8.05,BID
938,1712463240.4509685,185421853.55440032,7.97,0.0,8.05,BID
939,1712463270.4779534,185421853.55440032,7.97,0.0,8.05,BID
940,1712463300.4033413,185421853.55440032,7.97,0.0,8.05,BID
941,1712463330.3680933,185421853.55440032,7.97,0.0,8.05,BID
942,1712463360.0827773,185423108.41699287,7.969,4.398485183069753e-07,8.05,BID
943,1712463360.4805553,185423108.41699287,7.969,0.0,8.05,BID
944,1712463382.3489912,185423125.9809177,7.969,6.1564025212204955e-09,8.05,BID
945,1712463382.7496376,185658925.9809172,7.963,-8.265121431804572e-05,8.05,ASK
946,1712463382.7569697,185662045.5734737,7.969,-1.09346103892424e-06,8.05,ASK
947,1712463390.4418612,185662045.5734737,7.969,-0.0,8.05,ASK
948,1712463420.3518312,185662045.5734737,7.969,-0.0,8.05,ASK
949,1712463420.708789,185662845.61758944,7.969,2.8023981171170374e-07,8.05,BID
950,1712463450.3740058,185662845.61758944,7.969,0.0,8.05,BID
951,1712463480.4389057,185662845.61758944,7.969,0.0,8.05,BID
952,1712463510.4617877,185662845.61758944,7.969,0.0,8.05,BID
953,1712463540.3639443,185662845.61758944,7.969,0.0,8.05,BID
954,1712463570.334632,185662845.61758944,7.969,0.0,8.05,BID
955,1712463592.8739452,185663646.1639931,7.964,2.80415127108906e-07,8.05,BID
956,1712463600.3687737,185663646.1639931,7.964,0.0,8.05,BID
957,1712463630.3547766,185663646.1639931,7.964,0.0,8.05,BID
958,1712463645.8590877,185663646.16399327,7.961,-6.268007217757192e-17,8.05,ASK
959,1712463645.868534,185712045.5734737,7.955,-1.6965559708848345e-05,8.05,ASK
960,1712463660.4514196,185712045.5734737,7.955,-0.0,8.05,ASK
961,1712463690.4684808,185712045.5734737,7.955,-0.0,8.05,ASK
962,1712463695.2286108,185762910.72613907,7.955,-1.782747649658716e-05,8.05,ASK
963,1712463720.391798,185762910.72613907,7.955,-0.0,8.05,ASK
964,1712463750.3178113,185762910.72613907,7.955,-0.0,8.05,ASK
965,1712463766.4514794,185764167.7971629,7.955,-4.405221496259334e-07,8.05,ASK
966,1712463766.4574049,185911503.23501703,7.955,-5.163154871096336e-05,8.05,ASK
967,1712463766.468864,185911503.2350177,7.955,-2.506509091044016e-16,8.05,ASK
968,1712463780.3892198,185911503.2350177,7.955,-0.0,8.05,ASK
969,1712463795.130729,185912053.84786823,7.952,-1.928743231364958e-07,8.05,ASK
970,1712463795.138054,185913311.2350177,7.953,-4.40450481982397e-07,8.05,ASK
971,1712463795.3295937,185914018.1674389,7.952,-2.4763154747610494e-07,8.05,ASK
972,1712463795.337299,186055480.3923013,7.95,-4.955284070390619e-05,8.05,ASK
973,1712463795.3446815,186056738.2539357,7.95,-4.406166894533913e-07,8.05,ASK
974,1712463810.3510077,186056738.2539357,7.95,-0.0,8.05,ASK
975,1712463830.3790596,186057494.68358707,7.948,-2.648628207419918e-07,8.05,ASK
976,1712463830.3869262,186057494.68358785,7.95,-2.6088107330284683e-16,8.05,ASK
977,1712463840.4418654,186057494.68358785,7.95,-0.0,8.05,ASK
978,1712463847.918835,186204230.4859737,7.948,-5.137923485957968e-05,8.05,ASK
979,1712463870.4431057,186204230.4859737,7.948,-0.0,8.05,ASK
980,1712463872.2591414,186265835.5920599,7.948,-2.156209413745194e-05,8.05,ASK
981,1712463872.266639,186267093.770218,7.948,-4.403686254005387e-07,8.05,ASK
982,1712463872.359076,186267093.7702184,7.948,1.4603345896614332e-16,8.05,BID
983,1712463872.3669262,186301034.9986773,7.948,1.1879599105802777e-05,8.05,BID
984,1712463900.3757083,186301034.9986773,7.948,0.0,8.05,BID
985,1712463901.5894823,186326198.56183788,7.949,-8.886607941491183e-06,8.05,ASK
986,1712463901.597828,186369763.75526544,7.943,-1.5385213589031748e-05,8.05,ASK
987,1712463901.6027417,186447770.8010633,7.948,-2.7548484618687923e-05,8.05,ASK
988,1712463930.3410578,186447770.8010633,7.948,-0.0,8.05,ASK
989,1712463960.4409862,186447770.8010633,7.948,-0.0,8.05,ASK
990,1712463990.4586482,186447770.8010633,7.948,-0.0,8.05,ASK
991,1712464009.108656,186488820.2712203,7.948,1.449080904570466e-05,8.05,BID
992,1712464020.3756862,186488820.2712203,7.948,0.0,8.05,BID
993,1712464050.3442907,186488820.2712203,7.948,0.0,8.05,BID
994,1712464080.4386065,186488820.2712203,7.948,0.0,8.05,BID
995,1712464082.7893193,186527201.61237925,7.94,-1.354737672356141e-05,8.05,ASK
996,1712464110.438632,186527201.61237925,7.94,-0.0,8.05,ASK
997,1712464116.5694664,186527201.6123794,7.948,5.259064065824547e-17,8.05,BID
998,1712464116.5760365,186536586.29222515,7.955,3.312133323303073e-06,8.05,BID
999,1712464116.5804524,186552356.91022035,7.948,5.565921294016946e-06,8.05,BID
1000,1712464117.5588582,186553356.91022035,7.94,-3.529298151607066e-07,8.05,ASK
1201,1712464117.5729113,186723934.47964075,7.94,-6.0201910046103405e-05,8.05,ASK
1202,1712464117.7216263,186810475.47964075,7.94,3.054289913382271e-05,8.05,BID
1203,1712464117.7794158,186918560.0946427,7.94,3.814628319435318e-05,8.05,BID
1204,1712464117.7820177,187170480.9914811,7.94,8.89103955562948e-05,8.05,BID
1205,1712464140.3588643,187170480.9914811,7.94,0.0,8.05,BID
1206,1712464170.3568969,187170480.9914811,7.94,0.0,8.05,BID
1207,1712464200.4241123,187170480.9914811,7.94,0.0,8.05,BID
1208,1712464230.340139,187170480.9914811,7.94,0.0,8.05,BID
1209,1712464260.431178,187170480.9914811,7.94,0.0,8.05,BID
1210,1712464290.448874,187170480.9914811,7.94,0.0,8.05,BID
1211,1712464291.9492245,187171110.91968364,7.939,-2.2196170723744825e-07,8.05,ASK
1212,1712464292.058704,187171130.9914811,7.939,7.0725051103513995e-09,8.05,BID
1213,1712464296.2894042,187171779.01159424,7.955,2.283365787671244e-07,8.05,BID
1214,1712464320.3583832,187171779.01159424,7.955,0.0,8.05,BID
1215,1712464324.798755,187189377.63366684,7.95,6.201033683757038e-06,8.05,BID
1216,1712464350.330225,187189377.63366684,7.95,0.0,8.05,BID
1217,1712464363.7887447,187195496.25001904,7.95,2.1558435412270087e-06,8.05,BID
1218,1712464380.4324398,187195496.25001904,7.95,0.0,8.05,BID
1219,1712464410.434884,187195496.25001904,7.95,0.0,8.05,BID
1220,1712464414.0598917,187196496.25001904,7.937,-3.523356374806897e-07,8.05,ASK
1221,1712464414.062703,187197126.33695364,7.937,-2.2200208176924105e-07,8.05,ASK
1222,1712464414.0654266,187197756.6621364,7.934,-2.22086025089893e-07,8.05,ASK
1223,1712464414.0681477,187198764.72665253,7.936,-3.551770539113081e-07,8.05,ASK
1224,1712464414.0761907,187256370.548572,7.931,-2.029658398859591e-05,8.05,ASK
1225,1712464414.0773883,187257379.1214414,7.932,-3.553561648823418e-07,8.05,ASK
1226,1712464440.3904371,187257379.1214414,7.932,-0.0,8.05,ASK
1227,1712464470.3442514,187257379.1214414,7.932,-0.0,8.05,ASK
1228,1712464500.4485595,187257379.1214414,7.932,-0.0,8.05,ASK
1229,1712464530.4784052,187257379.1214414,7.932,-0.0,8.05,ASK
1230,1712464560.3458624,187257379.1214414,7.932,-0.0,8.05,ASK
1231,1712464590.3452315,187257379.1214414,7.932,-0.0,8.05,ASK
1232,1712464620.428823,187257379.1214414,7.932,-0.0,8.05,ASK
1233,1712464631.428521,187269957.7377936,7.949,4.431486459721121e-06,8.05,BID
1234,1712464650.4512234,187269957.7377936,7.949,0.0,8.05,BID
1235,1712464680.3512902,187269957.7377936,7.949,0.0,8.05,BID
1236,1712464696.4791276,187320976.8848561,7.949,1.7973574286750366e-05,8.05,BID
1237,1712464698.0791638,187366891.56594807,7.949,1.617531807122821e-05,8.05,BID
1238,1712464710.356837,187366891.56594807,7.949,0.0,8.05,BID
1239,1712464740.4411724,187366891.56594807,7.949,0.0,8.05,BID
1240,1712464770.4487064,187366891.56594807,7.949,0.0,8.05,BID
1241,1712464800.3528714,187366891.56594807,7.949,0.0,8.05,BID
1242,1712464802.4796343,187367520.5758864,7.949,2.217712371616035e-07,8.05,BID
1243,1712464813.6988933,187370608.86477304,7.949,1.0888439202101734e-06,8.05,BID
1244,1712464813.701866,187373810.67527,7.949,1.1288684515109363e-06,8.05,BID
1245,1712464830.3522956,187373810.67527,7.949,0.0,8.05,BID
1246,1712464860.430911,187373810.67527,7.949,0.0,8.05,BID
1247,1712464890.4585292,187373810.67527,7.949,0.0,8.05,BID
1248,1712464920.3772118,187373810.67527,7.949,0.0,8.05,BID
1249,1712464941.3187752,187376623.7099713,7.949,9.917777935667845e-07,8.05,BID
1250,1712464950.3442872,187376623.7099713,7.949,0.0,8.05,BID
1251,1712464962.6086178,187380397.7696015,7.949,-1.3305911308272395e-06,8.05,ASK
1252,1712464980.4606729,187380397.7696015,7.949,-0.0,8.05,ASK
1253,1712465010.4503655,187380397.7696015,7.949,-0.0,8.05,ASK
1254,1712465016.8491104,187502425.69764248,7.949,-4.3021991525197776e-05,8.05,ASK
1255,1712465016.8506289,187502425.6976428,7.949,-9.45635768467397e-17,8.05,ASK
1256,1712465040.3629398,187502425.6976428,7.949,-0.0,8.05,ASK
1257,1712465061.9594235,187503462.6899117,7.941,-3.654755230600016e-07,8.05,ASK
1258,1712465061.9714508,187505238.7323441,7.941,-6.259449142813561e-07,8.05,ASK
1259,1712465070.3483317,187505238.7323441,7.941,-0.0,8.05,ASK
1260,1712465100.3651547,187505238.7323441,7.941,-0.0,8.05,ASK
1261,1712465130.369605,187505238.7323441,7.941,-0.0,8.05,ASK
1262,1712465160.4511163,187505238.7323441,7.941,-0.0,8.05,ASK
1263,1712465190.4569888,187505238.7323441,7.941,-0.0,8.05,ASK
1264,1712465220.318478,187505238.7323441,7.941,-0.0,8.05,ASK
1265,1712465250.3687282,187505238.7323441,7.941,-0.0,8.05,ASK
1266,1712465280.4384906,187505238.7323441,7.941,-0.0,8.05,ASK
1267,1712465293.0793073,187568195.1664917,7.942,-2.2188164420358857e-05,8.05,ASK
1268,1712465293.0826902,187820060.54319915,7.942,-8.87666283176477e-05,8.05,ASK
1269,1712465298.7489629,187826358.54319915,7.955,2.219646989406585e-06,8.05,BID
1270,1712465310.4386606,187826358.54319915,7.955,0.0,8.05,BID
1271,1712465311.7391348,188103242.7352162,7.95,-9.749654384819596e-05,8.05,ASK
1272,1712465311.740746,188436516.2921493,7.95,-0.0001173523837539,8.05,ASK
1273,1712465311.7421846,189058264.633717,7.95,-0.0002189302105136,8.05,ASK
1274,1712465328.3686783,189059523.92096043,7.941,-4.434205978020664e-07,8.05,ASK
1275,1712465340.371374,189059523.92096043,7.941,-0.0,8.05,ASK
1276,1712465370.331148,189059523.92096043,7.941,-0.0,8.05,ASK
1277,1712465400.3699634,189059523.92096043,7.941,-0.0,8.05,ASK
1278,1712465430.3597298,189059523.92096043,7.941,-0.0,8.05,ASK
1279,1712465460.4525497,189059523.92096043,7.941,-0.0,8.05,ASK
1280,1712465490.4549348,189059523.92096043,7.941,-0.0,8.05,ASK
1281,1712465520.3968277,189059523.92096043,7.941,-0.0,8.05,ASK
1282,1712465550.3437738,189059523.92096043,7.941,-0.0,8.05,ASK
1283,1712465580.453651,189059523.92096043,7.941,-0.0,8.05,ASK
1284,1712465610.446158,189059523.92096043,7.941,-0.0,8.05,ASK
1285,1712465617.9495585,189069523.92096043,7.942,-3.51043273538102e-06,8.05,ASK
1286,1712465617.9530158,189314495.8740456,7.942,-8.59957563360349e-05,8.05,ASK
1287,1712465640.3291428,189314495.8740456,7.942,-0.0,8.05,ASK
1288,1712465641.6687143,189344429.063687,7.942,-1.050038059799546e-05,8.05,ASK
1289,1712465644.3507483,189375064.3898756,7.942,-1.0746685821900423e-05,8.05,ASK
1290,1712465646.9295957,189405962.0934054,7.942,-1.0838726195032526e-05,8.05,ASK
1291,1712465652.9890742,189431519.3271857,7.942,-8.965321936646222e-06,8.05,ASK
1292,1712465653.0888655,189433770.02658227,7.942,7.895316388914137e-07,8.05,BID
1293,1712465670.331738,189433770.02658227,7.942,0.0,8.05,BID
1294,1712465678.2390342,189434982.58872607,7.942,-4.252181148167915e-07,8.05,ASK
1295,1712465700.6174705,189434982.58872607,7.942,-0.0,8.05,ASK
1296,1712465720.4590836,189447573.8755556,7.942,-4.418321664099084e-06,8.05,ASK
1297,1712465730.4487536,189447573.8755556,7.942,-0.0,8.05,ASK
1298,1712465760.3185835,189447573.8755556,7.942,-0.0,8.05,ASK
1299,1712465787.6090262,189457164.91752216,7.944,-3.3654083280104106e-06,8.05,ASK
1300,1712465790.3325784,189457164.91752216,7.944,-0.0,8.05,ASK
1301,1712465820.444969,189457164.91752216,7.944,-0.0,8.05,ASK
1302,1712465850.4587457,189457164.91752216,7.944,-0.0,8.05,ASK
1303,1712465880.368419,189457164.91752216,7.944,-0.0,8.05,ASK
1304,1712465906.0392385,189463450.2726447,7.955,2.205414286285553e-06,8.05,BID
1305,1712465910.3422348,189463450.2726447,7.955,0.0,8.05,BID
1306,1712465940.442476,189463450.2726447,7.955,0.0,8.05,BID
1307,1712465957.5190246,189469861.3348697,7.944,-2.249483106940584e-06,8.05,ASK
1308,1712465970.4559138,189469861.3348697,7.944,-0.0,8.05,ASK
1309,1712466000.4207685,189469861.3348697,7.944,-0.0,8.05,ASK
1310,1712466004.1882691,189511625.8276694,7.944,-1.4703651310289016e-05,8.05,ASK
1311,1712466030.3157628,189511625.8276694,7.944,-0.0,8.05,ASK
1312,1712466060.41913,189511625.8276694,7.944,-0.0,8.05,ASK
1313,1712466090.4453723,189511625.8276694,7.944,-0.0,8.05,ASK
1314,1712466120.3306427,189511625.8276694,7.944,-0.0,8.05,ASK
1315,1712466123.8491344,189516743.23118168,7.944,-1.8014280515600408e-06,8.05,ASK
1316,1712466123.8526294,189516904.05551752,7.944,-5.661337224377048e-08,8.05,ASK
1317,1712466150.3393295,189516904.05551752,7.944,-0.0,8.05,ASK
1318,1712466180.4424355,189516904.05551752,7.944,-0.0,8.05,ASK
1319,1712466210.4588945,189516904.05551752,7.944,-0.0,8.05,ASK
1320,1712466240.3329155,189516904.05551752,7.944,-0.0,8.05,ASK
1321,1712466270.333876,189516904.05551752,7.944,-0.0,8.05,ASK
1322,1712466293.658944,189518101.2301853,7.944,-4.214231283639367e-07,8.05,ASK
1323,1712466300.4388754,189518101.2301853,7.944,-0.0,8.05,ASK
1324,1712466330.459116,189518101.2301853,7.944,-0.0,8.05,ASK
1325,1712466360.3261113,189518101.2301853,7.944,-0.0,8.05,ASK
1326,1712466390.3451846,189518101.2301853,7.944,-0.0,8.05,ASK
1327,1712466420.421335,189518101.2301853,7.944,-0.0,8.05,ASK
1328,1712466450.4392211,189518101.2301853,7.944,-0.0,8.05,ASK
1329,1712466480.367717,189518101.2301853,7.944,-0.0,8.05,ASK
1330,1712466510.3133156,189518101.2301853,7.944,-0.0,8.05,ASK
1331,1712466540.471401,189518101.2301853,7.944,-0.0,8.05,ASK
1332,1712466570.450533,189518101.2301853,7.944,-0.0,8.05,ASK
1333,1712466578.509321,189519101.2301853,7.946,-3.525281136488556e-07,8.05,ASK
1334,1712466582.8798158,189525219.8465375,7.948,-2.1569842807822866e-06,8.05,ASK
1335,1712466585.491871,189650879.5600333,7.958,4.429858176034784e-05,8.05,BID
1336,1712466585.4959972,189652622.86796704,7.958,6.145650573721725e-07,8.05,BID
1337,1712466585.5000522,189653329.1836317,7.958,2.48996128899353e-07,8.05,BID
1338,1712466595.5318358,189862426.52175468,7.963,7.37126901774959e-05,8.05,BID
1339,1712466595.5585766,189862426.52175507,7.963,1.365800344179607e-16,8.05,BID
1340,1712466600.3818867,189862426.52175507,7.963,0.0,8.05,BID
1341,1712466612.669613,189903381.10499507,7.966,1.4478374661395496e-05,8.05,BID
1342,1712466612.6729517,189903381.1049955,7.966,1.4750116281056583e-16,8.05,BID
1343,1712466630.444177,189903381.1049955,7.966,0.0,8.05,BID
1344,1712466660.4388566,189903381.1049955,7.966,0.0,8.05,BID
1345,1712466690.4306054,189903381.1049955,7.966,0.0,8.05,BID
1346,1712466720.350695,189903381.1049955,7.966,0.0,8.05,BID
1347,1712466750.329382,189903381.1049955,7.966,0.0,8.05,BID
1348,1712466780.4493823,189903381.1049955,7.966,0.0,8.05,BID
1349,1712466810.4576788,189903381.1049955,7.966,0.0,8.05,BID
1350,1712466837.8095832,189933650.91208065,7.966,-1.069982973197776e-05,8.05,ASK
1351,1712466840.3428154,189933650.91208065,7.966,-0.0,8.05,ASK
1352,1712466870.3306923,189933650.91208065,7.966,-0.0,8.05,ASK
1353,1712466900.3563962,189933650.91208065,7.966,-0.0,8.05,ASK
1354,1712466930.3235884,189933650.91208065,7.966,-0.0,8.05,ASK
1355,1712466941.999152,189944871.3007953,7.975,3.984793823903899e-06,8.05,BID
1356,1712466960.3704834,189944871.3007953,7.975,0.0,8.05,BID
1357,1712466990.3232946,189944871.3007953,7.975,0.0,8.05,BID
1358,1712467020.432366,189944871.3007953,7.975,0.0,8.05,BID
1359,1712467024.8300066,190197106.8047073,7.966,-8.957573250959052e-05,8.05,ASK
1360,1712467024.8334637,190289885.6917033,7.966,-3.2948322639788486e-05,8.05,ASK
1361,1712467024.9094932,190297530.6597385,7.966,-2.714937434030493e-06,8.05,ASK
1362,1712467024.9138055,190539784.2575881,7.966,-8.603088440728763e-05,8.05,ASK
1363,1712467050.459127,190539784.2575881,7.966,-0.0,8.05,ASK
1364,1712467080.3650875,190539784.2575881,7.966,-0.0,8.05,ASK
1365,1712467110.3334355,190539784.2575881,7.966,-0.0,8.05,ASK
1366,1712467140.452208,190539784.2575881,7.966,-0.0,8.05,ASK
1367,1712467170.4490206,190539784.2575881,7.966,-0.0,8.05,ASK
1368,1712467180.2693362,190589819.88203788,7.951,-1.773916540503725e-05,8.05,ASK
1369,1712467180.2794256,190641221.84106085,7.947,-1.822357296983376e-05,8.05,ASK
1370,1712467200.3776977,190641221.84106085,7.947,-0.0,8.05,ASK
1371,1712467211.6742687,190907833.68726367,7.975,9.454286137215038e-05,8.05,BID
1372,1712467211.6765306,191283834.75642136,7.975,0.0001333332237987,8.05,BID
1373,1712467230.3205864,191283834.75642136,7.975,0.0,8.05,BID
1374,1712467260.4583075,191283834.75642136,7.975,0.0,8.05,BID
1375,1712467290.4535775,191283834.75642136,7.975,0.0,8.05,BID
1376,1712467320.3743072,191283834.75642136,7.975,0.0,8.05,BID
1377,1712467350.33893,191283834.75642136,7.975,0.0,8.05,BID
1378,1712467365.5202386,191430087.03908503,7.975,5.176824246975484e-05,8.05,BID
1379,1712467365.524645,191455162.2647621,7.976,8.875761384305276e-06,8.05,BID
1380,1712467365.528344,191511613.48671973,7.98,1.9981777328809543e-05,8.05,BID
1381,1712467365.5312932,191585151.9766228,7.975,2.603007834697293e-05,8.05,BID
1382,1712467365.5344608,191821851.9766228,7.979,8.37836016602021e-05,8.05,BID
1383,1712467365.5373814,192201347.1567679,7.98,0.0001343281495785,8.05,BID
1384,1712467380.4728355,192201347.1567679,7.98,0.0,8.05,BID
1385,1712467410.4491737,192201347.1567679,7.98,0.0,8.05,BID
1386,1712467440.3247814,192201347.1567679,7.98,0.0,8.05,BID
1387,1712467470.3360488,192201347.1567679,7.98,0.0,8.05,BID
1388,1712467500.3467915,192201347.1567679,7.98,0.0,8.05,BID
1389,1712467530.3598502,192201347.1567679,7.98,0.0,8.05,BID
1390,1712467558.5790358,192204150.8927445,7.98,-9.907487907906115e-07,8.05,ASK
1391,1712467560.4307604,192204150.8927445,7.98,-0.0,8.05,ASK
1392,1712467561.9190314,192206150.8927445,7.98,7.067291400294014e-07,8.05,BID
1393,1712467590.458728,192206150.8927445,7.98,0.0,8.05,BID
1394,1712467610.1790588,192224150.8927445,7.98,6.3605263888132405e-06,8.05,BID
1395,1712467620.3439004,192224150.8927445,7.98,0.0,8.05,BID
1396,1712467650.331184,192224150.8927445,7.98,0.0,8.05,BID
1397,1712467680.4386272,192224150.8927445,7.98,0.0,8.05,BID
1398,1712467695.178826,192224783.24382585,7.97,-2.234378667239392e-07,8.05,ASK
1399,1712467698.8124044,192225409.65324703,7.982,2.213384129476775e-07,8.05,BID
1400,1712467710.452817,192225409.65324703,7.982,0.0,8.05,BID
1401,1712467740.537753,192225409.65324703,7.982,0.0,8.05,BID
1402,1712467748.1489367,192227409.65324703,7.98,-7.066867778965322e-07,8.05,ASK
1403,1712467762.3089397,192237409.65324703,7.978,3.533433889482661e-06,8.05,BID
1404,1712467770.350545,192237409.65324703,7.978,0.0,8.05,BID
1405,1712467800.4088435,192237409.65324703,7.978,0.0,8.05,BID
1406,1712467830.4312706,192237409.65324703,7.978,0.0,8.05,BID
1407,1712467860.4296217,192237409.65324703,7.978,0.0,8.05,BID
1408,1712467861.2396493,192256170.244874,7.978,6.630737821246719e-06,8.05,BID
1409,1712467876.5194433,192456170.244874,7.978,7.068793941139637e-05,8.05,BID
1410,1712467884.6595092,192461563.98813185,7.97,-1.9063629830472527e-06,8.05,ASK
1411,1712467890.4519458,192461563.98813185,7.97,-0.0,8.05,ASK
1412,1712467920.3474996,192461563.98813185,7.97,-0.0,8.05,ASK
1413,1712467932.732048,192512376.98813185,7.978,1.7947987442524644e-05,8.05,BID
1414,1712467933.7994983,192519074.98813185,7.978,2.365843777970796e-06,8.05,BID
1415,1712467950.3333569,192519074.98813185,7.978,0.0,8.05,BID
1416,1712467954.4049768,192538572.98813185,7.978,6.885898375598088e-06,8.05,BID
1417,1712467967.9298682,192589291.98813185,7.978,1.7911882229559926e-05,8.05,BID
1418,1712467973.0498788,192596193.0911652,7.978,2.4371881304272105e-06,8.05,BID
1419,1712467980.3560758,192596193.0911652,7.978,0.0,8.05,BID
1420,1712467998.001702,192653662.0731907,7.978,2.029129167985384e-05,8.05,BID
1421,1712468010.3622134,192653662.0731907,7.978,0.0,8.05,BID
1422,1712468040.4497864,192653662.0731907,7.978,0.0,8.05,BID
1423,1712468052.870072,192666196.5429826,7.978,4.4249855600300656e-06,8.05,BID
1424,1712468066.802582,192743539.64490423,7.969,-2.730407546969952e-05,8.05,ASK
1425,1712468066.8049345,193135146.7235986,7.97,-0.0001382472252272,8.05,ASK
1426,1712468066.8070948,193177754.7235986,7.972,-1.5041704026708265e-05,8.05,ASK
1427,1712468070.4619954,193177754.7235986,7.972,-0.0,8.05,ASK
1428,1712468100.3147545,193177754.7235986,7.972,-0.0,8.05,ASK
1429,1712468130.3632038,193177754.7235986,7.972,-0.0,8.05,ASK
1430,1712468142.9985826,193184021.9584945,7.978,2.2093340931870114e-06,8.05,BID
1431,1712468159.1797707,193222703.1943649,7.962,-1.3635961407855134e-05,8.05,ASK
1432,1712468159.1850224,193224021.9584945,7.962,-4.648925085450839e-07,8.05,ASK
1433,1712468160.458346,193224021.9584945,7.962,-0.0,8.05,ASK
1434,1712468190.4284706,193224021.9584945,7.962,-0.0,8.05,ASK
1435,1712468220.344663,193224021.9584945,7.962,-0.0,8.05,ASK
1436,1712468250.339703,193224021.9584945,7.962,-0.0,8.05,ASK
1437,1712468280.438368,193224021.9584945,7.962,-0.0,8.05,ASK
1438,1712468310.5294816,193224021.9584945,7.962,-0.0,8.05,ASK
1439,1712468340.3370745,193224021.9584945,7.962,-0.0,8.05,ASK
1440,1712468352.6187017,193227959.3737911,7.972,-1.38784267093148e-06,8.05,ASK
1441,1712468360.468572,193253078.6905457,7.972,8.853945299393893e-06,8.05,BID
1442,1712468370.3445466,193253078.6905457,7.972,0.0,8.05,BID
1443,1712468400.381499,193253078.6905457,7.972,0.0,8.05,BID
1444,1712468430.348207,193253078.6905457,7.972,0.0,8.05,BID
1445,1712468460.4484437,193253078.6905457,7.972,0.0,8.05,BID
1446,1712468490.458529,193253078.6905457,7.972,0.0,8.05,BID
1447,1712468499.0085406,193253830.7587332,7.978,2.6517314538641464e-07,8.05,BID
1448,1712468520.3740203,193253830.7587332,7.978,0.0,8.05,BID
1449,1712468548.2292397,193263292.6801628,7.962,-3.336189723971074e-06,8.05,ASK
1450,1712468548.2317936,193453077.17923057,7.959,-6.691633409445006e-05,8.05,ASK
1451,1712468548.2341435,193453830.7587332,7.962,-2.65705460736967e-07,8.05,ASK
1452,1712468550.3226717,193453830.7587332,7.962,-0.0,8.05,ASK
1453,1712468580.4583292,193453830.7587332,7.962,-0.0,8.05,ASK
1454,1712468610.468352,193453830.7587332,7.962,-0.0,8.05,ASK
1455,1712468618.1590629,193454480.7587332,7.956,-2.290556841288027e-07,8.05,ASK
1456,1712468620.9494994,193455128.93941075,7.97,2.2841456697142533e-07,8.05,BID
1457,1712468640.331014,193455128.93941075,7.97,0.0,8.05,BID
1458,1712468641.2591133,193456128.93941075,7.97,-3.523920764933347e-07,8.05,ASK
1459,1712468670.3378062,193456128.93941075,7.97,-0.0,8.05,ASK
1460,1712468675.559281,193459378.4873312,7.961,-1.1451117232263877e-06,8.05,ASK
1461,1712468700.3804638,193459378.4873312,7.961,-0.0,8.05,ASK
1462,1712468730.4129603,193459378.4873312,7.961,-0.0,8.05,ASK
1463,1712468760.4594529,193459378.4873312,7.961,-0.0,8.05,ASK
1464,1712468790.4496777,193459378.4873312,7.961,-0.0,8.05,ASK
1465,1712468820.3336132,193459378.4873312,7.961,-0.0,8.05,ASK
1466,1712468850.3472695,193459378.4873312,7.961,-0.0,8.05,ASK
1467,1712468880.4499142,193459378.4873312,7.961,-0.0,8.05,ASK
1468,1712468892.079939,193963474.26552904,7.976,0.0001777155584782,8.05,BID
1469,1712468892.0826168,193970041.1544715,7.977,2.315112298786488e-06,8.05,BID
1470,1712468910.4501696,193970041.1544715,7.977,0.0,8.05,BID
1471,1712468940.3538566,193970041.1544715,7.977,0.0,8.05,BID
1472,1712468970.342666,193970041.1544715,7.977,0.0,8.05,BID
1473,1712469000.379926,193970041.1544715,7.977,0.0,8.05,BID
1474,1712469030.3253012,193970041.1544715,7.977,0.0,8.05,BID
1475,1712469060.4493663,193970041.1544715,7.977,0.0,8.05,BID
1476,1712469090.449422,193970041.1544715,7.977,0.0,8.05,BID
1477,1712469120.3268416,193970041.1544715,7.977,0.0,8.05,BID
1478,1712469150.3330054,193970041.1544715,7.977,0.0,8.05,BID
1479,1712469180.479387,193970041.1544715,7.977,0.0,8.05,BID
1480,1712469210.4591515,193970041.1544715,7.977,0.0,8.05,BID
1481,1712469240.3330548,193970041.1544715,7.977,0.0,8.05,BID
1482,1712469251.969325,193976309.1750306,7.977,2.2066185308069203e-06,8.05,BID
1483,1712469270.338754,193976309.1750306,7.977,0.0,8.05,BID
1484,1712469300.3840487,193976309.1750306,7.977,0.0,8.05,BID
1485,1712469330.3317232,193976309.1750306,7.977,0.0,8.05,BID
1486,1712469360.4403346,193976309.1750306,7.977,0.0,8.05,BID
1487,1712469364.499709,194005255.1750306,7.976,1.0190481883921598e-05,8.05,BID
1488,1712469390.4593582,194005255.1750306,7.976,0.0,8.05,BID
1489,1712469413.319173,194057215.1750306,7.975,1.8291107752845903e-05,8.05,BID
1490,1712469420.377848,194057215.1750306,7.975,0.0,8.05,BID
1491,1712469424.439427,194107458.1750306,7.975,1.7684104895570588e-05,8.05,BID
1492,1712469450.328552,194107458.1750306,7.975,0.0,8.05,BID
1493,1712469480.4514022,194107458.1750306,7.975,0.0,8.05,BID
1494,1712469510.439004,194107458.1750306,7.975,0.0,8.05,BID
1495,1712469524.3590786,194109464.44462305,7.974,7.060501758740301e-07,8.05,BID
1496,1712469530.4800398,194119464.44462305,7.967,-3.519218845394078e-06,8.05,ASK
1497,1712469530.4823954,194164648.44462305,7.965,-1.5901238431028602e-05,8.05,ASK
1498,1712469530.4844527,194172507.84321493,7.961,-2.7658943637993806e-06,8.05,ASK
1499,1712469530.4865108,194219855.84321493,7.964,-1.666279738917188e-05,8.05,ASK
1500,1712469530.4885738,194265039.84321493,7.964,-1.5901238431028602e-05,8.05,ASK
1501,1712469530.4906745,194312387.84321493,7.965,-1.666279738917188e-05,8.05,ASK
1502,1712469530.4927824,194359735.84321493,7.961,-1.666279738917188e-05,8.05,ASK
1503,1712469532.6290953,194378546.97940755,7.974,6.620050499234221e-06,8.05,BID
1504,1712469540.356212,194378546.97940755,7.974,0.0,8.05,BID
1505,1712469559.8594737,194381055.1308999,7.974,8.820032183239549e-07,8.05,BID
1506,1712469570.3463583,194381055.1308999,7.974,0.0,8.05,BID
1507,1712469600.4774249,194381055.1308999,7.974,0.0,8.05,BID
1508,1712469630.312606,194381055.1308999,7.974,0.0,8.05,BID
1509,1712469660.5024085,194381055.1308999,7.974,0.0,8.05,BID
1510,1712469690.4482942,194381055.1308999,7.974,0.0,8.05,BID
1511,1712469697.7885618,194387983.0812105,7.973,2.43631231505182e-06,8.05,BID
1512,1712469697.868416,194406139.79162985,7.973,-6.3850655984306485e-06,8.05,ASK
1513,1712469720.3353896,194406139.79162985,7.973,-0.0,8.05,ASK
1514,1712469742.628684,194407139.79162985,7.96,-3.516394987144966e-07,8.05,ASK
1515,1712469742.6333768,194830651.32863364,7.96,-0.0001489233845718,8.05,ASK
1516,1712469743.9094205,194915990.8963329,7.96,-3.0008762806266887e-05,8.05,ASK
1517,1712469750.338513,194915990.8963329,7.96,-0.0,8.05,ASK
1518,1712469751.0999231,195019712.7593065,7.96,-3.6420727919465264e-05,8.05,ASK
1519,1712469765.4618545,195105427.35440284,7.96,-3.009768487788329e-05,8.05,ASK
1520,1712469774.4519129,195189802.6589508,7.96,-2.96274085516752e-05,8.05,ASK
1521,1712469780.5485337,195189802.6589508,7.96,-0.0,8.05,ASK
1522,1712469787.9287343,195283657.6294115,7.96,-3.293088048743372e-05,8.05,ASK
1523,1712469799.8487997,195499964.00664508,7.96,-7.589538862335446e-05,8.05,ASK
1524,1712469799.948363,195584323.4937662,7.96,-2.959920156310939e-05,8.05,ASK
1525,1712469800.0713787,195664049.02545515,7.96,-2.797328626239553e-05,8.05,ASK
1526,1712469800.0760794,195782815.95607853,7.96,-4.167173649961455e-05,8.05,ASK
1527,1712469800.168281,196007757.1363805,7.96,-7.892508078011684e-05,8.05,ASK
1528,1712469800.2568202,196103604.42249727,7.96,-3.362992400574831e-05,8.05,ASK
1529,1712469800.2604537,196187470.79784945,7.96,-2.942618350503631e-05,8.05,ASK
1530,1712469800.288136,196391146.28084755,7.96,-7.146358851221909e-05,8.05,ASK
1531,1712469810.438738,196391146.28084755,7.96,-0.0,8.05,ASK
1532,1712469840.339902,196391146.28084755,7.96,-0.0,8.05,ASK
1533,1712469870.3120763,196391146.28084755,7.96,-0.0,8.05,ASK
1534,1712469900.4681256,196391146.28084755,7.96,-0.0,8.05,ASK
1535,1712469930.4484515,196391146.28084755,7.96,-0.0,8.05,ASK
1536,1712469960.3813796,196391146.28084755,7.96,-0.0,8.05,ASK
1537,1712469990.3764887,196391146.28084755,7.96,-0.0,8.05,ASK
1538,1712470020.4497876,196391146.28084755,7.96,-0.0,8.05,ASK
1539,1712470050.4797025,196391146.28084755,7.96,-0.0,8.05,ASK
1540,1712470080.330679,196391146.28084755,7.96,-0.0,8.05,ASK
1541,1712470080.6691694,196406391.10453936,7.969,5.3327472849382e-06,8.05,BID
1542,1712470110.3703997,196406391.10453936,7.969,0.0,8.05,BID
1543,1712470124.5291884,196416391.10453936,7.969,3.4979221658474906e-06,8.05,BID
1544,1712470140.4509978,196416391.10453936,7.969,0.0,8.05,BID
1545,1712470170.4750366,196416391.10453936,7.969,0.0,8.05,BID
1546,1712470171.7089565,196418900.82972443,7.968,8.778578652661171e-07,8.05,BID
1547,1712470200.397751,196418900.82972443,7.968,0.0,8.05,BID
1548,1712470230.3069396,196418900.82972443,7.968,0.0,8.05,BID
1549,1712470260.459802,196418900.82972443,7.968,0.0,8.05,BID
1550,1712470290.4930403,196418900.82972443,7.968,0.0,8.05,BID
1551,1712470320.3678963,196418900.82972443,7.968,0.0,8.05,BID
1552,1712470338.749365,196472555.2157516,7.96,-1.8770790080560496e-05,8.05,ASK
1553,1712470344.339751,196647591.6503066,7.967,6.123585437762226e-05,8.05,BID
1554,1712470344.3438025,196647591.65030685,7.967,8.340986508266563e-17,8.05,BID
1555,1712470347.949638,196981843.65030685,7.968,0.0001169368357477,8.05,BID
1556,1712470348.3092017,196984723.8025228,7.968,1.0076106847706358e-06,8.05,BID
1557,1712470348.3131592,197000158.6260224,7.968,5.399816367193236e-06,8.05,BID
1558,1712470350.3422408,197000158.6260224,7.968,0.0,8.05,BID
1559,1712470361.1802475,197053978.6260224,7.969,1.879827465030547e-05,8.05,BID
1560,1712470368.989033,197060252.9389852,7.969,2.1914949519801333e-06,8.05,BID
1561,1712470380.4672542,197060252.9389852,7.969,0.0,8.05,BID
1562,1712470410.449058,197060252.9389852,7.969,0.0,8.05,BID
1563,1712470440.336157,197060252.9389852,7.969,0.0,8.05,BID
1564,1712470470.36506,197060252.9389852,7.969,0.0,8.05,BID
1565,1712470500.6349947,197060252.9389852,7.969,0.0,8.05,BID
1566,1712470530.3439808,197060252.9389852,7.969,0.0,8.05,BID
1567,1712470544.639728,197070886.6416613,7.95,-3.713557069081136e-06,8.05,ASK
1568,1712470544.6437342,197080818.78250915,7.95,-3.468553990981253e-06,8.05,ASK
1569,1712470560.4429553,197080818.78250915,7.95,-0.0,8.05,ASK
1570,1712470583.1190877,197228035.14272603,7.95,-5.140872924944454e-05,8.05,ASK
1571,1712470583.259237,197354779.03408104,7.95,4.425963517296127e-05,8.05,BID
1572,1712470583.269039,197354779.03408143,7.95,1.456997937272149e-16,8.05,BID
1573,1712470590.459031,197354779.03408143,7.95,0.0,8.05,BID
1574,1712470620.4567552,197354779.03408143,7.95,0.0,8.05,BID
1575,1712470650.3775446,197354779.03408143,7.95,0.0,8.05,BID
1576,1712470680.4595425,197354779.03408143,7.95,0.0,8.05,BID
1577,1712470682.7501829,197461145.99154857,7.96,3.711567358663831e-05,8.05,BID
1578,1712470682.7553885,197702087.95367944,7.96,8.407425983336031e-05,8.05,BID
1579,1712470690.6431143,197754330.83356115,7.944,-1.8229624340952745e-05,8.05,ASK
1580,1712470710.4592674,197754330.83356115,7.944,-0.0,8.05,ASK
1581,1712470710.6689956,197800729.95467585,7.944,-1.6172560584399783e-05,8.05,ASK
1582,1712470710.671385,197882126.3607177,7.944,-2.837097506244169e-05,8.05,ASK
1583,1712470718.9126034,197907356.5865282,7.944,-8.794075096157028e-06,8.05,ASK
1584,1712470740.351594,197907356.5865282,7.944,-0.0,8.05,ASK
1585,1712470756.7090504,197964331.84483656,7.944,-1.985049575935529e-05,8.05,ASK
1586,1712470760.7899551,198179704.0231552,7.944,-7.50368605484714e-05,8.05,ASK
1587,1712470763.0591598,198185517.0783597,7.944,2.0253006500141814e-06,8.05,BID
1588,1712470770.4432306,198185517.0783597,7.944,0.0,8.05,BID
1589,1712470781.7993436,198468041.8926747,7.944,9.835748821143602e-05,8.05,BID
1590,1712470781.8044977,198468041.89267483,7.944,4.1501226432493495e-17,8.05,BID
1591,1712470800.41988,198468041.89267483,7.944,0.0,8.05,BID
1592,1712470830.3252454,198468041.89267483,7.944,0.0,8.05,BID
1593,1712470860.448893,198468041.89267483,7.944,0.0,8.05,BID
1594,1712470890.5343232,198468041.89267483,7.944,0.0,8.05,BID
1595,1712470892.9498768,198469141.89267483,7.943,-3.852935084904383e-07,8.05,ASK
1596,1712470892.9551685,198631649.9625728,7.943,-5.692118582636537e-05,8.05,ASK
