,time,acc_trade_volume,trade_price,dev,high,ask_bid
0,1712451675.1360188,80034.78099461,876.5,0.0,883.0,BID
1,1712451690.3341038,80034.78099461,876.5,0.0,883.0,BID
2,1712451720.2345436,80034.78099461,876.5,0.0,883.0,BID
3,1712451721.1849456,80749.78099461,875.3,-6.179333431027308e-07,883.0,ASK
4,1712451721.191269,80755.58099461,876.1,-5.012606139856835e-09,883.0,ASK
5,1712451721.1925488,81197.75289401,876.0,-3.821437203109431e-07,883.0,ASK
6,1712451721.195912,81204.82494401,875.2,-6.1119657329946955e-09,883.0,ASK
7,1712451721.1965115,82521.04571596,875.1,-1.1375338487724763e-06,883.0,ASK
8,1712451721.1971085,82635.2009671,876.0,-9.865781254498997e-08,883.0,ASK
9,1712451750.234214,82635.2009671,876.0,-0.0,883.0,ASK
10,1712451780.3442557,82635.2009671,876.0,-0.0,883.0,ASK
11,1712451810.3481047,82635.2009671,876.0,-0.0,883.0,ASK
12,1712451840.238227,82635.2009671,876.0,-0.0,883.0,ASK
13,1712451870.2414308,82635.2009671,876.0,-0.0,883.0,ASK
14,1712451900.345411,82635.2009671,876.0,-0.0,883.0,ASK
15,1712451930.3373952,82635.2009671,876.0,-0.0,883.0,ASK
16,1712451960.2162476,82635.2009671,876.0,-0.0,883.0,ASK
17,1712451969.3546004,82646.61649221,876.0,-9.866402382572545e-09,883.0,ASK
18,1712451969.3562589,83181.68057114,876.0,-4.624541974471638e-07,883.0,ASK
19,1712451972.4476397,83555.4764895,876.0,-3.230706344180091e-07,883.0,ASK
20,1712451990.227523,83555.4764895,876.0,-0.0,883.0,ASK
21,1712452020.347441,83555.4764895,876.0,-0.0,883.0,ASK
22,1712452050.3543675,83555.4764895,876.0,-0.0,883.0,ASK
23,1712452080.209353,83555.4764895,876.0,-0.0,883.0,ASK
24,1712452110.2399802,83555.4764895,876.0,-0.0,883.0,ASK
25,1712452140.3356462,83555.4764895,876.0,-0.0,883.0,ASK
26,1712452170.3556788,83555.4764895,876.0,-0.0,883.0,ASK
27,1712452200.3013053,83555.4764895,876.0,-0.0,883.0,ASK
28,1712452215.8244753,84045.24432642,877.9,4.245852728281673e-07,883.0,BID
29,1712452230.239925,84045.24432642,877.9,0.0,883.0,BID
30,1712452256.034521,84131.24914436,877.9,7.453076778389079e-08,883.0,BID
31,1712452256.0439403,84386.79811952,877.9,2.214557484250182e-07,883.0,BID
32,1712452260.362635,84386.79811952,877.9,0.0,883.0,BID
33,1712452290.3486912,84386.79811952,877.9,0.0,883.0,BID
34,1712452320.2259684,84386.79811952,877.9,0.0,883.0,BID
35,1712452334.3744328,84490.54881567,877.9,8.988578145773823e-08,883.0,BID
36,1712452334.3758929,85188.39801986,877.9,6.045908450347949e-07,883.0,BID
37,1712452342.815668,85239.60446184,878.0,4.436337512750782e-08,883.0,BID
38,1712452342.8170767,87340.19631391,878.3,1.8198754047305903e-06,883.0,BID
39,1712452342.9149425,87462.90481303,878.3,1.063101236348462e-07,883.0,BID
40,1712452350.243294,87462.90481303,878.3,0.0,883.0,BID
41,1712452352.0142512,88603.02566584,878.3,-9.854523566892943e-07,883.0,ASK
42,1712452366.5949228,89825.29481551,878.3,-1.0564564371244349e-06,883.0,ASK
43,1712452380.3570762,89825.29481551,878.3,-0.0,883.0,ASK
44,1712452410.3401935,89825.29481551,878.3,-0.0,883.0,ASK
45,1712452440.33163,89825.29481551,878.3,-0.0,883.0,ASK
46,1712452470.244219,89825.29481551,878.3,-0.0,883.0,ASK
47,1712452476.5442257,89842.93201446,877.0,-1.5217250416172523e-08,883.0,ASK
48,1712452500.2362418,89842.93201446,877.0,-0.0,883.0,ASK
49,1712452530.2252228,89842.93201446,877.0,-0.0,883.0,ASK
50,1712452560.333796,89842.93201446,877.0,-0.0,883.0,ASK
51,1712452590.3497722,89842.93201446,877.0,-0.0,883.0,ASK
52,1712452620.2315657,89842.93201446,877.0,-0.0,883.0,ASK
53,1712452645.9807286,89853.91740389,877.0,-9.492057644202628e-09,883.0,ASK
54,1712452650.227738,89853.91740389,877.0,-0.0,883.0,ASK
55,1712452680.343815,89853.91740389,877.0,-0.0,883.0,ASK
56,1712452694.744042,90424.04283149,877.0,-4.926196206779769e-07,883.0,ASK
57,1712452710.3540587,90424.04283149,877.0,-0.0,883.0,ASK
58,1712452735.0940692,90524.04283149,877.0,-8.636816805029787e-08,883.0,ASK
59,1712452740.2256658,90524.04283149,877.0,-0.0,883.0,ASK
60,1712452770.240977,90524.04283149,877.0,-0.0,883.0,ASK
61,1712452786.1568153,90531.67966534,879.0,6.595293933510475e-09,883.0,BID
62,1712452797.3241313,90554.66032518,879.0,1.9846471641000963e-08,883.0,BID
63,1712452800.2538872,90554.66032518,879.0,0.0,883.0,BID
64,1712452819.7540972,90566.03688945,879.0,9.82484245153441e-09,883.0,BID
65,1712452830.225301,90566.03688945,879.0,0.0,883.0,BID
66,1712452860.104227,91703.6933172,879.0,9.824757611044374e-07,883.0,BID
67,1712452860.3551486,91703.6933172,879.0,0.0,883.0,BID
68,1712452890.3451223,91703.6933172,879.0,0.0,883.0,BID
69,1712452900.8339176,92340.66531043,879.0,5.496119462641937e-07,883.0,BID
70,1712452900.8539438,93386.17308815,879.0,9.02117472438923e-07,883.0,BID
71,1712452914.2155771,93760.79631885,879.0,3.232440438970137e-07,883.0,BID
72,1712452920.2385406,93760.79631885,879.0,0.0,883.0,BID
73,1712452950.22518,93760.79631885,879.0,0.0,883.0,BID
74,1712452980.34136,93760.79631885,879.0,0.0,883.0,BID
75,1712452991.573962,95782.87433955,879.0,1.7420341967221864e-06,883.0,BID
76,1712452992.7015362,97819.04283149,879.0,1.7541732351256117e-06,883.0,BID
77,1712452992.7028053,97884.22964675,879.0,5.615889208815366e-08,883.0,BID
78,1712452992.8541205,99973.94664199,879.0,1.800305640985796e-06,883.0,BID
79,1712452992.855119,100167.66612013,879.0,1.668906699130417e-07,883.0,BID
80,1712452993.1191576,100785.91663003,879.0,5.326270892425217e-07,883.0,BID
81,1712452993.1337757,100884.1267805,879.0,8.460872371519039e-08,883.0,BID
82,1712452993.1353602,101182.63953007,879.0,2.5717079785501295e-07,883.0,BID
83,1712453010.391641,101182.63953007,879.0,0.0,883.0,BID
84,1712453015.8140907,101182.66826112,877.1,-2.461366209850717e-11,883.0,ASK
85,1712453015.815093,101194.63953007,877.1,-1.0255690928002913e-08,883.0,ASK
86,1712453017.2557666,101214.63953007,879.0,1.7133840983502368e-08,883.0,BID
87,1712453017.2571986,101320.28535638,879.0,9.050593942831824e-08,883.0,BID
88,1712453030.8238304,101837.23025953,879.0,-4.428625883902041e-07,883.0,ASK
89,1712453030.8253567,101889.11357025,879.0,-4.444801977870993e-08,883.0,ASK
90,1712453040.2098572,101889.11357025,879.0,-0.0,883.0,ASK
91,1712453070.2212298,101889.11357025,879.0,-0.0,883.0,ASK
92,1712453083.9491303,101900.48884041,879.1,-9.739922076623537e-09,883.0,ASK
93,1712453083.951074,101911.83027025,879.1,-9.710946757764588e-09,883.0,ASK
94,1712453084.3041394,101911.86411057,879.1,-2.8975318846488008e-11,883.0,ASK
95,1712453084.3872676,101923.24067484,879.0,-9.741030140904716e-09,883.0,ASK
96,1712453100.360348,101923.24067484,879.0,-0.0,883.0,ASK
97,1712453130.35335,101923.24067484,879.0,-0.0,883.0,ASK
98,1712453156.753249,101933.24067484,879.1,8.596292270500951e-09,883.0,BID
99,1712453160.279705,101933.24067484,879.1,0.0,883.0,BID
100,1712453190.2335489,101933.24067484,879.1,0.0,883.0,BID
101,1712453204.1138458,101938.93058497,879.1,4.891176084422802e-09,883.0,BID
102,1712453220.3538094,101938.93058497,879.1,0.0,883.0,BID
103,1712453226.4083197,101947.99167382,879.1,7.789084450222681e-09,883.0,BID
104,1712453226.410421,101955.01842337,879.1,6.0403276649867955e-09,883.0,BID
105,1712453250.353961,101955.01842337,879.1,0.0,883.0,BID
106,1712453280.3582594,101955.01842337,879.1,0.0,883.0,BID
107,1712453292.084206,101975.01842337,879.2,-1.7192171680518913e-08,883.0,ASK
108,1712453310.3618944,101975.01842337,879.2,-0.0,883.0,ASK
109,1712453340.207582,101975.01842337,879.2,-0.0,883.0,ASK
110,1712453345.6042175,101981.49282007,879.2,-5.565362857257365e-09,883.0,ASK
111,1712453347.153823,102003.18011109,879.2,-1.8642299740041683e-08,883.0,ASK
112,1712453347.1559193,103114.1033486,879.2,-9.54944716826851e-07,883.0,ASK
113,1712453370.227715,103114.1033486,879.2,-0.0,883.0,ASK
114,1712453400.444332,103114.1033486,879.2,-0.0,883.0,ASK
115,1712453404.1106944,103942.32909682,879.2,7.116079786926043e-07,883.0,BID
116,1712453404.1118174,104854.61198558,879.2,7.838295100841374e-07,883.0,BID
117,1712453404.1129718,105054.61198558,879.2,1.7183913449248977e-07,883.0,BID
118,1712453428.2237358,105111.4818673,879.2,4.8862356267267686e-08,883.0,BID
119,1712453430.240032,105111.4818673,879.2,0.0,883.0,BID
120,1712453431.217053,105419.31047523,880.2,2.6408654625089666e-07,883.0,BID
121,1712453431.2180128,105766.97024534,880.6,2.982577499087001e-07,883.0,BID
122,1712453431.2189808,105884.75587549,880.3,1.0104843884871198e-07,883.0,BID
123,1712453431.2199278,106251.4818673,880.5,3.1461468525875537e-07,883.0,BID
124,1712453436.4438496,106968.49715119,880.9,6.151283053415012e-07,883.0,BID
125,1712453436.4455512,107411.4818673,880.6,3.800371398425289e-07,883.0,BID
126,1712453437.0871563,108103.9271174,880.9,5.940496427425332e-07,883.0,BID
127,1712453437.1637356,108256.05670332,880.9,1.3051216129115738e-07,883.0,BID
128,1712453438.8302069,108748.05670332,880.9,4.220874129573645e-07,883.0,BID
129,1712453442.6157525,108964.87185076,880.9,1.8600598510755312e-07,883.0,BID
130,1712453442.6173744,109165.75670332,880.9,1.7233936528328005e-07,883.0,BID
131,1712453458.4937887,110633.16114866,880.9,1.2588881018205209e-06,883.0,BID
132,1712453458.496243,110645.13241761,880.8,1.0270166546591041e-08,883.0,BID
133,1712453459.6236987,110657.10368656,880.9,1.0270166546591041e-08,883.0,BID
134,1712453460.35383,110657.10368656,880.9,0.0,883.0,BID
135,1712453484.8239818,110990.28407889,881.7,2.846431079397456e-07,883.0,BID
136,1712453484.8261232,111024.51715476,881.4,2.92460460888162e-08,883.0,BID
137,1712453484.8282282,111762.54075637,881.7,6.305092872544661e-07,883.0,BID
138,1712453485.6745,111785.29135637,881.2,1.9436322306385174e-08,883.0,BID
139,1712453486.0936892,112264.99135637,881.2,4.098179305325205e-07,883.0,BID
140,1712453486.413716,112307.39935637,881.2,3.623005794877523e-08,883.0,BID
141,1712453488.7840185,112333.51255036,881.2,2.230905799577521e-08,883.0,BID
142,1712453488.78582,112615.63203392,882.0,2.4102068566909485e-07,883.0,BID
143,1712453488.7876303,112649.86510979,881.7,2.92460460888162e-08,883.0,BID
144,1712453490.339654,112649.86510979,881.7,0.0,883.0,BID
145,1712453493.08749,112710.21137965,882.0,5.147784215820655e-08,883.0,BID
146,1712453493.0887518,112721.53640797,883.0,9.660713440052622e-09,883.0,BID
147,1712453493.09235,112767.14261224,882.3,3.890396192329193e-08,883.0,BID
148,1712453493.093562,112989.78156007,883.0,1.8992014984935472e-07,883.0,BID
149,1712453503.7736356,113909.78156007,883.0,7.847977165020752e-07,883.0,BID
150,1712453508.733754,115009.78156007,883.0,9.383450958176988e-07,883.0,BID
151,1712453510.9437456,115251.56822118,883.0,2.0625393426064333e-07,883.0,BID
152,1712453510.9453952,115326.08156007,883.0,6.356293283675743e-08,883.0,BID
153,1712453517.3737657,115331.74136089,883.6,4.8280421297697725e-09,883.6,BID
154,1712453517.3762026,116152.98156007,883.6,7.005515576262753e-07,883.6,BID
155,1712453517.640145,117212.98156007,883.6,9.042234559697824e-07,883.6,BID
156,1712453519.2044055,118212.98156007,883.6,8.53040996197908e-07,883.6,BID
157,1712453520.229546,119232.98156007,883.6,8.701018161218661e-07,883.6,BID
158,1712453520.2318103,119232.98156007,883.6,0.0,883.6,BID
159,1712453520.3192887,121432.98156007,883.6,1.8688564425331268e-06,883.6,BID
160,1712453521.1859846,122492.98156007,883.6,9.004490132205065e-07,883.6,BID
161,1712453521.4535756,123382.58156007,883.6,7.556975869443092e-07,883.6,BID
162,1712453522.1756,124482.58156007,883.6,9.344282212665634e-07,883.6,BID
163,1712453523.0137477,125622.58156007,883.6,9.684074293126202e-07,883.6,BID
164,1712453523.8834944,126662.58156007,883.6,8.83459409197478e-07,883.6,BID
165,1712453524.6468906,127742.58156007,883.6,9.174386172435348e-07,883.6,BID
166,1712453526.595118,128882.58156007,883.6,9.684074293126202e-07,883.6,BID
167,1712453528.3638098,129982.58156007,883.6,9.344282212665634e-07,883.6,BID
168,1712453528.7440608,130928.0024082,883.6,8.031162922422206e-07,883.6,BID
169,1712453550.2161596,130928.0024082,883.6,0.0,883.6,BID
170,1712453552.1536624,131335.59818685,881.5,-3.42971259391295e-07,883.6,ASK
171,1712453552.214006,131542.4115505,883.6,1.740229990234988e-07,883.6,BID
172,1712453552.2164533,132847.10629496,883.6,1.097834725155232e-06,883.6,BID
173,1712453580.3338978,132847.10629496,883.6,0.0,883.6,BID
174,1712453582.214728,132852.76417482,883.9,4.7540401738079425e-09,883.9,BID
175,1712453582.2172894,132898.99151261,883.6,3.884257467793628e-08,883.9,BID
176,1712453582.219834,132910.29989212,884.3,9.501879117494548e-09,884.3,BID
177,1712453582.2222958,132921.60699298,884.4,9.500804730322541e-09,884.4,BID
178,1712453582.2242937,132932.92305047,883.7,9.508330549175223e-09,884.4,BID
179,1712453582.2254562,133023.32635956,883.8,7.59614862619406e-08,884.4,BID
180,1712453582.226578,133037.91519945,884.4,1.2258289790930732e-08,884.4,BID
181,1712453582.2277389,133049.22869646,883.9,9.506179102831706e-09,884.4,BID
182,1712453582.229215,133060.54091366,884.0,9.505103741000046e-09,884.4,BID
183,1712453582.230352,133071.85057211,884.2,9.502953748331468e-09,884.4,BID
184,1712453582.2315426,133081.85057211,884.4,8.402511703010609e-09,884.4,BID
185,1712453582.2326891,133647.14169704,884.5,4.749865292832308e-07,884.5,BID
186,1712453582.2338486,133654.14169704,884.0,5.881758192107425e-09,884.5,BID
187,1712453582.2350402,133669.79765723,884.2,1.3154938871828852e-08,884.5,BID
188,1712453582.2362032,133927.21462689,883.6,2.1629491001216785e-07,884.5,BID
189,1712453582.237366,133938.52940399,883.8,9.507254699964829e-09,884.5,BID
190,1712453582.2385294,133949.84034167,884.1,9.5040286228333e-09,884.5,BID
191,1712453582.2398777,134009.16207354,884.5,4.9845154628056974e-08,884.5,BID
192,1712453582.2412531,134035.80047246,884.4,2.2382945867461508e-08,884.5,BID
193,1712453582.2424407,134047.10629496,884.5,9.4997305868399e-09,884.5,BID
194,1712453586.433566,134380.00629496,884.5,2.797196145932428e-07,884.5,BID
195,1712453587.843572,134389.81655987,884.5,8.243086571581857e-09,884.5,BID
196,1712453587.8559213,134395.81655987,884.5,5.041507021806365e-09,884.5,BID
197,1712453587.8584676,134413.73339153,884.7,1.5054638770399675e-08,884.7,BID
198,1712453587.8611248,134424.74029932,884.7,9.248567151940892e-09,884.7,BID
199,1712453587.8637917,134436.04356597,884.7,9.497583030893814e-09,884.7,BID
200,1712453587.8663816,134441.69760781,884.5,4.750815272988099e-09,884.7,BID
201,1712453587.8682332,134502.99704284,885.0,5.1506922022751e-08,885.0,BID
202,1712453587.869444,134532.32647178,884.5,2.4644086991090752e-08,885.0,BID
203,1712453587.8706515,134543.63101621,884.6,9.498656687046629e-09,885.0,BID
204,1712453587.871893,134554.93300537,884.8,9.496509618405912e-09,885.0,BID
205,1712453587.873109,134566.2324404,885.0,9.494363507697957e-09,885.0,BID
206,1712453587.8746042,134577.5382629,884.5,9.4997305868399e-09,885.0,BID
207,1712453587.8758616,134677.5382629,885.0,8.402511703010609e-08,885.0,BID
208,1712453587.8771155,135015.00629567,884.8,2.8355790947419294e-07,885.0,BID
209,1712453587.8783593,135088.7041768,885.0,6.192473086819673e-08,885.0,BID
210,1712453587.8796346,135100.00488875,884.9,9.49543644121948e-09,885.0,BID
211,1712453587.8808837,135443.29302435,885.0,2.884482576883569e-07,885.0,BID
212,1712453588.4935522,135477.4958807,885.0,2.8738990075744e-08,885.0,BID
213,1712453599.0336936,135562.22484502,885.0,7.119361142828155e-08,885.0,BID
214,1712453599.0359511,135757.3958807,885.0,1.639926911389805e-07,885.0,BID
215,1712453599.4563117,135788.95436627,885.0,2.6517054433109333e-08,885.0,BID
216,1712453599.4763477,135815.56869072,885.2,2.236271726590749e-08,885.2,BID
217,1712453599.478515,135826.86557279,885.2,9.492218380062006e-09,885.2,BID
218,1712453599.6137052,136471.94277871,885.4,-5.420268772088267e-07,885.4,ASK
219,1712453599.624423,136483.23583349,885.5,9.489002495161854e-09,885.5,BID
220,1712453599.626663,136607.2071148,885.6,1.0416701420444153e-07,885.6,BID
221,1712453599.628975,136641.07862886,885.7,2.8460579328792803e-08,885.7,BID
222,1712453599.631219,136658.36531058,886.0,1.4525154545849798e-08,886.0,BID
223,1712453599.633478,136669.65836536,885.5,9.489002495161854e-09,886.0,BID
224,1712453599.6357763,136769.65836536,886.0,8.402511703010609e-08,886.0,BID
225,1712453599.6371083,136780.46637795,886.6,9.081445227389548e-09,886.6,BID
226,1712453599.6384394,136791.7466938,886.5,9.478298594318238e-09,886.6,BID
227,1712453599.639762,136803.03719849,885.7,9.486859779060236e-09,886.6,BID
228,1712453599.641085,136813.97882841,885.8,9.193717345288911e-09,886.6,BID
229,1712453599.6426015,136825.79496925,886.1,9.928526169256081e-09,886.6,BID
230,1712453599.6439378,137051.57957075,885.8,1.8971577564633024e-07,886.6,BID
231,1712453599.645288,137085.67387021,886.0,2.864777502186365e-08,886.6,BID
232,1712453599.6466515,137208.67387021,886.5,1.0335089394703049e-07,886.6,BID
233,1712453599.6480403,137255.80631856,886.7,3.9603094885235123e-08,886.7,BID
234,1712453599.64941,137267.08027572,887.0,9.472955697622821e-09,887.0,BID
235,1712453599.693484,137295.25563918,887.3,-2.3674382120900563e-08,887.3,ASK
236,1712453599.963783,137464.30781995,885.4,-1.42046292733938e-07,887.3,ASK
237,1712453600.2042186,137633.36000072,885.4,-1.42046292733938e-07,887.3,ASK
238,1712453600.4039507,137858.76290842,885.4,-1.893950569842004e-07,887.3,ASK
239,1712453608.5444272,137870.03178379,887.4,9.46868571762421e-09,887.4,BID
240,1712453608.5468073,137875.87255249,887.4,4.907712735632721e-09,887.4,BID
241,1712453608.549165,137887.13761952,887.7,9.465485755482708e-09,887.7,BID
242,1712453608.5515146,137943.07762591,887.4,4.700365583583048e-08,887.7,BID
243,1712453608.553835,137954.3439621,887.6,9.466552168669081e-09,887.7,BID
244,1712453608.556042,137965.60776026,887.8,9.464419585961249e-09,887.8,BID
245,1712453608.557357,138641.26832197,887.4,5.677245777031114e-07,887.8,BID
246,1712453608.558684,138663.80353325,887.5,1.8935237650991827e-08,887.8,BID
247,1712453608.5600617,142858.76290842,887.9,3.524819524352001e-06,887.9,BID
248,1712453609.14382,143309.26409099,886.8,-3.7853414587645923e-07,887.9,ASK
249,1712453609.2038312,144435.5170474,886.8,-9.463353646785296e-07,887.9,ASK
250,1712453609.3339105,144604.45499086,886.8,-1.4195030470050537e-07,887.9,ASK
251,1712453609.6879685,144831.21236047,886.8,-1.905331451892056e-07,887.9,ASK
252,1712453610.348479,144831.21236047,886.8,-0.0,887.9,ASK
253,1712453614.373469,144838.0398525,883.9,-5.6860513714170124e-09,887.9,ASK
254,1712453614.8235545,145214.3678525,883.9,-3.134123527503212e-07,887.9,ASK
255,1712453617.2738514,145259.10082757,886.8,3.725438171543331e-08,887.9,BID
256,1712453617.2835412,146503.1280291,886.8,1.036046991233462e-06,887.9,BID
257,1712453619.325742,146508.91362183,885.4,-4.8183399310389744e-09,887.9,ASK
258,1712453621.433992,146514.66463671,886.8,4.789542910015617e-09,887.9,BID
259,1712453623.5437107,146598.17529983,886.8,6.954909921181436e-08,887.9,BID
260,1712453623.5461452,146706.37346998,886.9,9.010927454238625e-08,887.9,BID
261,1712453631.6893518,146925.4753061,887.9,1.8247173197393362e-07,887.9,BID
262,1712453635.6836238,147175.15024952,887.8,2.079335352141219e-07,887.9,BID
263,1712453635.685417,147677.5753061,887.9,4.184281240392769e-07,887.9,BID
264,1712453640.2283666,147677.5753061,887.9,0.0,887.9,BID
265,1712453643.5736375,148023.7753061,887.9,2.877164323697308e-07,887.9,BID
266,1712453646.6474886,148266.7753061,887.9,2.0195000885571377e-07,887.9,BID
267,1712453650.1065705,148275.21175154,887.9,7.0112766720861884e-09,887.9,BID
268,1712453650.1088789,148286.47428111,887.9,9.359950396703147e-09,887.9,BID
269,1712453650.1105216,148325.04378166,887.9,3.2053954640478585e-08,887.9,BID
270,1712453650.1121798,148639.3753061,887.9,2.612314985361647e-07,887.9,BID
271,1712453650.7243557,148864.08275518,887.8,1.867476186487573e-07,887.9,BID
272,1712453650.726592,151049.23403093,887.9,1.816013660447696e-06,887.9,BID
273,1712453652.7739575,151241.93503093,888.0,1.601480191625724e-07,888.0,BID
274,1712453652.7773602,151261.0962922,888.0,1.592434931342637e-08,888.0,BID
275,1712453652.7806635,151272.35980572,888.0,9.36076812803548e-09,888.0,BID
276,1712453652.7835386,153619.76077083,888.0,1.9508545090200568e-06,888.0,BID
277,1712453655.5236588,153625.39189346,888.1,4.6798570575989976e-09,888.1,BID
278,1712453655.5268052,153636.65188671,888.1,9.357842537243441e-09,888.1,BID
279,1712453656.9095778,153676.02736211,888.9,3.27237761552682e-08,888.9,BID
280,1712453656.9110684,153682.26385475,888.9,5.182961908948526e-09,888.9,BID
281,1712453656.912496,153705.9689632,888.5,1.9700604367912624e-08,888.9,BID
282,1712453656.913901,153717.21755713,889.0,9.348368904443418e-09,889.0,BID
283,1712453656.9153204,153722.89679384,889.3,4.7198432258231046e-09,889.3,BID
284,1712453656.9167264,153734.14032881,889.4,9.344164554580385e-09,889.4,BID
285,1712453656.9181328,153756.65017687,888.5,1.870725932122461e-08,889.4,BID
286,1712453656.919596,153762.93598224,889.1,5.223944239237127e-09,889.4,BID
287,1712453656.921023,153768.56140407,889.0,4.675119293781654e-09,889.4,BID
288,1712453656.9224432,153791.04594595,889.5,1.8686228114328605e-08,889.5,BID
289,1712453656.923881,153802.29074524,889.3,9.345215292986831e-09,889.5,BID
290,1712453656.9253073,154403.67754458,889.7,4.997945244955577e-07,889.7,BID
291,1712453656.9267375,154634.17113577,889.4,1.915563077449003e-07,889.7,BID
292,1712453656.928199,154645.41087951,889.7,9.341013777055358e-09,889.7,BID
293,1712453656.9296312,154656.65188671,889.6,9.342063800774869e-09,889.7,BID
294,1712453657.3136468,154825.26699462,886.8,-1.4013095693676325e-07,889.7,ASK
295,1712453657.9970353,154831.95411909,888.9,5.557468501782352e-09,889.7,BID
296,1712453657.9999466,158462.90377744,889.7,3.0175733154668045e-06,889.7,BID
297,1712453658.0014403,158787.96497477,889.8,2.7014860773434013e-07,889.8,BID
298,1712453658.0029454,158793.58597062,889.7,4.67144099459959e-09,889.8,BID
299,1712453658.0044928,158807.90644893,889.7,1.190131984165132e-08,889.8,BID
300,1712453658.0060363,158974.02851406,889.9,1.3805906388530496e-07,889.9,BID
301,1712453658.0075977,158985.26699462,889.8,9.339963986090432e-09,889.9,BID
302,1712453668.883819,158996.50294968,890.0,9.337865118799147e-09,890.0,BID
303,1712453668.8854263,159033.84751252,889.9,3.1035945663589784e-08,890.0,BID
304,1712453668.8868716,159045.08346758,890.0,9.337865118799147e-09,890.0,BID
305,1712453668.8936267,159181.08346758,890.0,1.130255193595765e-07,890.0,BID
306,1712453668.8962102,159383.32017175,889.9,1.680728567822344e-07,890.0,BID
307,1712453668.898778,160025.26699462,890.0,5.335027430596444e-07,890.0,BID
308,1712453670.2582746,160025.26699462,890.0,0.0,890.0,BID
309,1712453671.4137657,160893.93890176,890.0,7.154020276945425e-07,890.0,BID
310,1712453671.4171371,161145.26699462,890.0,2.0698335674353562e-07,890.0,BID
311,1712453672.8635917,162185.26699462,890.0,8.565007141210725e-07,890.0,BID
312,1712453676.5351892,162405.16045854,890.0,1.8109510469040885e-07,890.0,BID
313,1712453676.5442915,162525.54789349,890.0,9.914608077489293e-08,890.0,BID
314,1712453676.5477605,162531.16699462,890.0,4.6276578178463525e-09,890.0,BID
315,1712453679.0037527,163671.16699462,890.0,9.388565520173294e-07,890.0,BID
316,1712453679.4337137,166291.23372678,890.0,2.1577779107114387e-06,890.0,BID
317,1712453679.437343,166362.79909372,890.0,5.893825758698426e-08,890.0,BID
318,1712453679.8755608,166509.68117138,890.0,-1.209659657763273e-07,890.0,ASK
319,1712453680.833963,166520.91081765,890.5,9.248269278434989e-09,890.5,BID
320,1712453680.8375194,166532.14172511,890.4,9.24930794204056e-09,890.5,BID
321,1712453680.84076,166543.37137138,890.5,9.248269278434989e-09,890.5,BID
322,1712453680.8435078,166661.28199512,890.1,9.710628214977777e-08,890.5,BID
323,1712453680.8465831,166672.50911986,890.7,9.24619265130174e-09,890.7,BID
324,1712453680.8487203,166683.74255055,890.2,9.251385969233714e-09,890.7,BID
325,1712453680.8502634,166694.97093591,890.6,9.247230845456284e-09,890.7,BID
326,1712453680.8521533,166706.20562865,890.1,9.252425341090502e-09,890.7,BID
327,1712453680.85372,166717.43779759,890.3,9.25034684447029e-09,890.7,BID
328,1712453680.855308,167201.48117138,890.8,3.986379762660553e-07,890.8,BID
329,1712453681.4437144,167369.86913725,890.0,-1.3867732020870377e-07,890.8,ASK
330,1712453686.063874,167892.38314488,890.8,4.303207891089996e-07,890.8,BID
331,1712453686.223647,167939.28724488,890.0,-3.862826456268608e-08,890.8,ASK
332,1712453687.4235947,168081.12734488,890.0,-1.1681360282788985e-07,890.8,ASK
333,1712453688.6573036,168221.84094488,890.0,-1.1588586431400172e-07,890.8,ASK
334,1712453689.9936922,168268.74504488,890.0,-3.862826456268608e-08,890.8,ASK
335,1712453690.0963514,168536.4206234,890.8,2.204464655337935e-07,890.8,BID
336,1712453690.0999825,168547.6464878,890.8,9.24515468772612e-09,890.8,BID
337,1712453690.1054788,168614.64504488,890.8,5.517722306162848e-08,890.8,BID
338,1712453691.2038648,168708.45454488,890.0,-7.725759975129169e-08,890.8,ASK
339,1712453691.3236206,168736.82254488,890.0,-2.336270409442398e-08,890.8,ASK
340,1712453692.4638915,168924.44154488,890.0,-1.5451519950258333e-07,890.8,ASK
341,1712453692.5637045,169299.67954488,890.0,-3.090303990051428e-07,890.8,ASK
342,1712453693.734084,169346.95954488,890.0,-3.8937840157349336e-08,890.8,ASK
343,1712453693.8539298,169628.38804488,890.0,-2.3177279925387505e-07,890.8,ASK
344,1712453694.320829,170014.52325545,890.8,3.180048880774048e-07,890.8,BID
345,1712453694.3226435,170247.58804488,890.8,1.91942460176204e-07,890.8,BID
346,1712453694.693607,170258.81264922,890.9,9.2441169547534e-09,890.9,BID
347,1712453694.7045891,170270.03599378,891.0,9.243079452383574e-09,891.0,BID
348,1712453694.7082963,171018.00039073,890.8,6.159923462738605e-07,891.0,BID
349,1712453694.7100773,171029.22373529,891.0,9.243079452359606e-09,891.0,BID
350,1712453694.71187,171241.91344171,891.3,1.7516238984128172e-07,891.3,BID
351,1712453694.713634,171247.58804488,890.8,4.673366987930911e-09,891.3,BID
352,1712453694.9239314,171294.86804488,890.0,-3.8937840157349336e-08,891.3,ASK
353,1712453695.1636395,171563.36424488,890.0,-2.211222952296291e-07,891.3,ASK
354,1712453696.2037718,171804.47005615,891.3,1.9856471108796245e-07,891.3,BID
355,1712453696.2140672,171821.61944295,891.8,1.4123521193218892e-08,891.8,BID
356,1712453696.2177918,171880.9558917,891.4,4.886702954593982e-08,891.8,BID
357,1712453696.2215695,171892.17294162,891.5,9.237895448857532e-09,891.8,BID
358,1712453696.225328,171909.38370396,892.0,1.4174067533434993e-08,892.0,BID
359,1712453696.228547,171915.21886128,891.6,4.8055927034670715e-09,892.0,BID
360,1712453696.230194,172623.36424488,892.0,5.831990641874431e-07,892.0,BID
361,1712453696.3538206,173431.67833264,890.0,-6.656938398082293e-07,892.0,ASK
362,1712453696.693588,173599.83976762,890.0,-1.3849075879614253e-07,892.0,ASK
363,1712453697.7538135,174699.83976762,892.0,9.059142168588266e-07,892.0,BID
364,1712453698.4538634,175065.8150976,892.0,3.01402049498614e-07,892.0,BID
365,1712453700.023865,176145.8150976,892.0,8.894430492795753e-07,892.0,BID
366,1712453700.3689787,176145.8150976,892.0,0.0,892.0,BID
367,1712453700.778296,177165.8150976,892.0,8.39713935849641e-07,892.0,BID
368,1712453700.9970417,177171.42608414,892.0,4.619238815204304e-09,892.0,BID
369,1712453702.454925,178368.22608414,892.0,9.852643513969265e-07,892.0,BID
370,1712453703.623508,179448.22608414,892.0,8.89108873252561e-07,892.0,BID
371,1712453706.3337376,180548.22608414,892.0,9.055738523868676e-07,892.0,BID
372,1712453706.3936906,181177.82608414,892.0,5.183175431479552e-07,892.0,BID
373,1712453708.443674,181183.57709902,890.0,-4.734517000031736e-09,892.0,ASK
374,1712453709.14403,181591.04083713,892.0,3.354440972983908e-07,892.0,BID
375,1712453709.1462586,181619.22771575,892.0,2.320481841695824e-08,892.0,BID
376,1712453709.148323,181630.43219755,892.5,9.224077952385526e-09,892.5,BID
377,1712453709.1517055,181639.71802755,893.0,7.644549859742531e-09,893.0,BID
378,1712453709.1553402,182021.99193467,893.3,3.147065952160266e-07,893.3,BID
379,1712453709.157956,182063.09793467,893.0,3.384047161474034e-08,893.3,BID
380,1712453709.1600232,182616.37889073,892.0,4.554879698468696e-07,893.3,BID
381,1712453709.16207,182683.57709902,893.0,5.5320854867887775e-08,893.3,BID
382,1712453709.1712935,182694.76752194,893.8,9.212503994082089e-09,893.8,BID
383,1712453709.1733713,182863.83028267,893.7,1.3918074139039666e-07,893.8,BID
384,1712453709.175447,182875.02222448,893.5,9.213754418689721e-09,893.8,BID
385,1712453709.1775396,183148.6808861,893.3,2.2528920767477385e-07,893.8,BID
386,1712453709.179649,183154.6808861,894.0,4.9394937402920055e-09,894.0,BID
387,1712453709.181746,183273.60109064,893.7,9.790093431994245e-08,894.0,BID
388,1712453709.1838744,183284.78677297,894.0,9.208601308313008e-09,894.0,BID
389,1712453709.186188,183830.20117053,894.5,4.490118337687941e-07,894.5,BID
390,1712453709.188301,183844.29229312,894.3,1.1600501971169822e-08,894.5,BID
391,1712453709.190405,185187.66744901,894.3,1.1059321955637511e-06,894.5,BID
392,1712453709.1925256,185243.57709902,894.3,4.602756104105081e-08,894.5,BID
393,1712453710.602414,185249.27860824,894.5,4.693761517069303e-09,894.5,BID
394,1712453710.7340076,186269.27860824,894.5,8.39713935849641e-07,894.5,BID
395,1712453710.7423954,186905.1066447,895.0,5.234447676660362e-07,895.0,BID
396,1712453710.7444198,186955.1066447,895.0,4.116244783576672e-08,895.0,BID
397,1712453710.7464073,190249.27860824,894.5,2.711923632225228e-06,895.0,BID
398,1712453712.4042058,190260.4517926,895.0,9.198312367557382e-09,895.0,BID
399,1712453712.4084482,190753.11537626,895.0,4.055847812597117e-07,895.0,BID
400,1712453712.411759,191269.27860824,895.0,4.249308422223719e-07,895.0,BID
401,1712453712.4149983,191369.27860824,895.0,8.232489567153343e-08,895.0,BID
402,1712453712.7881162,195249.27860824,895.0,3.194205952055497e-06,895.0,BID
403,1712453714.9238703,195256.85060824,895.0,6.233641100236627e-09,895.0,BID
404,1712453715.8757482,195564.46586237,895.0,2.5324393703225374e-07,895.0,BID
405,1712453715.8807929,196256.85060824,895.0,5.700050196830806e-07,895.0,BID
406,1712453716.5186105,196268.02379259,895.0,9.198312359315248e-09,895.0,BID
407,1712453717.1354232,196610.31997691,892.2,-2.817949766290821e-07,895.0,ASK
408,1712453718.0067906,196952.61616123,894.9,2.817949766290821e-07,895.0,BID
409,1712453718.012005,197709.69059462,895.0,6.232607374441884e-07,895.0,BID
410,1712453718.016295,197730.31997691,894.9,1.6983117447903864e-08,895.0,BID
411,1712453718.963937,198910.31997691,895.0,9.714337689240943e-07,895.0,BID
412,1712453721.1838367,198932.66634562,895.0,1.8396624726896592e-08,895.0,BID
413,1712453723.4538295,199114.67937937,894.9,1.4984204014328156e-07,895.0,BID
414,1712453723.5752783,199218.36634562,894.9,-8.53601867902751e-08,895.0,ASK
415,1712453723.633612,199655.6901428,894.9,3.600263597752451e-07,895.0,BID
416,1712453723.8538494,199676.29527056,895.0,1.696314993138667e-08,895.0,BID
417,1712453723.858385,200193.6481451,895.0,4.259102142187551e-07,895.0,BID
418,1712453723.8626063,200701.56608646,895.0,4.1814291532160194e-07,895.0,BID
419,1712453723.8655996,200715.6901428,895.0,1.1627614646510574e-08,895.0,BID
420,1712453725.0038774,201165.95165641,895.4,3.706773213284933e-07,895.4,BID
421,1712453725.0073,201795.6901428,895.0,5.184315519240677e-07,895.4,BID
422,1712453726.3240223,203845.5207028,892.3,-1.6875208699631871e-06,895.4,ASK
423,1712453726.3284454,203856.6901428,892.4,-9.195229827116712e-09,895.4,ASK
424,1712453726.4837773,205422.13285984,895.4,1.2887490836007872e-06,895.4,BID
425,1712453726.4886663,205433.29980569,895.5,9.193176520718156e-09,895.5,BID
426,1712453726.903693,207494.29980569,893.3,-1.6967160997903038e-06,895.5,ASK
427,1712453727.0447006,207661.80399329,893.3,-1.3789764768714028e-07,895.5,ASK
428,1712453727.1843476,207753.72772412,893.3,-7.567611550317259e-08,895.5,ASK
429,1712453727.190202,207885.1429101,893.2,-1.0818741475458996e-07,895.5,ASK
430,1712453727.2638018,208052.6470977,893.2,-1.3789764768716426e-07,895.5,ASK
431,1712453727.4836211,210113.6470977,893.2,-1.6967160997903038e-06,895.5,ASK
432,1712453728.0637314,211112.43797938,893.2,-8.222535513198286e-07,895.5,ASK
433,1712453728.0752416,212174.6470977,893.2,-8.744625484704753e-07,895.5,ASK
434,1712453728.6549258,214236.9608977,893.2,-1.6977976842696154e-06,895.5,ASK
435,1712453728.9335313,214520.5421977,893.2,-2.3345800936899458e-07,895.5,ASK
436,1712453729.4407597,216103.5421977,892.5,-1.303203098480374e-06,895.5,ASK
437,1712453729.89357,216611.48619383,892.9,-4.181643648838354e-07,895.5,ASK
438,1712453730.0437334,217262.94511999,892.9,-5.36312881304116e-07,895.5,ASK
439,1712453730.047046,218194.48619383,892.9,-7.668902171762581e-07,895.5,ASK
440,1712453730.3664794,218194.48619383,892.9,-0.0,895.5,ASK
441,1712453730.6002324,219780.46789383,892.6,-1.2664763860849989e-06,895.5,ASK
442,1712453731.0517757,221676.46789383,892.7,-1.514039681553168e-06,895.5,ASK
443,1712453731.6235995,221706.9649014,892.6,-2.43532065556974e-08,895.5,ASK
444,1712453731.627973,223572.46789383,892.7,-1.4896864749974704e-06,895.5,ASK
445,1712453732.2039368,224287.46789383,890.2,-5.70959057125799e-07,895.5,ASK
446,1712453732.2081351,224706.66340263,889.0,-3.347461153228069e-07,895.5,ASK
447,1712453732.212365,225421.66340263,891.5,-5.70959057125799e-07,895.5,ASK
448,1712453732.2164657,225468.46789383,892.2,-3.7375451978762827e-08,895.5,ASK
449,1712453732.8165617,227364.46789383,892.4,-1.514039681553168e-06,895.5,ASK
450,1712453733.4136367,228216.0892151,892.4,-6.800572120566926e-07,895.5,ASK
451,1712453733.4165132,229264.51479383,892.4,-8.372140977597966e-07,895.5,ASK
452,1712453733.5736978,230844.51479383,892.4,-1.2616997346276398e-06,895.5,ASK
453,1712453733.776081,230938.71419383,892.4,-7.52223784696825e-08,895.5,ASK
454,1712453734.154222,232096.57332245,892.4,-9.246016172886436e-07,895.5,ASK
455,1712453734.1586466,232518.71419383,892.4,-3.370981173389963e-07,895.5,ASK
456,1712453734.7557404,232638.74928974,889.1,-9.58533219339469e-08,895.5,ASK
457,1712453734.7603793,234100.73759383,889.2,-1.1674621868981566e-06,895.5,ASK
458,1712453735.133647,234865.04127927,892.5,-6.103302260092114e-07,895.5,ASK
459,1712453735.143503,235996.73759383,890.6,-9.037094555439564e-07,895.5,ASK
460,1712453735.1535947,236080.2835548,890.3,-6.67151372057264e-08,895.5,ASK
461,1712453735.157165,236185.13639383,890.6,-8.372961973361537e-08,895.5,ASK
462,1712453735.2235246,236561.93399383,890.3,-3.008895138786835e-07,895.5,ASK
463,1712453735.7436745,238457.93399383,890.3,-1.514039681553168e-06,895.5,ASK
464,1712453736.324023,239729.42164748,890.3,-1.0153390096155177e-06,895.5,ASK
465,1712453736.3287404,240401.41049383,890.3,-5.366127526028629e-07,895.5,ASK
466,1712453736.542478,240684.00869383,890.1,-2.2566713540902426e-07,895.5,ASK
467,1712453736.930721,242583.24619383,890.1,-1.5166249681929646e-06,895.5,ASK
468,1712453737.224288,243706.5892628,890.2,-8.970390202628061e-07,895.5,ASK
469,1712453737.2287583,244005.85319383,890.2,-2.389754571925161e-07,895.5,ASK
470,1712453737.60372,244053.32969383,890.2,-3.7912080665212793e-08,895.5,ASK
471,1712453737.7513063,245173.53635589,889.4,-8.945344609172442e-07,895.5,ASK
472,1712453737.7599146,245950.13899383,890.2,-6.201514824050772e-07,895.5,ASK
473,1712453737.8536603,246221.01399383,889.7,-2.163056427957354e-07,895.5,ASK
474,1712453738.3536909,247643.62099383,889.7,-1.1360144774553225e-06,895.5,ASK
475,1712453738.5173433,248766.9640628,894.9,8.970390202628061e-07,895.5,BID
476,1712453738.5219083,249143.62099383,894.9,3.007771834976115e-07,895.5,BID
477,1712453738.637886,251599.96603019,890.9,-1.9614999243856523e-06,895.5,ASK
478,1712453738.6415389,252565.10722976,890.9,-7.707078451744783e-07,895.5,ASK
479,1712453738.8737202,253134.29335666,892.2,4.545202438376298e-07,895.5,BID
480,1712453738.893906,253685.9321569,892.2,4.405079290336233e-07,895.5,BID
481,1712453738.8980722,254432.61829484,894.9,5.962618367652178e-07,895.5,BID
482,1712453738.9027617,255285.9321569,895.2,6.814087805792276e-07,895.5,BID
483,1712453738.91395,255913.05578823,893.7,-5.007858982454348e-07,895.5,ASK
484,1712453738.9340165,256184.53395029,895.5,2.167872943217073e-07,895.5,BID
485,1712453738.938717,256753.72007719,895.5,4.545202438376298e-07,895.5,BID
486,1712453738.9426937,258082.24191513,895.2,1.060883323022738e-06,895.5,BID
487,1712453738.9463978,258575.94321094,895.2,3.94242274625818e-07,895.5,BID
488,1712453738.9535236,259201.12200896,895.2,4.992328630105467e-07,895.5,BID
489,1712453739.0756366,259248.22110896,892.2,-3.7610710108348615e-08,895.5,ASK
490,1712453740.3635623,259390.65070896,892.2,-1.13736321850079e-07,895.5,ASK
491,1712453741.6037762,259531.94920896,889.0,-1.128330885780311e-07,895.5,ASK
492,1712453742.4038205,259579.04830896,889.0,-3.7610710108348615e-08,895.5,ASK
493,1712453743.2457168,259607.53420896,889.0,-2.2747248399132325e-08,895.5,ASK
494,1712453747.593581,259674.74088159,893.2,5.366749431803252e-08,895.5,BID
495,1712453752.13369,259982.29299458,892.6,2.455939362934518e-07,895.5,BID
496,1712453752.137678,260320.54537279,892.9,2.7010945305361454e-07,895.5,BID
497,1712453752.1415796,260739.74088159,892.9,3.3474611532283014e-07,895.5,BID
498,1712453756.1538382,260995.84088159,892.5,2.045071531887e-07,895.5,BID
499,1712453760.2175314,260995.84088159,892.5,0.0,895.5,BID
500,1712453760.253153,261504.04456703,892.5,3.938199765264192e-07,895.5,BID
501,1712453760.2591214,262948.18040621,892.5,1.1190976346313166e-06,895.5,BID
502,1712453760.9917097,262998.63143155,889.1,-3.9095784199072025e-08,895.5,ASK
503,1712453760.9969227,263007.6914693,889.1,-7.0208539533551755e-09,895.5,ASK
504,1712453763.9803708,264971.37948156,892.3,1.521711843202958e-06,895.5,BID
505,1712453770.6339035,265417.29915731,889.0,-3.455545114445032e-07,895.5,ASK
506,1712453770.638326,265626.66480796,889.1,-1.6224277388510586e-07,895.5,ASK
507,1712453770.6421766,266393.98648156,889.2,-5.946171036200386e-07,895.5,ASK
508,1712453770.8157003,266488.07408156,889.0,-7.291087704599562e-08,895.5,ASK
509,1712453772.1056895,266676.24938156,889.0,-1.458218315844962e-07,895.5,ASK
510,1712453773.3287516,266723.66958156,889.0,-3.6747120467468567e-08,895.5,ASK
511,1712453774.7135644,266771.08978156,889.0,-3.6747120467468567e-08,895.5,ASK
512,1712453775.9334838,267008.19088156,889.0,-1.837356798298929e-07,895.5,ASK
513,1712453777.2438242,267055.23408156,889.0,-3.645497356772015e-08,895.5,ASK
514,1712453778.5080392,267197.49478156,889.1,-1.1024143889495574e-07,895.5,ASK
515,1712453779.313932,267338.62568156,889.1,-1.093659281062658e-07,895.5,ASK
516,1712453780.134095,267349.95898181,889.0,-8.782462949983617e-09,895.5,ASK
517,1712453780.1435258,267385.66888156,889.1,-2.7672510617691417e-08,895.5,ASK
518,1712453781.4437964,267414.12098156,889.0,-2.204825678197113e-08,895.5,ASK
519,1712453782.2070284,267790.47158156,889.0,-2.916436631689924e-07,895.5,ASK
520,1712453783.5139706,267875.15283972,889.0,-6.56216632351656e-08,895.5,ASK
521,1712453783.518608,268072.73458156,889.0,-1.5311112288787626e-07,895.5,ASK
522,1712453784.2961793,268342.02698156,889.0,-2.086815379052449e-07,895.5,ASK
523,1712453790.2306137,268342.02698156,889.0,-0.0,895.5,ASK
524,1712453794.053595,270052.5287187,889.0,-1.3188231599937598e-06,895.5,ASK
525,1712453794.056213,270828.42696009,889.0,-5.982294833880185e-07,895.5,ASK
526,1712453803.2491891,271543.42696009,889.1,5.512760021934769e-07,895.5,BID
527,1712453804.790639,271971.72696009,890.0,3.3022589054469897e-07,895.5,BID
528,1712453810.913621,272739.04863369,889.2,-5.916168176484164e-07,895.5,ASK
529,1712453814.4106812,273739.04863369,889.2,-7.710153876831845e-07,895.5,ASK
530,1712453815.0138502,273814.63363368,889.5,5.827719807033047e-08,895.5,BID
531,1712453815.019027,274969.33363368,889.6,8.902914681577822e-07,895.5,BID
532,1712453815.0235174,275141.67650207,889.4,1.3287900348612417e-07,895.5,BID
533,1712453815.027505,275561.64863369,889.9,3.2380497587716225e-07,895.5,BID
534,1712453820.3348804,275561.64863369,889.9,0.0,895.5,BID
535,1712453823.693552,276261.88316413,889.4,5.372322283790398e-07,895.5,BID
536,1712453823.6974144,276403.18166412,889.4,1.0840669049634225e-07,895.5,BID
537,1712453835.103661,277020.72639587,889.3,4.7379116273133946e-07,895.5,BID
538,1712453850.34601,277020.72639587,889.3,0.0,895.5,BID
539,1712453856.4039917,279043.42641137,889.5,1.5503075265135643e-06,895.5,BID
540,1712453856.4152682,279341.1543143,889.5,2.281948906058489e-07,895.5,BID
541,1712453856.933576,279352.1543143,889.4,-8.43099948631463e-09,895.5,ASK
542,1712453856.9935565,281026.87168705,889.0,-1.2835946644888509e-06,895.5,ASK
543,1712453857.0938697,281035.12443547,889.4,6.325356153606647e-09,895.5,BID
544,1712453857.593545,285011.34246319,889.0,-3.0475901953802496e-06,895.5,ASK
545,1712453857.7133954,285665.2254072,889.0,-5.011715240961741e-07,895.5,ASK
546,1712453867.164669,286824.62832949,888.3,8.886295856599008e-07,895.5,BID
547,1712453867.3736944,287671.3811452,888.4,-6.489975049351138e-07,895.5,ASK
548,1712453867.4534757,288760.0633368,888.4,-8.344253634672518e-07,895.5,ASK
549,1712453868.664697,289324.61665316,887.6,4.327044291116636e-07,895.5,BID
550,1712453874.863689,290127.72618156,887.6,6.155469110358926e-07,895.5,BID
551,1712453874.873507,292343.47232618,887.9,1.6982686006449882e-06,895.5,BID
552,1712453874.923512,292766.66493262,887.9,3.24357877046154e-07,895.5,BID
553,1712453879.1099062,295492.87322905,887.5,2.0895146133443697e-06,895.5,BID
554,1712453879.114287,296212.64473325,887.9,5.516721074703777e-07,895.5,BID
555,1712453879.1846354,299920.88751617,887.9,-2.84219936344801e-06,895.5,ASK
556,1712453879.22421,301078.74664479,887.9,-8.874463380563645e-07,895.5,ASK
557,1712453880.2294836,301078.74664479,887.9,-0.0,895.5,ASK
558,1712453886.9435444,301092.2601583,888.0,1.0190567109932824e-08,895.5,BID
559,1712453889.2538097,302076.53373869,887.9,-7.422426423799214e-07,895.5,ASK
560,1712453889.373812,302695.53816053,887.9,-4.667924516771874e-07,895.5,ASK
561,1712453899.7136788,304375.50664702,888.0,1.2668675390364889e-06,895.5,BID
562,1712453910.218006,304375.50664702,888.0,0.0,895.5,BID
563,1712453919.5637178,304733.90672211,888.1,-2.6967488599574016e-07,895.5,ASK
564,1712453923.2287068,305521.50710542,888.1,5.926227652881706e-07,895.5,BID
565,1712453929.0957153,306148.47696373,889.3,4.717577835887973e-07,895.5,BID
566,1712453940.353596,306148.47696373,889.3,0.0,895.5,BID
567,1712453946.5748887,306355.81767221,888.5,1.55826927615522e-07,895.5,BID
568,1712453950.706282,307264.81767221,888.4,6.831590296036043e-07,895.5,BID
569,1712453959.8238204,307377.43028482,888.0,-8.463401886882676e-08,895.5,ASK
570,1712453959.828695,307604.35152116,888.1,-1.7054267504344848e-07,895.5,ASK
571,1712453959.8336716,307979.81767221,887.9,-2.821816187022211e-07,895.5,ASK
572,1712453961.4238236,309150.15634011,887.9,-8.795681283499957e-07,895.5,ASK
573,1712453963.0935445,309200.55897405,888.4,-3.7880103951492414e-08,895.5,ASK
574,1712453970.3548903,309200.55897405,888.4,-0.0,895.5,ASK
575,1712453979.9935148,309207.87714563,888.2,5.488790974140375e-09,895.5,BID
576,1712453997.003863,309658.95725369,888.6,3.383200842803096e-07,895.5,BID
577,1712453997.009542,309659.81205211,888.2,6.411177711541072e-10,895.5,BID
578,1712453997.0141084,309791.56846537,888.5,9.882023179942705e-08,895.5,BID
579,1712453997.0187254,309961.97714563,888.3,1.2781028920919754e-07,895.5,BID
580,1712454000.2744591,309961.97714563,888.3,0.0,895.5,BID
581,1712454001.7235436,310336.07714563,888.6,2.8156861132122585e-07,895.5,BID
582,1712454008.1738956,310391.73033526,889.4,4.188770735017981e-08,895.5,BID
583,1712454008.1793945,310448.50553789,889.5,4.273219717192497e-08,895.5,BID
584,1712454018.633575,312623.53195722,889.5,1.6370466946743218e-06,895.5,BID
585,1712454029.243692,312761.5528528,889.5,1.0388225581868524e-07,895.5,BID
586,1712454029.2493532,312915.90260935,889.8,1.1617227107603496e-07,895.5,BID
587,1712454030.2408404,312915.90260935,889.8,0.0,895.5,BID
588,1712454060.3541312,312915.90260935,889.8,0.0,895.5,BID
589,1712454090.3559847,312915.90260935,889.8,0.0,895.5,BID
590,1712454112.1539285,312950.31927635,889.1,2.5852789937859697e-08,895.5,BID
591,1712454112.159561,313665.31927635,889.2,5.370870109400041e-07,895.5,BID
592,1712454112.1628644,314480.02677437,889.1,6.119843565062298e-07,895.5,BID
593,1712454112.2735906,318591.76047156,889.8,-3.0886136520350675e-06,895.5,ASK
594,1712454112.2935529,319907.82977819,889.8,-9.885926294934138e-07,895.5,ASK
595,1712454112.2978387,320121.4140497,889.8,-1.6043823492183548e-07,895.5,ASK
596,1712454112.3134627,320671.34742818,889.8,-4.1309381043908203e-07,895.5,ASK
597,1712454112.333542,321770.15204689,889.8,-8.253897738042393e-07,895.5,ASK
598,1712454112.393597,324001.26013288,889.8,-1.6759428992845431e-06,895.5,ASK
599,1712454120.2452552,324001.26013288,889.8,-0.0,895.5,ASK
600,1712454150.2274864,324001.26013288,889.8,-0.0,895.5,ASK
601,1712454157.613703,324007.19050157,887.0,-4.421958388438615e-09,895.5,ASK
602,1712454157.619084,324126.90339274,887.0,-8.926349287633885e-08,895.5,ASK
603,1712454157.623376,324137.8441875,887.0,-8.157964823813185e-09,895.5,ASK
604,1712454159.0139065,324374.57315076,889.8,1.765161121668675e-07,895.5,BID
605,1712454159.0196362,324429.57315076,889.9,4.101055500553329e-08,895.5,BID
606,1712454159.024197,325144.57315076,889.2,5.331372150719326e-07,895.5,BID
607,1712454159.0357995,325251.06902125,889.8,7.940826826529679e-08,895.5,BID
608,1712454159.0382571,325421.93643846,889.9,1.2740668385717644e-07,895.5,BID
609,1712454159.0406935,325916.51523436,890.0,3.687809257059419e-07,895.5,BID
610,1712454159.0934873,326145.93460929,887.0,-1.710657435436501e-07,895.5,ASK
611,1712454159.213554,326715.12073619,887.0,4.244116175567235e-07,895.5,BID
612,1712454161.374044,326726.39469334,887.0,8.406386178728162e-09,895.5,BID
613,1712454163.7034492,327371.69469334,887.0,4.811656571830936e-07,895.5,BID
614,1712454169.423588,328095.66049244,887.0,5.398225313839153e-07,895.5,BID
615,1712454173.54552,328423.36049244,887.0,2.443483431875224e-07,895.5,BID
616,1712454180.3459046,328423.36049244,887.0,0.0,895.5,BID
617,1712454203.893514,328742.46199219,886.9,-2.372422069230521e-07,895.5,ASK
618,1712454210.3392928,328742.46199219,886.9,-0.0,895.5,ASK
619,1712454240.2193477,328742.46199219,886.9,-0.0,895.5,ASK
620,1712454253.973534,328770.37495335,886.9,-2.0748067439387452e-08,895.5,ASK
621,1712454270.213917,328770.37495335,886.9,-0.0,895.5,ASK
622,1712454287.042001,332087.0670414,886.9,-2.465295045256581e-06,895.5,ASK
623,1712454292.5538464,333517.95415951,886.9,1.0635774527601492e-06,895.5,BID
624,1712454292.7735846,337391.00179641,886.9,-2.87883375839874e-06,895.5,ASK
625,1712454292.8741202,337467.22170417,886.9,-5.665420725294612e-08,895.5,ASK
626,1712454300.2456071,337467.22170417,886.9,-0.0,895.5,ASK
627,1712454330.2340136,337467.22170417,886.9,-0.0,895.5,ASK
628,1712454360.359318,337467.22170417,886.9,-0.0,895.5,ASK
629,1712454366.67381,337524.23424693,885.4,-4.235554125818672e-08,895.5,ASK
630,1712454375.2086418,337535.7483517,885.4,-8.554014889163811e-09,895.5,ASK
631,1712454381.6936617,337756.0648753,885.4,-1.6367671311348e-07,895.5,ASK
632,1712454381.6995482,338962.07804372,885.4,-8.959667125874783e-07,895.5,ASK
633,1712454381.7935388,339143.73288586,885.4,1.349543238827429e-07,895.5,BID
634,1712454390.3348677,339143.73288586,885.4,0.0,895.5,BID
635,1712454420.2350616,339143.73288586,885.4,0.0,895.5,BID
636,1712454423.9540305,339230.66017221,885.2,-6.450855046632194e-08,895.5,ASK
637,1712454450.2386982,339230.66017221,885.2,-0.0,895.5,ASK
638,1712454480.3668163,339230.66017221,885.2,-0.0,895.5,ASK
639,1712454510.3634062,339230.66017221,885.2,-0.0,895.5,ASK
640,1712454515.8836577,339317.58745857,885.2,-6.450486705433608e-08,895.5,ASK
641,1712454515.888754,339343.62899282,885.2,-1.9324262553508104e-08,895.5,ASK
642,1712454527.6535416,339380.43476113,885.2,-2.7311921159473584e-08,895.5,ASK
643,1712454527.7938864,339456.59781343,885.2,5.6517208448413785e-08,895.5,BID
644,1712454527.8935173,339456.65466889,885.2,-4.218990424580919e-11,895.5,ASK
645,1712454531.3237329,340067.06398271,885.0,4.529575612612728e-07,895.5,BID
646,1712454533.533522,341196.75218876,885.0,8.382912960415547e-07,895.5,BID
647,1712454540.245667,341196.75218876,885.0,0.0,895.5,BID
648,1712454556.9834888,341406.75218876,885.0,1.556306946793582e-07,895.5,BID
649,1712454563.973528,342045.06038741,884.9,-4.730492779782482e-07,895.5,ASK
650,1712454570.2361574,342045.06038741,884.9,-0.0,895.5,ASK
651,1712454579.9319012,342568.64784063,885.0,3.878141459557487e-07,895.5,BID
652,1712454580.1644125,342908.74533524,885.0,2.519056150080313e-07,895.5,BID
653,1712454594.4443588,343158.82773639,887.7,1.8523265258575866e-07,895.5,BID
654,1712454594.45323,343338.83650824,887.7,1.333300629918496e-07,895.5,BID
655,1712454600.2594132,343338.83650824,887.7,0.0,895.5,BID
656,1712454606.9161432,344053.83650824,888.2,-5.293206582796357e-07,895.5,ASK
657,1712454615.6937852,344166.42376337,888.2,8.334931468434669e-08,895.5,BID
658,1712454630.2356567,344166.42376337,888.2,0.0,895.5,BID
659,1712454660.334792,344166.42376337,888.2,0.0,895.5,BID
660,1712454690.343334,344166.42376337,888.2,0.0,895.5,BID
661,1712454720.227642,344166.42376337,888.2,0.0,895.5,BID
662,1712454750.233772,344166.42376337,888.2,0.0,895.5,BID
663,1712454780.3450198,344166.42376337,888.2,0.0,895.5,BID
664,1712454787.11349,344408.94334947,888.3,-1.794416909981274e-07,895.5,ASK
665,1712454810.3435302,344408.94334947,888.3,-0.0,895.5,ASK
666,1712454840.2302704,344408.94334947,888.3,-0.0,895.5,ASK
667,1712454870.2255125,344408.94334947,888.3,-0.0,895.5,ASK
668,1712454892.5838363,344414.56687359,889.3,4.160215970993448e-09,895.5,BID
669,1712454900.2572775,344414.56687359,889.3,0.0,895.5,BID
670,1712454900.7134995,344902.19785282,888.3,-3.624586223445213e-07,895.5,ASK
671,1712454900.7236557,346686.02071858,888.3,-1.325924738110382e-06,895.5,ASK
672,1712454900.7281802,348103.81213059,888.3,-1.0538516703358943e-06,895.5,ASK
673,1712454900.813336,348554.56692719,888.3,-3.35048365566932e-07,895.5,ASK
674,1712454901.704563,349192.22528059,888.3,-4.739747434931428e-07,895.5,ASK
675,1712454930.2478378,349192.22528059,888.3,-0.0,895.5,ASK
676,1712454949.0336256,349417.3744419,887.5,1.6682825952579946e-07,895.5,BID
677,1712454960.355111,349417.3744419,887.5,0.0,895.5,BID
678,1712454977.485876,349429.20876142,885.1,-8.767550565685928e-09,895.5,ASK
679,1712454990.3436434,349429.20876142,885.1,-0.0,895.5,ASK
680,1712455020.2737398,349429.20876142,885.1,-0.0,895.5,ASK
681,1712455050.24432,349429.20876142,885.1,-0.0,895.5,ASK
682,1712455052.0858955,349541.79601655,885.2,-8.341052399602843e-08,895.5,ASK
683,1712455052.8936915,349994.05286444,885.2,-3.350555142297717e-07,895.5,ASK
684,1712455052.9008694,351336.78245717,885.1,-9.947642722550232e-07,895.5,ASK
685,1712455052.9736576,352309.16241402,885.1,-7.203899023068106e-07,895.5,ASK
686,1712455053.0536804,353267.27639386,885.1,-7.098209207969425e-07,895.5,ASK
687,1712455053.0935235,353299.23340037,885.1,-2.3675420945875763e-08,895.5,ASK
688,1712455053.2770166,354357.2092195,884.9,-7.838037915292405e-07,895.5,ASK
689,1712455063.9780622,354475.6405498,884.9,-8.774012037564294e-08,895.5,ASK
690,1712455064.0735557,354847.46564352,885.1,2.754674662442624e-07,895.5,BID
691,1712455064.0933833,355379.05547996,885.1,3.93829539206952e-07,895.5,BID
692,1712455064.113645,355666.15069183,885.1,2.126951405927409e-07,895.5,BID
693,1712455080.345096,355666.15069183,885.1,0.0,895.5,BID
694,1712455110.3437438,355666.15069183,885.1,0.0,895.5,BID
695,1712455140.2554913,355666.15069183,885.1,0.0,895.5,BID
696,1712455170.2473075,355666.15069183,885.1,0.0,895.5,BID
697,1712455200.4551582,355666.15069183,885.1,0.0,895.5,BID
698,1712455223.703837,355672.92040863,886.3,4.996744484270688e-09,895.5,BID
699,1712455229.9737818,356050.252852,885.7,2.785099969235192e-07,895.5,BID
700,1712455230.345301,356050.252852,885.7,0.0,895.5,BID
701,1712455234.0243802,356106.69900237,885.7,4.165258211568087e-08,895.5,BID
702,1712455260.2376218,356106.69900237,885.7,0.0,895.5,BID
703,1712455290.2378302,356106.69900237,885.7,0.0,895.5,BID
704,1712455310.4740343,356112.4184553,885.1,-4.220326680881964e-09,895.5,ASK
705,1712455320.3404968,356112.4184553,885.1,-0.0,895.5,ASK
706,1712455326.2436814,356332.43632013,885.1,-1.6234835885330768e-07,895.5,ASK
707,1712455326.2839742,356460.49033753,885.0,-9.44894160549942e-08,895.5,ASK
708,1712455326.29008,357591.55237274,884.9,-8.345961602685368e-07,895.5,ASK
709,1712455350.8700254,357591.55237274,884.9,-0.0,895.5,ASK
710,1712455351.673993,358527.60387207,885.1,6.900339180080543e-07,895.5,BID
711,1712455380.2435756,358527.60387207,885.1,0.0,895.5,BID
712,1712455385.21361,359641.83389874,885.7,8.208813507308702e-07,895.5,BID
713,1712455385.2169616,359653.21953007,885.7,8.388081636107742e-09,895.5,BID
714,1712455385.955258,360713.21953007,885.7,7.809287229273377e-07,895.5,BID
715,1712455388.7037485,361853.21953007,885.7,8.398667397520425e-07,895.5,BID
716,1712455390.853636,362374.63196582,885.7,3.841376863855128e-07,895.5,BID
717,1712455390.9575706,362803.50198273,885.7,3.159593534031765e-07,895.5,BID
718,1712455391.768867,365225.26431249,885.7,1.7841733617103932e-06,895.5,BID
719,1712455410.248593,365225.26431249,885.7,0.0,895.5,BID
720,1712455426.5974953,365231.12074296,885.7,-4.2958058342917585e-09,895.5,ASK
721,1712455440.3452656,365231.12074296,885.7,-0.0,895.5,ASK
722,1712455470.331247,365231.12074296,885.7,-0.0,895.5,ASK
723,1712455500.249172,365231.12074296,885.7,-0.0,895.5,ASK
724,1712455530.2150445,365231.12074296,885.7,-0.0,895.5,ASK
725,1712455560.4115732,365231.12074296,885.7,-0.0,895.5,ASK
726,1712455574.5857358,365259.65992764,885.7,-2.1144057986187443e-08,895.5,ASK
727,1712455590.3456264,365259.65992764,885.7,-0.0,895.5,ASK
728,1712455620.252344,365259.65992764,885.7,-0.0,895.5,ASK
729,1712455650.2784743,365259.65992764,885.7,-0.0,895.5,ASK
730,1712455679.9246774,365309.65992764,888.0,3.7043213146671816e-08,895.5,BID
731,1712455679.929631,365621.46497289,888.0,2.3100521502805935e-07,895.5,BID
732,1712455679.932926,367264.75133651,888.0,1.2174521405719129e-06,895.5,BID
733,1712455679.973686,367867.12512739,888.0,-4.462772145907495e-07,895.5,ASK
734,1712455680.0237038,368295.9951443,888.0,-3.177344689722487e-07,895.5,ASK
735,1712455680.3537812,368295.9951443,888.0,-0.0,895.5,ASK
736,1712455682.075927,368597.03628358,888.0,-2.2258599136102495e-07,895.5,ASK
737,1712455710.4249084,368597.03628358,888.0,-0.0,895.5,ASK
738,1712455740.3016348,368597.03628358,888.0,-0.0,895.5,ASK
739,1712455770.2569325,368597.03628358,888.0,-0.0,895.5,ASK
740,1712455800.3151965,368597.03628358,888.0,-0.0,895.5,ASK
741,1712455809.564087,368822.03628358,888.3,1.671175789737388e-07,895.5,BID
742,1712455809.6839924,369095.51271097,888.6,2.031231931191355e-07,895.5,BID
743,1712455830.286453,369095.51271097,888.6,0.0,895.5,BID
744,1712455860.3994956,369095.51271097,888.6,0.0,895.5,BID
745,1712455890.3352938,369095.51271097,888.6,0.0,895.5,BID
746,1712455898.4043214,371667.79301226,888.0,-1.9099195461516563e-06,895.5,ASK
747,1712455898.4088073,372852.45106997,888.0,-8.796092629530575e-07,895.5,ASK
748,1712455917.163686,372864.90435289,888.4,9.24656945463648e-09,895.5,BID
749,1712455920.2964396,372864.90435289,888.4,0.0,895.5,BID
750,1712455921.3637552,372864.90435384,888.0,-7.036321480164451e-16,895.5,ASK
751,1712455923.533713,372975.2150247,888.0,8.170267712429996e-08,895.5,BID
752,1712455950.3188872,372975.2150247,888.0,0.0,895.5,BID
753,1712455980.3907323,372975.2150247,888.0,0.0,895.5,BID
754,1712456010.3509722,372975.2150247,888.0,0.0,895.5,BID
755,1712456040.2714531,372975.2150247,888.0,0.0,895.5,BID
756,1712456058.4038537,372986.47628596,888.0,8.340158183564832e-09,895.5,BID
757,1712456064.104238,372998.47628596,885.7,-8.887272561385844e-09,895.5,ASK
758,1712456070.276446,372998.47628596,885.7,-0.0,895.5,ASK
759,1712456073.208483,373701.47628596,885.7,-5.206380968300756e-07,895.5,ASK
760,1712456073.2938898,374578.44278523,885.7,6.494767697918431e-07,895.5,BID
761,1712456073.3136854,375596.25927966,885.7,7.537895342564702e-07,895.5,BID
762,1712456073.323791,378378.63094873,885.7,2.060609801505712e-06,895.5,BID
763,1712456100.3296387,378378.63094873,885.7,0.0,895.5,BID
764,1712456130.3603954,378378.63094873,885.7,0.0,895.5,BID
765,1712456136.9338083,378455.26540862,885.7,-5.6621232196980254e-08,895.5,ASK
766,1712456160.293673,378455.26540862,885.7,-0.0,895.5,ASK
767,1712456190.3285074,378455.26540862,885.7,-0.0,895.5,ASK
768,1712456220.339566,378455.26540862,885.7,-0.0,895.5,ASK
769,1712456250.3743668,378455.26540862,885.7,-0.0,895.5,ASK
770,1712456270.0538175,378625.26690287,885.7,-1.255989980846094e-07,895.5,ASK
771,1712456280.3005524,378625.26690287,885.7,-0.0,895.5,ASK
772,1712456310.2663004,378625.26690287,885.7,-0.0,895.5,ASK
773,1712456340.3475063,378625.26690287,885.7,-0.0,895.5,ASK
774,1712456363.4338756,378637.53070961,885.8,-9.059629240487904e-09,895.5,ASK
775,1712456370.3519485,378637.53070961,885.8,-0.0,895.5,ASK
776,1712456400.3416948,378637.53070961,885.8,-0.0,895.5,ASK
777,1712456421.443739,378642.68558433,888.0,3.8080246989579994e-09,895.5,BID
778,1712456421.4539423,378644.98752513,888.0,1.700496694480534e-09,895.5,BID
779,1712456430.3335545,378644.98752513,888.0,0.0,895.5,BID
780,1712456460.3738823,378644.98752513,888.0,0.0,895.5,BID
781,1712456490.36615,378644.98752513,888.0,0.0,895.5,BID
782,1712456520.3094325,378644.98752513,888.0,0.0,895.5,BID
783,1712456550.320919,378644.98752513,888.0,0.0,895.5,BID
784,1712456580.3465586,378644.98752513,888.0,0.0,895.5,BID
785,1712456610.370586,378644.98752513,888.0,0.0,895.5,BID
786,1712456612.053975,378655.30229143,885.8,-7.619718195577907e-09,895.5,ASK
787,1712456612.0610075,379221.12505311,885.7,-4.1798426326283707e-07,895.5,ASK
788,1712456640.3061547,379221.12505311,885.7,-0.0,895.5,ASK
789,1712456670.279885,379221.12505311,885.7,-0.0,895.5,ASK
790,1712456700.308669,379221.12505311,885.7,-0.0,895.5,ASK
791,1712456707.8040867,379437.02142366,885.7,-1.5947593628231168e-07,895.5,ASK
792,1712456730.294567,379437.02142366,885.7,-0.0,895.5,ASK
793,1712456760.3693652,379437.02142366,885.7,-0.0,895.5,ASK
794,1712456790.367226,379437.02142366,885.7,-0.0,895.5,ASK
795,1712456800.044145,379526.86487232,884.9,-6.635518958855085e-08,895.5,ASK
796,1712456820.316892,379526.86487232,884.9,-0.0,895.5,ASK
797,1712456849.3053074,379577.05738806,884.9,-3.7068238115269896e-08,895.5,ASK
798,1712456850.2871952,379577.05738806,884.9,-0.0,895.5,ASK
799,1712456878.926001,379689.26428155,884.9,-8.286445412787066e-08,895.5,ASK
800,1712456880.3980758,379689.26428155,884.9,-0.0,895.5,ASK
801,1712456910.4065125,379689.26428155,884.9,-0.0,895.5,ASK
802,1712456940.291199,379689.26428155,884.9,-0.0,895.5,ASK
803,1712456970.2878282,379689.26428155,884.9,-0.0,895.5,ASK
804,1712456990.0140612,380115.39954762,884.9,-3.1467654102085105e-07,895.5,ASK
805,1712456995.4814513,380891.24404037,884.9,-5.729168195822749e-07,895.5,ASK
806,1712456995.4848273,380902.54219877,884.9,-8.343044306105233e-09,895.5,ASK
807,1712456996.2242377,381112.54219877,884.9,1.5507299882457828e-07,895.5,BID
808,1712457000.3500917,381112.54219877,884.9,0.0,895.5,BID
809,1712457004.0175598,382292.7754266,884.9,8.707249827334497e-07,895.5,BID
810,1712457030.3108735,382292.7754266,884.9,0.0,895.5,BID
811,1712457060.3897674,382292.7754266,884.9,0.0,895.5,BID
812,1712457090.3974843,382292.7754266,884.9,0.0,895.5,BID
813,1712457120.312147,382292.7754266,884.9,0.0,895.5,BID
814,1712457150.313243,382292.7754266,884.9,0.0,895.5,BID
815,1712457180.3308508,382292.7754266,884.9,0.0,895.5,BID
816,1712457210.3747313,382292.7754266,884.9,0.0,895.5,BID
817,1712457227.5940433,382298.48253766,884.2,-4.207217796574009e-09,895.5,ASK
818,1712457231.4537585,382304.13417098,884.7,4.166320233448476e-09,895.5,BID
819,1712457240.2832165,382304.13417098,884.7,0.0,895.5,BID
820,1712457270.312592,382304.13417098,884.7,0.0,895.5,BID
821,1712457300.3658087,382304.13417098,884.7,0.0,895.5,BID
822,1712457330.365393,382304.13417098,884.7,0.0,895.5,BID
823,1712457360.3055837,382304.13417098,884.7,0.0,895.5,BID
824,1712457383.5041008,382333.64502087,884.7,2.190958441474653e-08,895.5,BID
825,1712457383.507588,382670.79816801,884.7,2.50310830270674e-07,895.5,BID
826,1712457383.5123026,382869.29750318,884.6,1.473708129852935e-07,895.5,BID
827,1712457390.311699,382869.29750318,884.6,0.0,895.5,BID
828,1712457399.964198,382897.51936746,884.2,-2.094483496348244e-08,895.5,ASK
829,1712457399.9708126,382925.84579543,884.2,-2.102243682595993e-08,895.5,ASK
830,1712457420.381626,382925.84579543,884.2,-0.0,895.5,ASK
831,1712457441.56392,382932.12196933,884.2,-4.657684818813854e-09,895.5,ASK
832,1712457450.3963566,382932.12196933,884.2,-0.0,895.5,ASK
833,1712457452.0339096,382939.12196933,884.2,-5.194830477728551e-09,895.5,ASK
834,1712457480.2846997,382939.12196933,884.2,-0.0,895.5,ASK
835,1712457508.6877666,383010.61595194,884.2,-5.3056773415480514e-08,895.5,ASK
836,1712457508.6914127,383016.83354616,884.2,-4.614171370478755e-09,895.5,ASK
1037,1712457508.6948311,383046.31459447,884.2,-2.1878334974945612e-08,895.5,ASK
837,1712457508.6948311,383046.31459447,884.2,-2.187833497494561e-08,895.5,ASK
838,1712457510.324969,383046.31459447,884.2,-0.0,895.5,ASK
839,1712457540.3678722,383046.31459447,884.2,-0.0,895.5,ASK
840,1712457570.3926623,383046.31459447,884.2,-0.0,895.5,ASK
841,1712457591.623955,383821.79057385,884.7,5.754520596825969e-07,895.5,BID
842,1712457600.334676,383821.79057385,884.7,0.0,895.5,BID
843,1712457600.4450166,385506.51321631,884.7,1.2503301974020055e-06,895.5,BID
844,1712457600.448347,385724.05920687,884.7,1.6145347279459849e-07,895.5,BID
845,1712457600.5438583,386369.18928533,884.8,4.787883762119278e-07,895.5,BID
846,1712457609.464146,389361.34922733,885.6,2.220655101706456e-06,895.5,BID
847,1712457609.4706962,389368.34922733,885.6,5.195105212709648e-09,895.5,BID
848,1712457630.319199,389368.34922733,885.6,0.0,895.5,BID
849,1712457660.3943868,389368.34922733,885.6,0.0,895.5,BID
850,1712457686.7839358,391983.63022733,884.9,1.933904564281737e-06,895.5,BID
851,1712457690.3629825,391983.63022733,884.9,0.0,895.5,BID
852,1712457720.4138284,391983.63022733,884.9,0.0,895.5,BID
853,1712457750.295806,391983.63022733,884.9,0.0,895.5,BID
854,1712457780.3801498,391983.63022733,884.9,0.0,895.5,BID
855,1712457787.5339377,392015.27646222,884.7,-2.3361253858595405e-08,895.5,ASK
856,1712457810.3862567,392015.27646222,884.7,-0.0,895.5,ASK
857,1712457840.294732,392015.27646222,884.7,-0.0,895.5,ASK
858,1712457845.4838676,392940.93924897,884.9,6.833102421652034e-07,895.5,BID
859,1712457852.1539056,392964.73831408,884.7,-1.7568109225503067e-08,895.5,ASK
860,1712457852.1663573,393055.72810025,884.2,-6.716728133868993e-08,895.5,ASK
861,1712457852.1710787,394198.13280559,884.1,-8.43305842073733e-07,895.5,ASK
862,1712457852.175345,394209.13280559,883.7,-8.120033311706624e-09,895.5,ASK
863,1712457852.1796649,394214.92948642,883.5,-4.279021948820497e-09,895.5,ASK
864,1712457852.1839817,394554.10416137,884.5,-2.5037360537103615e-07,895.5,ASK
865,1712457852.1876314,395802.26967137,884.0,-9.21376865429362e-07,895.5,ASK
866,1712457852.1912868,395814.26967137,883.8,-8.858218158225408e-09,895.5,ASK
867,1712457852.1947803,396814.26967137,884.1,-7.381848465187839e-07,895.5,ASK
868,1712457870.2957218,396814.26967137,884.1,-0.0,895.5,ASK
869,1712457900.330201,396814.26967137,884.1,-0.0,895.5,ASK
870,1712457930.3186822,396814.26967137,884.1,-0.0,895.5,ASK
871,1712457960.3843467,396814.26967137,884.1,-0.0,895.5,ASK
872,1712457990.378479,396814.26967137,884.1,-0.0,895.5,ASK
873,1712458020.2950587,396814.26967137,884.1,-0.0,895.5,ASK
874,1712458050.2962914,396814.26967137,884.1,-0.0,895.5,ASK
875,1712458080.3395047,396814.26967137,884.1,-0.0,895.5,ASK
876,1712458110.3171315,396814.26967137,884.1,-0.0,895.5,ASK
877,1712458133.9137845,397091.80264737,883.7,2.043749058700108e-07,895.5,BID
878,1712458140.1339004,397171.03264737,883.7,5.8344864186840864e-08,895.5,BID
879,1712458140.397784,397171.03264737,883.7,0.0,895.5,BID
880,1712458170.3936312,397171.03264737,883.7,0.0,895.5,BID
881,1712458200.3473468,397171.03264737,883.7,0.0,895.5,BID
882,1712458201.898015,397266.29814917,883.7,7.018521141810925e-08,895.5,BID
883,1712458201.9047947,397820.38442163,884.1,4.08213481708444e-07,895.5,BID
884,1712458201.908905,398050.87142068,883.9,1.698073116899495e-07,895.5,BID
885,1712458230.287235,398050.87142068,883.9,0.0,895.5,BID
886,1712458260.3906322,398050.87142068,883.9,0.0,895.5,BID
887,1712458286.7063544,398056.53032664,884.1,4.166713532671873e-09,895.5,BID
888,1712458290.38365,398056.53032664,884.1,0.0,895.5,BID
889,1712458320.3154922,398056.53032664,884.1,0.0,895.5,BID
890,1712458350.331243,398056.53032664,884.1,0.0,895.5,BID
891,1712458380.4281597,398056.53032664,884.1,0.0,895.5,BID
892,1712458410.353957,398056.53032664,884.1,0.0,895.5,BID
893,1712458440.289116,398056.53032664,884.1,0.0,895.5,BID
894,1712458470.319461,398056.53032664,884.1,0.0,895.5,BID
895,1712458500.3665142,398056.53032664,884.1,0.0,895.5,BID
896,1712458505.9540908,398069.82768818,883.1,-9.819447238070608e-09,895.5,ASK
897,1712458505.9619489,398075.73289818,883.1,-4.360707035764752e-09,895.5,ASK
898,1712458506.7737854,398245.39696333,884.1,1.2528856427057518e-07,895.5,BID
899,1712458506.8543584,398415.06102848,884.1,1.2528856427061814e-07,895.5,BID
900,1712458507.093887,398624.16026468,884.1,1.5440949779444466e-07,895.5,BID
901,1712458507.1017127,398641.27784585,884.2,1.2640491471650157e-08,895.5,BID
902,1712458530.4179711,398641.27784585,884.2,0.0,895.5,BID
903,1712458560.302305,398641.27784585,884.2,0.0,895.5,BID
904,1712458590.3016589,398641.27784585,884.2,0.0,895.5,BID
905,1712458620.3933,398641.27784585,884.2,0.0,895.5,BID
906,1712458629.064061,399106.77207792,884.2,3.4361341335389935e-07,895.5,BID
907,1712458629.072932,399206.77207792,884.1,7.381690033534798e-08,895.5,BID
908,1712458650.3653884,399206.77207792,884.1,0.0,895.5,BID
909,1712458680.326035,399206.77207792,884.1,0.0,895.5,BID
910,1712458682.1838825,399759.66201113,883.1,-4.079756334784503e-07,895.5,ASK
911,1712458701.850289,399965.38934016,883.3,1.518055083722342e-07,895.5,BID
912,1712458701.8595765,400130.64957759,883.3,1.2194497675667686e-07,895.5,BID
913,1712458701.863147,400284.26045789,883.3,1.1334895507269985e-07,895.5,BID
914,1712458701.8667264,400317.17507713,884.2,2.4287587508044885e-08,895.5,BID
915,1712458702.0038917,400333.58752202,884.8,1.2110688219683944e-08,895.5,BID
916,1712458702.0136478,401396.56986348,884.9,7.843711163552766e-07,895.5,BID
917,1712458702.017161,401402.22262713,884.7,4.171155400897709e-09,895.5,BID
918,1712458710.2997427,401402.22262713,884.7,0.0,895.5,BID
919,1712458725.0643566,401459.36228692,883.1,-4.210286613235975e-08,895.5,ASK
920,1712458740.4095998,401459.36228692,883.1,-0.0,895.5,ASK
921,1712458770.3651378,401459.36228692,883.1,-0.0,895.5,ASK
922,1712458800.3329487,401459.36228692,883.1,-0.0,895.5,ASK
923,1712458830.314068,401459.36228692,883.1,-0.0,895.5,ASK
924,1712458860.3613286,401459.36228692,883.1,-0.0,895.5,ASK
925,1712458890.4118712,401459.36228692,883.1,-0.0,895.5,ASK
926,1712458891.2145488,401493.3335246,883.1,-2.5049812486593574e-08,895.5,ASK
927,1712458920.319652,401493.3335246,883.1,-0.0,895.5,ASK
928,1712458922.5041213,401493.33352461,883.1,7.339386522511251e-18,895.5,BID
929,1712458950.3421926,401493.33352461,883.1,0.0,895.5,BID
930,1712458971.2739818,401720.89077198,883.1,-1.6779312943157765e-07,895.5,ASK
931,1712458980.4354577,401720.89077198,883.1,-0.0,895.5,ASK
932,1712459010.375256,401720.89077198,883.1,-0.0,895.5,ASK
933,1712459040.3344076,401720.89077198,883.1,-0.0,895.5,ASK
934,1712459049.1440587,401726.54967794,884.8,4.17207042671307e-09,895.5,BID
935,1712459063.3243606,401952.02436148,884.8,1.662328842028522e-07,895.5,BID
936,1712459070.348565,401952.02436148,884.8,0.0,895.5,BID
937,1712459100.377468,401952.02436148,884.8,0.0,895.5,BID
938,1712459104.9073813,401957.67496524,884.8,4.167108151876938e-09,895.5,BID
939,1712459111.507752,401963.32875927,884.8,4.169460856272342e-09,895.5,BID
940,1712459115.2941227,401968.98702574,884.8,4.172759112830324e-09,895.5,BID
941,1712459119.8699882,401974.64081977,884.8,4.169460856272342e-09,895.5,BID
942,1712459122.544279,401980.2946138,884.8,4.169460856272342e-09,895.5,BID
943,1712459126.644346,401985.94521756,884.8,4.167108151876938e-09,895.5,BID
944,1712459130.41172,401985.94521756,884.8,0.0,895.5,BID
945,1712459132.5940156,401991.59582132,884.8,4.1670159209031745e-09,895.5,BID
946,1712459142.7140076,401997.23878311,884.8,4.161380379592147e-09,895.5,BID
947,1712459150.183912,402002.88938687,884.8,4.1670159209031745e-09,895.5,BID
948,1712459154.6846762,402008.5431809,884.8,4.169368573140091e-09,895.5,BID
1148,1712459154.6846762,402008.5431809,884.8,4.1693685731400914e-09,895.5,BID
949,1712459158.0339882,402014.19378466,884.8,4.1670159209031745e-09,895.5,BID
950,1712459160.3210058,402014.19378466,884.8,0.0,895.5,BID
951,1712459161.9762638,402019.84438842,884.8,4.1669391159479155e-09,895.5,BID
952,1712459171.7540288,402025.49499218,884.8,4.166939115990839e-09,895.5,BID
953,1712459176.973904,402031.14878621,884.8,4.169291724864529e-09,895.5,BID
954,1712459181.333964,402036.80705268,884.8,4.172589847716808e-09,895.5,BID
955,1712459190.279357,402036.80705268,884.8,0.0,895.5,BID
956,1712459220.3240993,402036.80705268,884.8,0.0,895.5,BID
957,1712459250.2902002,402036.80705268,884.8,0.0,895.5,BID
958,1712459280.3966558,402036.80705268,884.8,0.0,895.5,BID
959,1712459310.396232,402036.80705268,884.8,0.0,895.5,BID
960,1712459318.134303,402941.62439481,883.1,-6.672319112635597e-07,895.5,ASK
961,1712459318.1410046,405129.77805804,883.1,-1.6135919183626246e-06,895.5,ASK
962,1712459318.148412,408518.12012709,883.0,-2.498636851306209e-06,895.5,ASK
963,1712459318.2174623,408530.12012709,882.8,-8.849059984100442e-09,895.5,ASK
964,1712459320.0043178,408754.32012709,882.8,1.6532993736957558e-07,895.5,BID
965,1712459340.2937796,408754.32012709,882.8,0.0,895.5,BID
966,1712459370.312626,408754.32012709,882.8,0.0,895.5,BID
967,1712459400.3298664,408754.32012709,882.8,0.0,895.5,BID
968,1712459430.296643,408754.32012709,882.8,0.0,895.5,BID
969,1712459460.3607173,408754.32012709,882.8,0.0,895.5,BID
970,1712459489.9740522,408759.97392112,884.8,4.151364886246738e-09,895.5,BID
971,1712459490.392367,408759.97392112,884.8,0.0,895.5,BID
972,1712459520.2906845,408759.97392112,884.8,0.0,895.5,BID
973,1712459550.3326263,408759.97392112,884.8,0.0,895.5,BID
974,1712459570.0995803,408940.82618742,884.7,1.327924197831264e-07,895.5,BID
975,1712459580.376587,408940.82618742,884.7,0.0,895.5,BID
976,1712459610.355513,408940.82618742,884.7,0.0,895.5,BID
977,1712459640.3100276,408940.82618742,884.7,0.0,895.5,BID
978,1712459670.2828617,408940.82618742,884.7,0.0,895.5,BID
979,1712459700.316966,408940.82618742,884.7,0.0,895.5,BID
980,1712459730.306635,408940.82618742,884.7,0.0,895.5,BID
981,1712459760.3852572,408940.82618742,884.7,0.0,895.5,BID
982,1712459790.3462763,408940.82618742,884.7,0.0,895.5,BID
983,1712459820.3122394,408940.82618742,884.7,0.0,895.5,BID
984,1712459850.296214,408940.82618742,884.7,0.0,895.5,BID
985,1712459880.3675067,408940.82618742,884.7,0.0,895.5,BID
986,1712459910.3913128,408940.82618742,884.7,0.0,895.5,BID
987,1712459940.316884,408940.82618742,884.7,0.0,895.5,BID
988,1712459970.3009312,408940.82618742,884.7,0.0,895.5,BID
989,1712459980.9440846,410092.8047364,884.6,8.47066937019411e-07,895.5,BID
990,1712460000.3490748,410092.8047364,884.6,0.0,895.5,BID
991,1712460030.2971635,410092.8047364,884.6,0.0,895.5,BID
992,1712460047.0444367,410295.89405854,884.5,1.500311949039558e-07,895.5,BID
993,1712460047.0517097,410507.96099857,884.6,1.5666336406599088e-07,895.5,BID
994,1712460060.3649232,410507.96099857,884.6,0.0,895.5,BID
995,1712460090.355934,410507.96099857,884.6,0.0,895.5,BID
996,1712460100.575143,411667.01525657,884.6,8.560131620246582e-07,895.5,BID
997,1712460110.913388,412445.11525657,884.6,5.746614852359852e-07,895.5,BID
998,1712460115.433916,412790.06709255,884.6,2.547622855663179e-07,895.5,BID
999,1712460120.3196678,412790.06709255,884.6,0.0,895.5,BID
1000,1712460150.336017,412790.06709255,884.6,0.0,895.5,BID
1201,1712460180.3828385,412790.06709255,884.6,0.0,895.5,BID
1202,1712460200.6652024,413701.06243753,884.7,6.718089877980228e-07,895.5,BID
1203,1712460200.6680136,414346.192516,884.7,4.757479688597935e-07,895.5,BID
1204,1712460200.6706638,415491.35696023,884.6,8.444958257797482e-07,895.5,BID
1205,1712460200.863987,415684.05942977,884.7,1.421074780691505e-07,895.5,BID
1206,1712460210.387777,415684.05942977,884.7,0.0,895.5,BID
1207,1712460231.8458552,416610.57361536,884.7,6.819657234977337e-07,895.5,BID
1208,1712460240.277162,416610.57361536,884.7,0.0,895.5,BID
1209,1712460250.1140113,416632.03795355,884.7,1.5789414659210842e-08,895.5,BID
1210,1712460270.325541,416632.03795355,884.7,0.0,895.5,BID
1211,1712460300.3670518,416632.03795355,884.7,0.0,895.5,BID
1212,1712460330.3603375,416632.03795355,884.7,0.0,895.5,BID
1213,1712460341.1637387,417411.25309061,884.7,5.731939658565847e-07,895.5,BID
1214,1712460343.65387,417830.43514182,884.7,3.083520980554029e-07,895.5,BID
1215,1712460343.6636975,418541.57975501,884.7,5.231209992530807e-07,895.5,BID
1216,1712460360.3627791,418541.57975501,884.7,0.0,895.5,BID
1217,1712460390.3798497,418541.57975501,884.7,0.0,895.5,BID
1218,1712460406.0343902,418561.51772815,883.3,-1.4648254245396612e-08,895.5,ASK
1219,1712460406.037087,419276.51772815,882.9,-5.253042378944606e-07,895.5,ASK
1220,1712460406.0396924,419779.63915952,883.3,-3.6963890919465e-07,895.5,ASK
1221,1712460406.0422654,419820.84838018,882.8,-3.0276053500761696e-08,895.5,ASK
1222,1712460406.04489,420952.96657331,883.3,-8.317573211868715e-07,895.5,ASK
1223,1712460406.0475347,421092.40894682,882.8,-1.0244709055504493e-07,895.5,ASK
1224,1712460420.2994702,421092.40894682,882.8,-0.0,895.5,ASK
1225,1712460450.2956314,421092.40894682,882.8,-0.0,895.5,ASK
1226,1712460480.3736055,421092.40894682,882.8,-0.0,895.5,ASK
1227,1712460510.354556,421092.40894682,882.8,-0.0,895.5,ASK
1228,1712460540.2834597,421092.40894682,882.8,-0.0,895.5,ASK
1229,1712460553.6989238,421657.90317889,882.8,-4.147771655609194e-07,895.5,ASK
1230,1712460564.1069915,421663.79155755,882.8,-4.3189919045013105e-09,895.5,ASK
1231,1712460570.301781,421663.79155755,882.8,-0.0,895.5,ASK
1232,1712460600.3510544,421663.79155755,882.8,-0.0,895.5,ASK
1233,1712460630.2923892,421663.79155755,882.8,-0.0,895.5,ASK
1234,1712460632.8485312,422251.89155755,884.6,4.321672750446209e-07,895.5,BID
1235,1712460644.3646462,422907.62261607,884.6,4.818661872516801e-07,895.5,BID
1236,1712460652.6838474,423020.66806033,884.6,8.307182724376062e-08,895.5,BID
1237,1712460655.1140628,423326.02295833,884.6,2.243910800717596e-07,895.5,BID
1238,1712460660.3414536,423326.02295833,884.6,0.0,895.5,BID
1239,1712460666.7534237,424472.39646803,884.6,8.415071742298955e-07,895.5,BID
1240,1712460671.5017142,424585.44191229,884.6,8.298216205614518e-08,895.5,BID
1241,1712460672.4662604,425043.13169977,884.6,3.359718595006256e-07,895.5,BID
1242,1712460679.3336797,425263.27525177,884.6,1.615986210436128e-07,895.5,BID
1243,1712460684.9165907,425714.32416377,884.6,3.3109705708041017e-07,895.5,BID
1244,1712460690.3772266,425714.32416377,884.6,0.0,895.5,BID
1245,1712460720.3410308,425714.32416377,884.6,0.0,895.5,BID
1246,1712460723.8740652,426168.3320352,884.7,3.3275306383101445e-07,895.5,BID
1247,1712460750.307239,426168.3320352,884.7,0.0,895.5,BID
1248,1712460780.3690538,426168.3320352,884.7,0.0,895.5,BID
1249,1712460810.3777926,426168.3320352,884.7,0.0,895.5,BID
1250,1712460840.3043263,426168.3320352,884.7,0.0,895.5,BID
1251,1712460870.34313,426168.3320352,884.7,0.0,895.5,BID
1252,1712460896.1066234,426238.38630387,884.7,5.132931308150217e-08,895.5,BID
1253,1712460900.3931403,426238.38630387,884.7,0.0,895.5,BID
1254,1712460930.4025197,426238.38630387,884.7,0.0,895.5,BID
1255,1712460960.3047452,426238.38630387,884.7,0.0,895.5,BID
1256,1712460990.3246045,426238.38630387,884.7,0.0,895.5,BID
1257,1712461020.4219596,426238.38630387,884.7,0.0,895.5,BID
1258,1712461046.9541135,426905.86855219,884.7,4.89064538277675e-07,895.5,BID
1259,1712461046.9574554,427026.97463889,884.7,8.873448323699976e-08,895.5,BID
1260,1712461050.3729117,427026.97463889,884.7,0.0,895.5,BID
1261,1712461080.312229,427026.97463889,884.7,0.0,895.5,BID
1262,1712461110.339491,427026.97463889,884.7,0.0,895.5,BID
1263,1712461140.3750255,427026.97463889,884.7,0.0,895.5,BID
1264,1712461166.3640535,427236.97463889,884.7,1.5378847938109488e-07,895.5,BID
1265,1712461170.4003737,427236.97463889,884.7,0.0,895.5,BID
1266,1712461171.14628,427446.97463889,884.7,1.5376755827951374e-07,895.5,BID
1267,1712461174.7141402,427503.49097211,884.7,4.138275505786279e-08,895.5,BID
1268,1712461177.3927698,427723.63452411,884.7,1.6119493553342025e-07,895.5,BID
1269,1712461183.5939567,428056.56782499,884.7,2.43782574982185e-07,895.5,BID
1270,1712461186.684013,431154.0627665,884.7,2.2680677806625385e-06,895.5,BID
1271,1712461186.687327,431252.93749423,884.7,7.239869265996987e-08,895.5,BID
1272,1712461186.7037594,432266.17388411,884.7,7.419185030085647e-07,895.5,BID
1273,1712461200.3171823,432266.17388411,884.7,0.0,895.5,BID
1274,1712461230.3566086,432266.17388411,884.7,0.0,895.5,BID
1275,1712461238.503993,432379.20655056,884.7,8.2519789628292e-08,895.5,BID
1276,1712461238.507278,432513.34445053,884.8,9.792771978532076e-08,895.5,BID
1277,1712461254.124103,432620.94065053,884.7,-7.855088327698104e-08,895.5,ASK
1278,1712461254.1842496,434599.55322223,884.8,1.4444912103774751e-06,895.5,BID
1279,1712461254.1873426,435061.14314913,884.7,3.369849164725276e-07,895.5,BID
1280,1712461254.1898386,435737.40107804,884.9,4.937038449216487e-07,895.5,BID
1281,1712461257.5132189,436011.4457292,884.9,2.0006700428038085e-07,895.5,BID
1282,1712461258.3281157,437115.01588584,884.9,8.056642387204538e-07,895.5,BID
1283,1712461260.360111,437115.01588584,884.9,0.0,895.5,BID
1284,1712461263.5256903,438117.29983231,884.9,7.294352338824095e-07,895.5,BID
1285,1712461263.6039357,438282.32252739,884.9,1.200990683383805e-07,895.5,BID
1286,1712461263.6072438,438288.32252739,884.9,4.3666382353111144e-09,895.5,BID
1287,1712461263.61403,438857.50865429,884.9,4.1423831745504666e-07,895.5,BID
1288,1712461263.723975,438877.95339201,885.0,1.4879128906518776e-08,895.5,BID
1289,1712461290.3973198,438877.95339201,885.0,0.0,895.5,BID
1290,1712461320.3250194,438877.95339201,885.0,0.0,895.5,BID
1291,1712461350.2763293,438877.95339201,885.0,0.0,895.5,BID
1292,1712461356.153927,439728.22978928,885.0,-6.181064740569167e-07,895.5,ASK
1293,1712461380.3811848,439728.22978928,885.0,-0.0,895.5,ASK
1294,1712461410.408461,439728.22978928,885.0,-0.0,895.5,ASK
1295,1712461440.3117883,439728.22978928,885.0,-0.0,895.5,ASK
1296,1712461444.3140032,439828.22978928,885.0,-7.265502625745631e-08,895.5,ASK
1297,1712461470.3065193,439828.22978928,885.0,-0.0,895.5,ASK
1298,1712461500.3077216,439828.22978928,885.0,-0.0,895.5,ASK
1299,1712461523.274069,439833.87680826,885.6,4.1214166035243475e-09,895.5,BID
1300,1712461523.2771273,440084.60964474,885.6,1.8299468781263722e-07,895.5,BID
1301,1712461530.3173118,440084.60964474,885.6,0.0,895.5,BID
1302,1712461560.3900025,440084.60964474,885.6,0.0,895.5,BID
1303,1712461590.3524902,440084.60964474,885.6,0.0,895.5,BID
1304,1712461620.3140223,440084.60964474,885.6,0.0,895.5,BID
1305,1712461644.0542114,440770.69567892,885.6,5.006496154906863e-07,895.5,BID
1306,1712461644.0577688,440796.60346716,885.6,1.8905390249013083e-08,895.5,BID
1307,1712461650.3004346,440796.60346716,885.6,0.0,895.5,BID
1308,1712461663.2262602,440806.60346716,885.6,7.293828159256064e-09,895.5,BID
1309,1712461680.382418,440806.60346716,885.6,0.0,895.5,BID
1310,1712461710.387154,440806.60346716,885.6,0.0,895.5,BID
1311,1712461737.211709,440817.89524674,885.2,-8.235976787287697e-09,895.5,ASK
1312,1712461737.3039055,440817.92464909,885.2,2.1445430283101352e-11,895.5,BID
1313,1712461740.304314,440817.92464909,885.2,0.0,895.5,BID
1314,1712461770.3895023,440817.92464909,885.2,0.0,895.5,BID
1315,1712461800.3411548,440817.92464909,885.2,0.0,895.5,BID
1316,1712461809.4240885,440929.5903101,885.0,-8.162597672397147e-08,895.5,ASK
1317,1712461809.434856,441198.5808101,884.7,-1.9662814954367026e-07,895.5,ASK
1318,1712461809.437503,443931.8410836,884.9,-1.997973570811986e-06,895.5,ASK
1319,1712461809.440158,443985.6391836,884.7,-3.932562990874256e-08,895.5,ASK
1320,1712461809.4427943,445918.87285132,885.0,-1.4131657390104276e-06,895.5,ASK
1321,1712461809.445402,446297.66145132,884.7,-2.768889662877601e-07,895.5,ASK
1322,1712461809.4480166,450333.42763958,884.9,-2.950086481078073e-06,895.5,ASK
1323,1712461809.4495,451818.25483958,884.7,-1.0853871223262287e-06,895.5,ASK
1324,1712461830.3027427,451818.25483958,884.7,-0.0,895.5,ASK
1325,1712461840.3542814,451829.57217774,883.6,-8.214361530037268e-09,895.5,ASK
1326,1712461840.514386,452615.84436094,883.6,5.706928504301972e-07,895.5,BID
1327,1712461841.844277,452665.71125602,882.9,-3.619443890218559e-08,895.5,ASK
1328,1712461841.8477557,452699.62105595,882.9,-2.4612444383838292e-08,895.5,ASK
1329,1712461860.397082,452699.62105595,882.9,-0.0,895.5,ASK
1330,1712461890.336383,452699.62105595,882.9,-0.0,895.5,ASK
1331,1712461920.3146043,452699.62105595,882.9,-0.0,895.5,ASK
1332,1712461950.3096976,452699.62105595,882.9,-0.0,895.5,ASK
1333,1712461980.30395,452699.62105595,882.9,-0.0,895.5,ASK
1334,1712461983.8241532,452732.76006467,882.8,-2.4039400667584544e-08,895.5,ASK
1335,1712462010.294149,452732.76006467,882.8,-0.0,895.5,ASK
1336,1712462040.3767147,452732.76006467,882.8,-0.0,895.5,ASK
1337,1712462041.3441188,453530.31977021,882.8,-5.785462867153244e-07,895.5,ASK
1338,1712462070.385946,453530.31977021,882.8,-0.0,895.5,ASK
1339,1712462089.194416,456805.07732845,882.8,-2.3742820222314446e-06,895.5,ASK
1340,1712462089.1973715,456918.35326864,882.8,-8.212792048308309e-08,895.5,ASK
1341,1712462089.326053,457744.59762341,882.8,5.990480463399432e-07,895.5,BID
1342,1712462089.330891,457778.49762341,882.8,2.4578357060716223e-08,895.5,BID
1343,1712462089.3370976,458936.09617345,882.8,8.392882152162405e-07,895.5,BID
1344,1712462090.8640542,458969.99617345,882.8,2.4578357060716223e-08,895.5,BID
1345,1712462091.2843611,459233.5503687,882.8,1.9108345474038962e-07,895.5,BID
1346,1712462100.2985804,459233.5503687,882.8,0.0,895.5,BID
1347,1712462130.304553,459233.5503687,882.8,0.0,895.5,BID
1348,1712462141.1241672,459233.55036871,882.8,7.335704771790921e-18,895.5,BID
1349,1712462160.3635657,459233.55036871,882.8,0.0,895.5,BID
1350,1712462190.3542917,459233.55036871,882.8,0.0,895.5,BID
1351,1712462220.3146513,459233.55036871,882.8,0.0,895.5,BID
1352,1712462250.3177814,459233.55036871,882.8,0.0,895.5,BID
1353,1712462280.3664672,459233.55036871,882.8,0.0,895.5,BID
1354,1712462299.1146424,459290.1883388,885.7,4.149931518776247e-08,895.5,BID
1355,1712462310.3534365,459290.1883388,885.7,0.0,895.5,BID
1356,1712462311.3610306,459346.1693388,885.0,-4.101643778112269e-08,895.5,ASK
1357,1712462340.309878,459346.1693388,885.0,-0.0,895.5,ASK
1358,1712462357.204193,459357.53427779,885.0,-8.3266178270063e-09,895.5,ASK
1359,1712462357.304242,459680.98756108,885.7,2.3698075961701082e-07,895.5,BID
1360,1712462357.3078177,462663.97290504,885.0,2.1855092195932e-06,895.5,BID
1361,1712462357.311364,463322.33493495,885.7,4.823544604775742e-07,895.5,BID
1362,1712462357.3841565,463400.91894927,885.6,-5.757523688701165e-08,895.5,ASK
1363,1712462370.3141625,463400.91894927,885.6,-0.0,895.5,ASK
1364,1712462400.3633013,463400.91894927,885.6,-0.0,895.5,ASK
1365,1712462421.0939994,463516.65964927,885.6,8.502257063966199e-08,895.5,BID
1366,1712462421.1941614,464365.663546,885.6,-6.236742458189863e-07,895.5,ASK
1367,1712462430.3003943,464365.663546,885.6,-0.0,895.5,ASK
1368,1712462434.7043233,464372.4332628,883.1,-4.9698827258268384e-09,895.5,ASK
1369,1712462442.414277,464582.4332628,885.9,1.541682471015864e-07,895.5,BID
1370,1712462460.3597558,464582.4332628,885.9,0.0,895.5,BID
1371,1712462461.8594177,464813.8332628,885.9,1.69854781772576e-07,895.5,BID
1372,1712462462.0145755,465122.0652988,885.9,2.262518807696272e-07,895.5,BID
1373,1712462462.705369,465455.59443541,885.9,2.448207377427784e-07,895.5,BID
1374,1712462464.2242177,465545.89808141,885.9,6.628567884439927e-08,895.5,BID
1375,1712462465.9543755,465761.1747987,885.9,1.580197918583155e-07,895.5,BID
1376,1712462465.958928,466574.61012565,886.0,5.970867759082959e-07,895.5,BID
1377,1712462465.9628096,466585.89808141,885.9,8.285709862866776e-09,895.5,BID
1378,1712462468.4138763,466586.87325144,886.0,7.158050675936305e-10,895.5,BID
1379,1712462468.4162192,467063.69808141,886.0,3.500042240202912e-07,895.5,BID
1380,1712462486.3642647,467074.0095931,886.0,7.568969610394674e-09,895.5,BID
1381,1712462490.38007,467074.0095931,886.0,0.0,895.5,BID
1382,1712462520.328635,467074.0095931,886.0,0.0,895.5,BID
1383,1712462550.3205092,467074.0095931,886.0,0.0,895.5,BID
1384,1712462563.7643075,467074.9791226,886.0,-7.10513489216263e-10,895.5,ASK
1385,1712462563.7681923,467789.9791226,886.0,-5.239831740968284e-07,895.5,ASK
1386,1712462566.3984578,470204.14487869,886.0,1.7692059240166692e-06,895.5,BID
1387,1712462580.3733346,470204.14487869,886.0,0.0,895.5,BID
1388,1712462610.3596954,470204.14487869,886.0,0.0,895.5,BID
1389,1712462618.5644662,470232.62649009,886.0,2.083023137674889e-08,895.5,BID
1390,1712462640.326153,470232.62649009,886.0,0.0,895.5,BID
1391,1712462670.309615,470232.62649009,886.0,0.0,895.5,BID
1392,1712462672.0241566,470238.62649009,886.1,4.388062176094484e-09,895.5,BID
1393,1712462673.8944073,470430.95683651,887.4,1.4065958640679178e-07,895.5,BID
1394,1712462673.9023025,470436.59303622,887.3,4.121999127407108e-09,895.5,BID
1395,1712462681.6001513,470442.22923593,887.4,4.121999127407108e-09,895.5,BID
1396,1712462681.6048207,470537.10998206,888.0,6.939043555541561e-08,895.5,BID
1397,1712462681.6078908,470601.52361043,888.9,4.710850104592652e-08,895.5,BID
1398,1712462681.6099217,470607.52361043,888.0,4.388062176094484e-09,895.5,BID
1399,1712462681.611989,470646.59303622,888.0,2.857317825846322e-08,895.5,BID
1400,1712462688.1144233,470947.99828091,888.9,2.2043082565012762e-07,895.5,BID
1401,1712462688.118741,471433.97187464,888.9,3.55413724204521e-07,895.5,BID
1402,1712462700.4357023,471433.97187464,888.9,0.0,895.5,BID
1403,1712462728.2043335,471751.97187464,888.9,2.325750567361111e-07,895.5,BID
1404,1712462730.3602338,471751.97187464,888.9,0.0,895.5,BID
1405,1712462760.2925043,471751.97187464,888.9,0.0,895.5,BID
1406,1712462761.9644132,471763.22173402,888.9,8.226087684943366e-09,895.5,BID
1407,1712462761.9690137,472112.08462823,888.9,2.5509445592659624e-07,895.5,BID
1408,1712462762.1044748,472217.71605283,888.9,-7.723948644093148e-08,895.5,ASK
1409,1712462769.9543734,472547.71605283,887.3,-2.413015882540246e-07,895.5,ASK
1410,1712462790.3243787,472547.71605283,887.3,-0.0,895.5,ASK
1411,1712462820.3445823,472547.71605283,887.3,-0.0,895.5,ASK
1412,1712462850.3890662,472547.71605283,887.3,-0.0,895.5,ASK
1413,1712462880.3623047,472547.71605283,887.3,-0.0,895.5,ASK
1414,1712462910.3816948,472547.71605283,887.3,-0.0,895.5,ASK
1415,1712462940.331,472547.71605283,887.3,-0.0,895.5,ASK
1416,1712462970.3314507,472547.71605283,887.3,-0.0,895.5,ASK
1417,1712463000.3377502,472547.71605283,887.3,-0.0,895.5,ASK
1418,1712463030.2985494,472547.71605283,887.3,-0.0,895.5,ASK
1419,1712463060.4327023,472547.71605283,887.3,-0.0,895.5,ASK
1420,1712463090.3675451,472547.71605283,887.3,-0.0,895.5,ASK
1421,1712463120.285029,472547.71605283,887.3,-0.0,895.5,ASK
1422,1712463150.345533,472547.71605283,887.3,-0.0,895.5,ASK
1423,1712463175.6941032,473335.73811744,888.3,5.762297709556465e-07,895.5,BID
1424,1712463180.342159,473335.73811744,888.3,0.0,895.5,BID
1425,1712463199.22599,473358.31148087,886.0,-1.6498001737499272e-08,895.5,ASK
1426,1712463199.234354,473925.86493295,884.6,-4.148029542687662e-07,895.5,ASK
1427,1712463199.2375422,474123.11695586,886.0,-1.441639048070158e-07,895.5,ASK
1428,1712463210.2977805,474123.11695586,886.0,-0.0,895.5,ASK
1429,1712463240.3607185,474123.11695586,886.0,-0.0,895.5,ASK
1430,1712463270.4090624,474123.11695586,886.0,-0.0,895.5,ASK
1431,1712463300.3454137,474123.11695586,886.0,-0.0,895.5,ASK
1432,1712463330.306768,474123.11695586,886.0,-0.0,895.5,ASK
1433,1712463360.4191358,474123.11695586,886.0,-0.0,895.5,ASK
1434,1712463390.3493268,474123.11695586,886.0,-0.0,895.5,ASK
1435,1712463420.2803545,474123.11695586,886.0,-0.0,895.5,ASK
1436,1712463450.3217683,474123.11695586,886.0,-0.0,895.5,ASK
1437,1712463480.3730538,474123.11695586,886.0,-0.0,895.5,ASK
1438,1712463510.3820643,474123.11695586,886.0,-0.0,895.5,ASK
1439,1712463540.311611,474123.11695586,886.0,-0.0,895.5,ASK
1440,1712463570.3079498,474123.11695586,886.0,-0.0,895.5,ASK
1441,1712463600.3245628,474123.11695586,886.0,-0.0,895.5,ASK
1442,1712463630.298632,474123.11695586,886.0,-0.0,895.5,ASK
1443,1712463660.398155,474123.11695586,886.0,-0.0,895.5,ASK
1444,1712463690.3960214,474123.11695586,886.0,-0.0,895.5,ASK
1445,1712463720.2909527,474123.11695586,886.0,-0.0,895.5,ASK
1446,1712463750.2855957,474123.11695586,886.0,-0.0,895.5,ASK
1447,1712463768.5940392,474181.67261156,887.6,4.295287781644176e-08,895.5,BID
1448,1712463780.3463469,474181.67261156,887.6,0.0,895.5,BID
1449,1712463810.300058,474181.67261156,887.6,0.0,895.5,BID
1450,1712463840.3625534,474181.67261156,887.6,0.0,895.5,BID
1451,1712463870.358408,474181.67261156,887.6,0.0,895.5,BID
1452,1712463900.315325,474181.67261156,887.6,0.0,895.5,BID
1453,1712463930.300118,474181.67261156,887.6,0.0,895.5,BID
1454,1712463960.344497,474181.67261156,887.6,0.0,895.5,BID
1455,1712463967.5944166,474452.52240278,886.1,-1.987316213296203e-07,895.5,ASK
1456,1712463967.59885,474552.52240278,886.0,-7.337337069171656e-08,895.5,ASK
1457,1712463967.6026535,474653.53018115,884.0,-7.41128116508848e-08,895.5,ASK
1458,1712463974.9641538,474660.29150636,887.4,4.961012209993766e-09,895.5,BID
1459,1712463990.3873029,474660.29150636,887.4,0.0,895.5,BID
1460,1712464020.332398,474660.29150636,887.4,0.0,895.5,BID
1461,1712464043.5433328,475375.29150636,886.8,5.244564824047497e-07,895.5,BID
1462,1712464043.657004,475437.71064523,886.8,-4.578478602308831e-08,895.5,ASK
1463,1712464050.3033097,475437.71064523,886.8,-0.0,895.5,ASK
1464,1712464061.4241164,475946.00845758,886.8,-3.726508306917747e-07,895.5,ASK
1465,1712464080.3738158,475946.00845758,886.8,-0.0,895.5,ASK
1466,1712464080.443999,476453.79809005,885.9,3.721552813726028e-07,895.5,BID
1467,1712464100.1242473,476736.60519157,884.0,-2.0726724161027162e-07,895.5,ASK
1468,1712464100.2278092,477231.21722892,884.0,3.624975189723814e-07,895.5,BID
1469,1712464100.3296738,479755.23342944,884.6,-1.8498328820232867e-06,895.5,ASK
1470,1712464100.3341477,480711.32589351,884.7,-7.007131245540402e-07,895.5,ASK
1471,1712464110.343857,480711.32589351,884.7,-0.0,895.5,ASK
1472,1712464110.4887028,480944.18246372,884.3,1.7013321348310816e-07,895.5,BID
1473,1712464113.5352457,480955.49084322,884.3,8.262300444803822e-09,895.5,BID
1474,1712464126.8742971,481278.73383319,884.3,2.3617271597662645e-07,895.5,BID
1475,1712464126.8787937,481279.33102705,884.3,4.363308726041864e-10,895.5,BID
1476,1712464140.3030236,481279.33102705,884.3,0.0,895.5,BID
1477,1712464140.3501058,488984.24515084,883.1,-5.627416497392544e-06,895.5,ASK
1478,1712464140.3521297,489699.24515084,883.2,-5.222125426696461e-07,895.5,ASK
1479,1712464156.3141785,492521.88772522,883.1,-2.061565532607781e-06,895.5,ASK
1480,1712464170.2996302,492521.88772522,883.1,-0.0,895.5,ASK
1481,1712464200.3542106,492521.88772522,883.1,-0.0,895.5,ASK
1482,1712464230.296296,492521.88772522,883.1,-0.0,895.5,ASK
1483,1712464260.3750536,492521.88772522,883.1,-0.0,895.5,ASK
1484,1712464265.7643158,492635.1123629,883.2,-8.210156866298048e-08,895.5,ASK
1485,1712464265.7686422,495729.9189225,883.1,-2.244109395781703e-06,895.5,ASK
1486,1712464290.3441875,495729.9189225,883.1,-0.0,895.5,ASK
1487,1712464320.3165178,495729.9189225,883.1,-0.0,895.5,ASK
1488,1712464350.3043478,495729.9189225,883.1,-0.0,895.5,ASK
1489,1712464380.3673818,495729.9189225,883.1,-0.0,895.5,ASK
1490,1712464410.392269,495729.9189225,883.1,-0.0,895.5,ASK
1491,1712464440.3645926,495729.9189225,883.1,-0.0,895.5,ASK
1492,1712464445.0364137,495746.76648949,883.1,-1.2191480763089417e-08,895.5,ASK
1493,1712464470.2938063,495746.76648949,883.1,-0.0,895.5,ASK
1494,1712464500.3980172,495746.76648949,883.1,-0.0,895.5,ASK
1495,1712464530.4137294,495746.76648949,883.1,-0.0,895.5,ASK
1496,1712464560.3021934,495746.76648949,883.1,-0.0,895.5,ASK
1497,1712464590.3032403,495746.76648949,883.1,-0.0,895.5,ASK
1498,1712464620.3589234,495746.76648949,883.1,-0.0,895.5,ASK
1499,1712464640.2368698,495922.1861173,883.2,-1.271072181666053e-07,895.5,ASK
1500,1712464650.386458,495922.1861173,883.2,-0.0,895.5,ASK
1501,1712464674.9262085,496316.28641702,883.2,-2.855288803102832e-07,895.5,ASK
1502,1712464674.9318244,496324.65604644,883.2,-6.063864753718256e-09,895.5,ASK
1503,1712464675.0455368,496710.63704644,883.2,2.7964638146515655e-07,895.5,BID
1504,1712464680.305556,496710.63704644,883.2,0.0,895.5,BID
1505,1712464710.2932796,496710.63704644,883.2,0.0,895.5,BID
1506,1712464724.7244265,497075.13004998,883.2,2.63944987732851e-07,895.5,BID
1507,1712464740.3785386,497075.13004998,883.2,0.0,895.5,BID
1508,1712464770.3820188,497075.13004998,883.2,0.0,895.5,BID
1509,1712464772.0940351,497268.84813115,883.2,-1.4024686178854468e-07,895.5,ASK
1510,1712464800.301571,497268.84813115,883.2,-0.0,895.5,ASK
1511,1712464807.8444648,497275.12895115,883.2,-4.553595739446782e-09,895.5,ASK
1512,1712464807.934272,497827.05921586,883.2,4.001495508326869e-07,895.5,BID
1513,1712464808.014208,500321.68168248,883.4,-1.8086017805884364e-06,895.5,ASK
1514,1712464808.019091,501254.62061161,883.4,-6.763809077254937e-07,895.5,ASK
1515,1712464830.2958424,501254.62061161,883.4,-0.0,895.5,ASK
1516,1712464855.0239992,501674.62061161,883.4,3.037247745141072e-07,895.5,BID
1517,1712464860.3603897,501674.62061161,883.4,0.0,895.5,BID
1518,1712464872.184219,501854.64455001,883.4,1.3015015101348344e-07,895.5,BID
1519,1712464877.7840905,502985.73831768,883.5,-8.177358299183192e-07,895.5,ASK
1520,1712464890.3770273,502985.73831768,883.5,-0.0,895.5,ASK
1521,1712464920.307733,502985.73831768,883.5,-0.0,895.5,ASK
1522,1712464926.228328,502991.4004233,884.3,4.090052088269085e-09,895.5,BID
1523,1712464950.2954593,502991.4004233,884.3,0.0,895.5,BID
1524,1712464953.7041974,503157.81584698,884.3,1.202106309995817e-07,895.5,BID
1525,1712464953.7071445,503211.9004233,884.3,3.906813985744423e-08,895.5,BID
1526,1712464980.370646,503211.9004233,884.3,0.0,895.5,BID
1527,1712465010.3442483,503211.9004233,884.3,0.0,895.5,BID
1528,1712465040.315495,503211.9004233,884.3,0.0,895.5,BID
1529,1712465070.300522,503211.9004233,884.3,0.0,895.5,BID
1530,1712465100.3122852,503211.9004233,884.3,0.0,895.5,BID
1531,1712465130.307194,503211.9004233,884.3,0.0,895.5,BID
1532,1712465160.33409,503211.9004233,884.3,0.0,895.5,BID
1533,1712465190.3911643,503211.9004233,884.3,0.0,895.5,BID
1534,1712465220.2775977,503211.9004233,884.3,0.0,895.5,BID
1535,1712465250.3088455,503211.9004233,884.3,0.0,895.5,BID
1536,1712465280.3727536,503211.9004233,884.3,0.0,895.5,BID
1537,1712465310.3673396,503211.9004233,884.3,0.0,895.5,BID
1538,1712465340.306982,503211.9004233,884.3,0.0,895.5,BID
1539,1712465370.2955074,503211.9004233,884.3,0.0,895.5,BID
1540,1712465400.3093245,503211.9004233,884.3,0.0,895.5,BID
1541,1712465430.2882185,503211.9004233,884.3,0.0,895.5,BID
1542,1712465460.354288,503211.9004233,884.3,0.0,895.5,BID
1543,1712465490.3827922,503211.9004233,884.3,0.0,895.5,BID
1544,1712465520.342404,503211.9004233,884.3,0.0,895.5,BID
1545,1712465550.299214,503211.9004233,884.3,0.0,895.5,BID
1546,1712465580.378191,503211.9004233,884.3,0.0,895.5,BID
1547,1712465610.344125,503211.9004233,884.3,0.0,895.5,BID
1548,1712465639.234404,503231.40240226,884.2,1.4100549267196744e-08,895.5,BID
1549,1712465640.2964506,503231.40240226,884.2,0.0,895.5,BID
1550,1712465670.2907052,503231.40240226,884.2,0.0,895.5,BID
1551,1712465700.3536713,503231.40240226,884.2,0.0,895.5,BID
1552,1712465718.0344713,503242.66422085,884.2,8.148630015930283e-09,895.5,BID
1553,1712465730.3605783,503242.66422085,884.2,0.0,895.5,BID
1554,1712465760.2786365,503242.66422085,884.2,0.0,895.5,BID
1555,1712465767.0544772,503256.8808008,884.2,1.02865105235661e-08,895.5,BID
1556,1712465768.4848082,503332.30226685,884.3,5.457175403329122e-08,895.5,BID
1557,1712465768.4871097,504423.95048017,884.2,7.898700583288116e-07,895.5,BID
1558,1712465768.4892738,505138.95048017,884.8,5.173434855790381e-07,895.5,BID
1559,1712465768.491522,505378.38214242,884.3,1.7324253245647244e-07,895.5,BID
1560,1712465768.6270206,506293.17921462,885.2,-6.61908120181036e-07,895.5,ASK
1561,1712465789.8844235,506298.83620253,885.1,4.0931550255382845e-09,895.5,BID
1562,1712465790.2885845,506298.83620253,885.1,0.0,895.5,BID
1563,1712465820.359578,506298.83620253,885.1,0.0,895.5,BID
1564,1712465850.3542385,506298.83620253,885.1,0.0,895.5,BID
1565,1712465880.3223405,506298.83620253,885.1,0.0,895.5,BID
1566,1712465910.2914586,506298.83620253,885.1,0.0,895.5,BID
1567,1712465940.359576,506298.83620253,885.1,0.0,895.5,BID
1568,1712465970.3622854,506298.83620253,885.1,0.0,895.5,BID
1569,1712466000.379338,506298.83620253,885.1,0.0,895.5,BID
1570,1712466001.6856184,506411.81780253,885.1,-8.16213398569028e-08,895.5,ASK
1571,1712466030.278058,506411.81780253,885.1,-0.0,895.5,ASK
1572,1712466060.364427,506411.81780253,885.1,-0.0,895.5,ASK
1573,1712466090.3725357,506411.81780253,885.1,-0.0,895.5,ASK
1574,1712466120.296024,506411.81780253,885.1,-0.0,895.5,ASK
1575,1712466150.2834723,506411.81780253,885.1,-0.0,895.5,ASK
1576,1712466180.3691354,506411.81780253,885.1,-0.0,895.5,ASK
1577,1712466210.3679628,506411.81780253,885.1,-0.0,895.5,ASK
1578,1712466240.2998326,506411.81780253,885.1,-0.0,895.5,ASK
1579,1712466270.2973726,506411.81780253,885.1,-0.0,895.5,ASK
1580,1712466300.389608,506411.81780253,885.1,-0.0,895.5,ASK
1581,1712466330.3390963,506411.81780253,885.1,-0.0,895.5,ASK
1582,1712466360.2770438,506411.81780253,885.1,-0.0,895.5,ASK
1583,1712466390.310647,506411.81780253,885.1,-0.0,895.5,ASK
1584,1712466420.3749866,506411.81780253,885.1,-0.0,895.5,ASK
1585,1712466426.6744845,506425.94050053,885.0,1.026820093709988e-08,895.5,BID
1586,1712466450.3628857,506425.94050053,885.0,0.0,895.5,BID
1587,1712466480.310135,506425.94050053,885.0,0.0,895.5,BID
1588,1712466510.2897084,506425.94050053,885.0,0.0,895.5,BID
1589,1712466540.3639843,506425.94050053,885.0,0.0,895.5,BID
1590,1712466570.3505104,506425.94050053,885.0,0.0,895.5,BID
