,time,acc_trade_volume,trade_price,dev,high,ask_bid
0,1712451675.1153688,1015054.30941655,535.0,0.0,537.9,BID
1,1712451682.5294044,1015119.97249655,535.8,2.079533625961708e-08,537.9,BID
2,1712451690.20954,1015119.97249655,535.8,0.0,537.9,BID
3,1712451694.9724262,1015129.97249655,534.9,-3.163714303510277e-09,537.9,ASK
4,1712451720.1404176,1015129.97249655,534.9,-0.0,537.9,ASK
5,1712451750.139484,1015129.97249655,534.9,-0.0,537.9,ASK
6,1712451752.2098825,1020060.56097838,534.9,-1.5598946907046794e-06,537.9,ASK
7,1712451752.210943,1020208.91038948,534.9,-4.693343595733084e-08,537.9,ASK
8,1712451758.5004804,1021698.80212082,534.9,-4.713583804462185e-07,537.9,ASK
9,1712451773.1823566,1027716.84335952,534.9,-1.903933092628624e-06,537.9,ASK
10,1712451780.212263,1027716.84335952,534.9,-0.0,537.9,ASK
11,1712451784.0692463,1027759.87845216,534.9,-1.3586111869170882e-08,537.9,ASK
12,1712451795.6099277,1028803.5143205,534.9,-3.294742218060909e-07,537.9,ASK
13,1712451810.218295,1028803.5143205,534.9,-0.0,537.9,ASK
14,1712451822.1542864,1028822.31350874,534.9,-5.9337856458147745e-09,537.9,ASK
15,1712451831.9294634,1029011.31350874,534.9,-5.965605922642223e-08,537.9,ASK
16,1712451840.1494446,1029011.31350874,534.9,-0.0,537.9,ASK
17,1712451870.147843,1029011.31350874,534.9,-0.0,537.9,ASK
18,1712451900.2119873,1029011.31350874,534.9,-0.0,537.9,ASK
19,1712451930.219669,1029011.31350874,534.9,-0.0,537.9,ASK
20,1712451951.8235986,1029021.69862746,534.9,-3.317963816897219e-09,537.9,ASK
21,1712451953.0393224,1029031.03395232,535.6,2.9825629286848677e-09,537.9,BID
22,1712451960.1308937,1029031.03395232,535.6,0.0,537.9,BID
23,1712451990.1398056,1029031.03395232,535.6,0.0,537.9,BID
24,1712452006.599452,1029510.22422621,535.6,1.5309701038723066e-07,537.9,BID
25,1712452018.2794518,1029749.81936315,535.6,7.6548505192016e-08,537.9,BID
26,1712452020.2100985,1029749.81936315,535.6,0.0,537.9,BID
27,1712452024.4325037,1029869.61693162,535.6,3.8269545513162254e-08,537.9,BID
28,1712452030.5206106,1029880.97657949,536.2,3.6288596398455987e-09,537.9,BID
29,1712452030.5219696,1029929.50299034,535.6,1.5501847928402237e-08,537.9,BID
30,1712452040.3652935,1030287.10757483,536.3,1.142374181432566e-07,537.9,BID
31,1712452040.3660834,1030346.93933321,536.2,1.9113361228456168e-08,537.9,BID
32,1712452049.330605,1032312.56001161,536.5,6.279210085342968e-07,537.9,BID
33,1712452050.2630763,1032312.56001161,536.5,0.0,537.9,BID
34,1712452051.3093982,1032587.93559408,536.5,8.793060394889449e-08,537.9,BID
35,1712452065.249303,1033362.96536505,536.5,2.474759571219251e-07,537.9,BID
36,1712452065.250203,1036609.56029495,536.5,1.036675257853162e-06,537.9,BID
37,1712452072.1392305,1036967.16488944,535.5,-1.1418727719563053e-07,537.9,ASK
38,1712452072.1403422,1037276.12491596,535.5,-9.86545048195334e-08,537.9,ASK
39,1712452080.129433,1037276.12491596,535.5,-0.0,537.9,ASK
40,1712452110.1439824,1037276.12491596,535.5,-0.0,537.9,ASK
41,1712452131.1595418,1039055.65050647,536.5,5.677404383920115e-07,537.9,BID
42,1712452131.1608255,1039413.25510096,536.5,1.1409028919251417e-07,537.9,BID
43,1712452131.2679567,1039446.18336504,536.6,1.0505444363342598e-08,537.9,BID
44,1712452140.2097323,1039446.18336504,536.6,0.0,537.9,BID
45,1712452170.2193477,1039446.18336504,536.6,0.0,537.9,BID
46,1712452178.0282412,1039588.76891637,537.0,4.547365118456469e-08,537.9,BID
47,1712452178.028993,1048655.5262519,537.0,2.8915872373123364e-06,537.9,BID
48,1712452178.0297272,1052995.5262519,537.2,1.3841209316099931e-06,537.9,BID
49,1712452178.0307157,1053412.95141838,537.0,1.3312601619948584e-07,537.9,BID
50,1712452178.102142,1062280.41046938,537.3,-2.828026654996204e-06,537.9,ASK
51,1712452178.1034455,1101643.89442838,537.3,-1.25538760573148e-05,537.9,ASK
52,1712452178.119732,1104329.50445033,537.3,-8.564997800743176e-07,537.9,ASK
53,1712452178.121318,1126412.13192147,537.3,-7.042632928053127e-06,537.9,ASK
54,1712452178.1995332,1134752.13192147,537.3,-2.659808426181416e-06,537.9,ASK
55,1712452178.200832,1145888.86645869,537.3,-3.551748244873333e-06,537.9,ASK
56,1712452178.263092,1149588.49348129,537.3,-1.179891981827342e-06,537.9,ASK
57,1712452178.2792718,1160439.53714808,537.3,-3.4606351771931108e-06,537.9,ASK
58,1712452178.3078704,1163656.33935988,537.3,-1.0259085885257034e-06,537.9,ASK
59,1712452178.3091812,1163777.00407788,537.3,-3.848261794714217e-08,537.9,ASK
60,1712452178.379388,1164338.32042037,537.3,-1.7901605965327418e-07,537.9,ASK
61,1712452178.3992786,1167410.91240393,537.3,-9.799167923369756e-07,537.9,ASK
62,1712452179.547001,1175750.91240393,537.3,-2.659808426181416e-06,537.9,ASK
63,1712452179.611951,1188470.98554093,537.3,-4.056709557726186e-06,537.9,ASK
64,1712452179.6322296,1193570.19326293,537.3,-1.6262488807943827e-06,537.9,ASK
65,1712452181.4096334,1195703.39436202,537.3,-6.803244913787961e-07,537.9,ASK
66,1712452188.4002442,1201005.83327709,537.3,-1.6910637536708873e-06,537.9,ASK
67,1712452188.4191935,1209345.83327709,537.3,-2.659808426181416e-06,537.9,ASK
68,1712452188.519434,1213024.69481789,537.3,-1.173269415464566e-06,537.9,ASK
69,1712452188.6394827,1214648.27219216,537.3,-5.177943382063212e-07,537.9,ASK
70,1712452189.889288,1216257.77411626,537.3,-5.133053692657848e-07,537.9,ASK
71,1712452193.1013582,1218327.13373296,537.3,-6.599640461988555e-07,537.9,ASK
72,1712452200.2094977,1218327.13373296,537.3,-0.0,537.9,ASK
73,1712452206.5194764,1218336.45466319,537.5,2.904623883201865e-09,537.9,BID
74,1712452219.661703,1218336.62210505,537.5,-5.217887197345861e-11,537.9,ASK
75,1712452230.13941,1218336.62210505,537.5,-0.0,537.9,ASK
76,1712452260.2105546,1218336.62210505,537.5,-0.0,537.9,ASK
77,1712452290.20958,1218336.62210505,537.5,-0.0,537.9,ASK
78,1712452320.1470163,1218336.62210505,537.5,-0.0,537.9,ASK
79,1712452335.5194335,1220118.72121254,537.5,5.55343648703523e-07,537.9,BID
80,1712452335.68022,1221118.72121254,537.5,3.116233246340881e-07,537.9,BID
81,1712452335.681591,1221504.79829614,537.5,1.2031062435646056e-07,537.9,BID
82,1712452336.3394542,1222334.41139137,537.6,2.585267908955356e-07,537.9,BID
83,1712452350.1502674,1222334.41139137,537.6,0.0,537.9,BID
84,1712452355.8198311,1222382.18706101,537.6,1.4878049987444636e-08,537.9,BID
85,1712452360.652537,1227000.47854166,537.6,1.438204258015719e-06,537.9,BID
86,1712452360.7293568,1227942.76267966,537.6,2.9344121418289005e-07,537.9,BID
87,1712452360.7312858,1229827.33095566,537.6,5.868824283657076e-07,537.9,BID
88,1712452360.7495272,1229863.10939624,537.6,1.1141935454468873e-08,537.9,BID
89,1712452360.7514255,1231711.89923166,537.6,5.757404929112388e-07,537.9,BID
90,1712452360.7529323,1232561.05415967,537.6,2.644394010849823e-07,537.9,BID
91,1712452368.0003223,1232570.36815855,537.9,2.9005169778986846e-09,537.9,BID
92,1712452368.0025508,1232636.42103312,538.0,2.0569841868751574e-08,538.0,BID
93,1712452368.0047717,1232645.73676387,537.8,2.901056307825153e-09,538.0,BID
94,1712452368.0065253,1238806.5217524,538.0,1.9185595453096327e-06,538.0,BID
95,1712452380.2194164,1238806.5217524,538.0,0.0,538.0,BID
96,1712452384.9295886,1239031.42162057,538.1,6.984447983997714e-08,538.1,BID
97,1712452384.931794,1239523.8181524,538.1,1.5291774032839833e-07,538.1,BID
98,1712452384.934099,1239523.81815256,538.1,4.967521577991652e-17,538.1,BID
99,1712452386.3064885,1239585.13924921,538.0,-1.904376438099561e-08,538.1,ASK
100,1712452386.3075404,1241527.116015,538.0,-6.030966499523235e-07,538.1,ASK
101,1712452407.0797198,1241554.35871229,538.2,8.460440804773093e-09,538.2,BID
102,1712452410.229112,1241554.35871229,538.2,0.0,538.2,BID
103,1712452437.60398,1242496.64285029,537.4,-2.924996923477057e-07,538.2,ASK
104,1712452437.6198406,1242554.27615678,537.4,-1.789027718655213e-08,538.2,ASK
105,1712452437.621979,1242651.47553352,537.3,-3.0172202466644465e-08,538.2,ASK
106,1712452437.6241689,1244381.21112629,537.4,-5.369369050421426e-07,538.2,ASK
107,1712452437.639775,1245059.04152052,537.3,-2.104091258471357e-07,538.2,ASK
108,1712452437.6418996,1245155.634375,537.3,-2.998392849771515e-08,538.2,ASK
109,1712452439.734007,1245172.63670392,538.1,5.2777880660302975e-09,538.2,BID
110,1712452440.1597366,1245172.63670392,538.1,0.0,538.2,BID
111,1712452470.1395636,1245172.63670392,538.1,0.0,538.2,BID
112,1712452500.1531718,1245172.63670392,538.1,0.0,538.2,BID
113,1712452530.1492023,1245172.63670392,538.1,0.0,538.2,BID
114,1712452535.6787016,1248737.24582235,538.1,1.1226479755823448e-06,538.2,BID
115,1712452535.6809,1249785.93828424,538.1,3.302781399683331e-07,538.2,BID
116,1712452535.682976,1249805.34995424,538.1,6.113565696605188e-09,538.2,BID
117,1712452535.7612293,1250075.22305099,538.1,8.499458865319937e-08,538.2,BID
118,1712452535.7988522,1250216.4987902,538.2,4.44937768360642e-08,538.2,BID
119,1712452535.8005168,1250756.61595617,538.2,1.7010601241475732e-07,538.2,BID
120,1712452535.802197,1251476.00760205,538.2,2.265672190317744e-07,538.2,BID
121,1712452560.198408,1251476.00760205,538.2,0.0,538.2,BID
122,1712452567.3589694,1251485.31467988,538.3,2.928069148344607e-09,538.3,BID
123,1712452567.360981,1251585.31467988,538.3,3.146067113481468e-08,538.3,BID
124,1712452567.3631449,1253525.57719905,538.4,6.104196103081646e-07,538.4,BID
125,1712452567.879096,1253572.43225531,538.5,1.4740915159995389e-08,538.5,BID
126,1712452567.8812633,1253581.73587647,538.5,2.926981656807866e-09,538.5,BID
127,1712452567.8833103,1253581.73587785,538.4,4.341532425397229e-16,538.5,BID
128,1712452590.208882,1253581.73587785,538.4,0.0,538.5,BID
129,1712452616.748487,1255167.03426359,538.5,4.985676847450616e-07,538.5,BID
130,1712452616.848531,1256743.02902817,538.5,4.956417466989321e-07,538.5,BID
131,1712452617.4285712,1256743.02902818,538.5,3.1486305338485497e-18,538.5,BID
132,1712452620.1385806,1256743.02902818,538.5,0.0,538.5,BID
133,1712452626.5085118,1257298.09171318,538.4,-1.7447077467198237e-07,538.5,ASK
134,1712452627.3285367,1257769.94505214,538.6,1.4831589260929414e-07,538.6,BID
135,1712452633.7610424,1257876.18845953,538.6,3.3395092287888074e-08,538.6,BID
136,1712452640.0484664,1258094.82218017,538.6,6.872231847019949e-08,538.6,BID
137,1712452640.848314,1258107.16349717,538.6,3.879199945568945e-09,538.6,BID
138,1712452647.598689,1258107.16349755,538.5,-1.1943756765700614e-16,538.6,ASK
139,1712452647.5998583,1258571.41605055,538.5,-1.4592676602891056e-07,538.6,ASK
140,1712452650.13903,1258571.41605055,538.5,-0.0,538.6,ASK
141,1712452663.5688891,1258696.74905071,538.6,3.938326377868529e-08,538.6,BID
142,1712452663.5712004,1258996.31792012,538.6,9.413322739274745e-08,538.6,BID
143,1712452677.4984748,1259411.91789591,538.6,1.305935663559169e-07,538.6,BID
144,1712452677.6216576,1261384.45639391,538.6,-6.19828807108132e-07,538.6,ASK
145,1712452677.6384556,1262709.64877789,538.6,-4.164138826105929e-07,538.6,ASK
146,1712452680.2149618,1262709.64877789,538.6,-0.0,538.6,ASK
147,1712452710.2177896,1262709.64877789,538.6,-0.0,538.6,ASK
148,1712452722.0688195,1262895.12974702,538.6,-5.8242708701201634e-08,538.6,ASK
149,1712452722.0712976,1263080.66047189,538.5,-5.825833245532511e-08,538.6,ASK
150,1712452725.7483964,1263089.96063895,538.7,2.920336913817467e-09,538.7,BID
151,1712452740.1388826,1263089.96063895,538.7,0.0,538.7,BID
152,1712452763.2089632,1264203.75310129,538.7,-3.497184556946805e-07,538.7,ASK
153,1712452763.2113838,1264213.01614195,538.7,-2.9084918278482566e-09,538.7,ASK
154,1712452766.2591252,1264213.01614294,538.7,-3.1084770986087583e-16,538.7,ASK
155,1712452770.1485653,1264213.01614294,538.7,-0.0,538.7,ASK
156,1712452800.1755085,1264213.01614294,538.7,-0.0,538.7,ASK
157,1712452817.3330786,1264225.35745994,538.7,3.899690318334617e-09,538.7,BID
158,1712452820.2387848,1264788.18324134,538.7,1.7784538316430605e-07,538.7,BID
159,1712452820.2412431,1265153.51784605,538.7,1.1544082539392793e-07,538.7,BID
160,1712452827.4472044,1265571.36723911,538.5,-1.3203479277168618e-07,538.7,ASK
161,1712452827.4539566,1265571.36724005,538.5,-2.970811290971323e-16,538.7,ASK
162,1712452830.1413138,1265571.36724005,538.5,-0.0,538.7,ASK
163,1712452855.5084684,1265581.36724005,538.5,-3.159135235447535e-09,538.7,ASK
164,1712452856.9687035,1267072.35340755,538.7,4.7102269373134854e-07,538.7,BID
165,1712452860.218752,1267072.35340755,538.7,0.0,538.7,BID
166,1712452863.287216,1267072.35340756,538.7,3.16202929581012e-18,538.7,BID
167,1712452863.288434,1267406.32290962,538.8,1.0547853859627809e-07,538.8,BID
168,1712452890.2088509,1267406.32290962,538.8,0.0,538.8,BID
169,1712452904.5786846,1267740.29241171,538.8,1.054725444073549e-07,538.8,BID
170,1712452904.5811694,1270118.60255734,538.8,7.511057772629159e-07,538.8,BID
171,1712452914.954319,1270337.34847154,538.8,6.908321869216067e-08,538.8,BID
172,1712452918.1185684,1271165.11387614,538.8,2.614206472422437e-07,538.8,BID
173,1712452919.6688251,1271740.29241171,538.8,1.8164995083504899e-07,538.8,BID
174,1712452919.671431,1272804.37846452,538.9,3.360542287720903e-07,538.9,BID
175,1712452919.6739545,1272997.76465674,538.9,6.107424066883531e-08,538.9,BID
176,1712452920.148522,1272997.76465674,538.9,0.0,538.9,BID
177,1712452921.6784947,1274581.37948999,538.9,4.996537445915226e-07,538.9,BID
178,1712452928.138449,1274596.37948999,538.9,4.732720363253839e-09,538.9,BID
179,1712452931.928676,1274830.30870538,538.9,7.380810408241718e-08,538.9,BID
180,1712452943.4286091,1274830.30870539,538.9,3.1588440081091455e-18,538.9,BID
181,1712452950.142215,1274830.30870539,538.9,0.0,538.9,BID
182,1712452965.8059046,1274848.8650238,538.9,-5.852967346506091e-09,538.9,ASK
183,1712452965.8070917,1276933.14897813,538.5,-6.574173635101717e-07,538.9,ASK
184,1712452965.8082016,1276970.27539357,538.7,-1.1710280695927947e-08,538.9,ASK
185,1712452980.1984355,1276970.27539357,538.7,-0.0,538.9,ASK
186,1712453003.834588,1277290.38343289,539.0,1.0093064231527033e-07,539.0,BID
187,1712453003.8359902,1277299.67842361,539.0,2.9307273434196635e-09,539.0,BID
188,1712453009.0690598,1277403.75391214,539.0,3.2815189299556296e-08,539.0,BID
189,1712453010.362026,1277403.75391214,539.0,0.0,539.0,BID
190,1712453016.4587874,1277422.30678783,539.0,5.849324265063793e-09,539.0,BID
191,1712453040.1287766,1277422.30678783,539.0,0.0,539.0,BID
192,1712453056.508235,1277978.90419042,539.0,1.7548268433747394e-07,539.0,BID
193,1712453070.1458588,1277978.90419042,539.0,0.0,539.0,BID
194,1712453073.168638,1277997.45706611,539.0,5.848752618213272e-09,539.0,BID
195,1712453100.218442,1277997.45706611,539.0,0.0,539.0,BID
196,1712453130.2086823,1277997.45706611,539.0,0.0,539.0,BID
197,1712453160.201993,1277997.45706611,539.0,0.0,539.0,BID
198,1712453189.1481586,1278016.02716824,538.5,-5.903695280333946e-09,539.0,ASK
199,1712453190.149108,1278016.02716824,538.5,-0.0,539.0,ASK
200,1712453210.852268,1278017.05671667,538.1,-3.2730680973454656e-10,539.0,ASK
201,1712453210.854303,1278026.35052822,538.1,-2.954623327749656e-09,539.0,ASK
202,1712453214.2569854,1278046.94320034,538.5,6.546677765093943e-09,539.0,BID
203,1712453220.2198246,1278046.94320034,538.5,0.0,539.0,BID
204,1712453243.1882184,1278082.06083434,538.5,1.116429260977096e-08,539.0,BID
205,1712453243.2127106,1278082.06083463,538.5,9.215426772964912e-17,539.0,BID
206,1712453250.2185593,1278082.06083463,538.5,0.0,539.0,BID
207,1712453280.2198942,1278082.06083463,538.5,0.0,539.0,BID
208,1712453310.208422,1278082.06083463,538.5,0.0,539.0,BID
209,1712453316.8586798,1278351.47893371,539.0,8.565054267095238e-08,539.0,BID
210,1712453316.8616512,1279651.91819763,539.0,4.134218489616108e-07,539.0,BID
211,1712453316.9468586,1279651.91819792,539.0,9.222773275128956e-17,539.0,BID
212,1712453316.9526987,1279661.21146447,539.1,2.9544166702468514e-09,539.1,BID
213,1712453316.95838,1279905.82922355,539.1,7.776628178913272e-08,539.1,BID
214,1712453316.960009,1280129.82214718,539.1,7.12094529984856e-08,539.1,BID
215,1712453340.166517,1280129.82214718,539.1,0.0,539.1,BID
216,1712453370.138467,1280129.82214718,539.1,0.0,539.1,BID
217,1712453400.340382,1280129.82214718,539.1,0.0,539.1,BID
218,1712453401.168217,1280142.80675114,539.1,4.147478221707196e-09,539.1,BID
219,1712453427.5789776,1280199.82214718,539.1,1.8211576888296387e-08,539.1,BID
220,1712453427.5817678,1280691.66208697,539.1,1.5710109027231461e-07,539.1,BID
221,1712453427.798524,1282049.66208697,539.1,-4.337656691340697e-07,539.1,ASK
222,1712453427.8787484,1282050.09667879,539.1,-1.3881517790984694e-10,539.1,ASK
223,1712453430.1405735,1282050.09667879,539.1,-0.0,539.1,ASK
224,1712453432.2984705,1282421.42976434,538.6,-1.1857017763569073e-07,539.1,ASK
225,1712453432.3012588,1282526.79297579,538.6,-3.364347316213256e-08,539.1,ASK
226,1712453441.0985963,1282526.79297601,538.6,-7.018171185838695e-17,539.1,ASK
227,1712453441.1014223,1282712.45951879,538.6,-5.9285088819480963e-08,539.1,ASK
228,1712453447.3491971,1282712.45951889,538.6,-3.189401947801696e-17,539.1,ASK
229,1712453447.351226,1284104.98667489,538.0,-4.44647134000711e-07,539.1,ASK
230,1712453447.35294,1284122.54103279,538.1,-5.605273043221321e-09,539.1,ASK
231,1712453447.3546565,1284132.54103279,538.0,-3.1930948856892726e-09,539.1,ASK
232,1712453455.2441528,1284225.0540031,539.2,2.954026923565845e-08,539.2,BID
233,1712453455.246425,1284623.67604762,539.2,1.2728380116797718e-07,539.2,BID
234,1712453460.2086563,1284623.67604762,539.2,0.0,539.2,BID
235,1712453473.7002716,1284642.22204168,539.2,5.919293023279766e-09,539.2,BID
236,1712453490.208326,1284642.22204168,539.2,0.0,539.2,BID
237,1712453520.1472976,1284642.22204168,539.2,0.0,539.2,BID
238,1712453527.5385134,1284703.74073492,538.2,-1.963475283542704e-08,539.2,ASK
239,1712453550.1360626,1284703.74073492,538.2,-0.0,539.2,ASK
240,1712453560.038397,1284714.06217677,538.2,-3.294231515652114e-09,539.2,ASK
241,1712453564.4285738,1284724.3723036,539.2,3.2906201697854555e-09,539.2,BID
242,1712453580.1984007,1284724.3723036,539.2,0.0,539.2,BID
243,1712453609.8687742,1285189.44108579,539.2,1.4843263440720853e-07,539.2,BID
244,1712453609.878318,1286625.83532395,539.2,4.584435442288527e-07,539.2,BID
245,1712453609.8807,1286635.12686697,539.2,2.96551448080901e-09,539.2,BID
246,1712453610.2407763,1286635.12686697,539.2,0.0,539.2,BID
247,1712453640.1486952,1286635.12686697,539.2,0.0,539.2,BID
248,1712453657.608539,1286727.87403818,539.1,2.959171226196765e-08,539.2,BID
249,1712453670.1488135,1286727.87403818,539.1,0.0,539.2,BID
250,1712453684.7698774,1288573.06270869,538.2,-5.887125229134048e-07,539.2,ASK
251,1712453684.7728806,1289348.09247966,538.2,-2.472753811536113e-07,539.2,ASK
252,1712453684.9173062,1290086.96919849,538.2,2.357406503824994e-07,539.2,BID
253,1712453684.9188044,1292277.25219463,538.2,6.988158171356623e-07,539.2,BID
254,1712453700.2320926,1292277.25219463,538.2,0.0,539.2,BID
255,1712453705.4783578,1299195.81406753,538.2,2.226686404809668e-06,539.2,BID
256,1712453705.7206924,1303604.52665031,538.2,1.4189105411114597e-06,539.2,BID
257,1712453705.7886107,1307536.61750443,538.2,1.2655134706015712e-06,539.2,BID
258,1712453705.7916875,1308925.38666398,538.2,4.469647686612241e-07,539.2,BID
259,1712453730.2285862,1308925.38666398,538.2,0.0,539.2,BID
260,1712453760.1359568,1308925.38666398,538.2,0.0,539.2,BID
261,1712453762.2267375,1312219.61586998,539.1,1.05717397143602e-06,539.2,BID
262,1712453762.2382271,1312219.61587094,539.1,3.0806766878314376e-16,539.2,BID
263,1712453769.348105,1312378.35490246,539.1,5.094204497617423e-08,539.2,BID
264,1712453777.6584024,1313219.61587046,539.1,2.6997489941949085e-07,539.2,BID
265,1712453777.6785076,1313219.61587094,539.1,1.5407119404095134e-16,539.2,BID
266,1712453781.099029,1316326.89547172,539.1,9.971786753440392e-07,539.2,BID
267,1712453783.612956,1318832.46206861,539.1,8.040787766397773e-07,539.2,BID
268,1712453787.098436,1320233.14339535,539.1,4.495023716653321e-07,539.2,BID
269,1712453787.1982772,1322484.23838474,539.1,7.224145258862212e-07,539.2,BID
270,1712453787.3182554,1325235.57670509,539.1,8.829510871893388e-07,539.2,BID
271,1712453787.4199364,1325235.5767051,539.1,3.2129298466347762e-18,539.2,BID
272,1712453787.428798,1325335.57670487,539.2,3.2091694381150965e-08,539.2,BID
273,1712453787.4311843,1327487.65396409,539.2,6.906380584638371e-07,539.2,BID
274,1712453790.1435566,1327487.65396409,539.2,0.0,539.2,BID
275,1712453791.1797557,1330058.09337093,539.3,8.222569138272698e-07,539.3,BID
276,1712453791.1826775,1330179.37965287,539.3,3.879822399705e-08,539.3,BID
277,1712453791.185546,1330179.3796531,539.2,7.358634742136478e-17,539.3,BID
278,1712453792.0584447,1331929.86125712,539.3,5.599609146991677e-07,539.3,BID
279,1712453792.060291,1332871.10534212,539.3,3.010942232019411e-07,539.3,BID
280,1712453800.2794428,1332880.39344,539.4,2.971166205232784e-09,539.4,BID
281,1712453800.2810292,1333173.20534212,539.4,9.366749137458557e-08,539.4,BID
282,1712453800.898636,1334000.04998431,539.4,2.644990276341777e-07,539.4,BID
283,1712453804.7993429,1334080.60932619,539.4,2.5770098162188244e-08,539.4,BID
284,1712453804.801892,1334452.384267,539.4,1.1892694869803813e-07,539.4,BID
285,1712453804.8043797,1334570.384267,539.3,3.77469764793613e-08,539.4,BID
286,1712453819.6256018,1334646.18745606,538.9,-2.4248654190733883e-08,539.4,ASK
287,1712453820.0983732,1335986.75578648,539.4,4.2883390879100373e-07,539.4,BID
288,1712453820.209263,1335986.75578648,539.4,0.0,539.4,BID
289,1712453827.3888028,1338221.03633648,539.4,7.136767034693826e-07,539.4,BID
290,1712453827.4094694,1338221.03633715,539.4,2.140399021638685e-16,539.4,BID
291,1712453833.3506937,1338240.53494439,539.4,-6.2282696491402205e-09,539.4,ASK
292,1712453836.5781653,1338266.29820218,539.4,-8.229332207312735e-09,539.4,ASK
293,1712453842.283498,1340120.20995598,539.4,5.921788241745694e-07,539.4,BID
294,1712453844.2202654,1340528.66990917,539.4,1.304707919924251e-07,539.4,BID
295,1712453844.2218435,1342916.60403398,539.4,7.62756921594532e-07,539.4,BID
296,1712453844.32232,1342916.6040344,539.4,1.3416538690188284e-16,539.4,BID
297,1712453846.2250834,1343011.7890105,539.4,3.04041047857004e-08,539.4,BID
298,1712453846.228679,1345285.80868046,539.5,7.263702231492739e-07,539.5,BID
299,1712453846.3185313,1347654.99568335,539.5,7.567686923313586e-07,539.5,BID
300,1712453846.3290508,1350003.34069209,539.6,7.501113163458666e-07,539.6,BID
301,1712453846.3315866,1350056.285466,539.6,1.691168627410127e-08,539.6,BID
302,1712453846.334313,1354652.354395,539.7,1.4680821180521765e-06,539.7,BID
303,1712453850.208922,1354652.354395,539.7,0.0,539.7,BID
304,1712453854.540974,1356812.47300137,539.6,6.877754027752351e-07,539.7,BID
305,1712453855.2185583,1358234.25558285,539.6,4.52691386830609e-07,539.7,BID
306,1712453855.2212846,1432839.52895643,539.7,2.3754099331563696e-05,539.7,BID
307,1712453855.2985387,1432848.81189139,539.7,2.955659153255616e-09,539.7,BID
308,1712453855.3013685,1436909.83846087,539.7,1.2930189001051309e-06,539.7,BID
309,1712453855.3597088,1436919.19299782,539.9,2.978457015977563e-09,539.9,BID
310,1712453855.3631127,1436968.47421308,539.8,1.569099380690258e-08,539.9,BID
311,1712453855.366475,1436977.75370928,539.9,2.9545642621793113e-09,539.9,BID
312,1712453855.6394188,1437222.36386166,540.0,7.788315214729726e-08,540.0,BID
313,1712453855.6486115,1437853.83616067,540.0,2.010589203353424e-07,540.0,BID
314,1712453855.6515336,1437868.83616067,540.0,4.775955825391236e-09,540.0,BID
315,1712453875.5186343,1442945.57041967,539.9,-1.6164172372156362e-06,540.0,ASK
316,1712453875.53823,1446140.92091226,539.9,-1.0173901866167577e-06,540.0,ASK
317,1712453880.140212,1446140.92091226,539.9,-0.0,540.0,ASK
318,1712453910.1389554,1446140.92091226,539.9,-0.0,540.0,ASK
319,1712453913.389083,1446588.65856026,539.9,1.403517669299677e-07,540.0,BID
320,1712453913.3928044,1446588.65856075,539.9,1.5363370705183731e-16,540.0,BID
321,1712453917.0488458,1446780.96625305,540.0,6.028245453351978e-08,540.0,BID
322,1712453917.0512116,1447200.03222727,540.0,1.3136409280022757e-07,540.0,BID
323,1712453917.0581195,1451335.17699475,540.0,1.2962387175156916e-06,540.0,BID
324,1712453917.1294894,1451344.45477252,540.0,2.9082935264194303e-09,540.0,BID
325,1712453917.1329582,1458292.19735584,540.0,2.177900277314828e-06,540.0,BID
326,1712453917.136412,1461088.70282935,540.0,8.766171131458313e-07,540.0,BID
327,1712453938.7482977,1461098.70282935,540.0,3.1346876358711903e-09,540.0,BID
328,1712453940.220072,1461098.70282935,540.0,0.0,540.0,BID
329,1712453967.418234,1461218.70282935,540.0,3.752125020517995e-08,540.0,BID
330,1712453967.4983234,1461468.88810635,540.0,-7.822720313309889e-08,540.0,ASK
331,1712453967.5185368,1461468.88810708,540.0,-2.282305298397145e-16,540.0,ASK
332,1712453970.2182674,1461468.88810708,540.0,-0.0,540.0,ASK
333,1712453994.080308,1461478.88450708,539.7,3.125449859311368e-09,540.0,BID
334,1712453994.0822723,1466417.99752626,539.9,1.5442509394205557e-06,540.0,BID
335,1712453994.084226,1469598.47774826,539.9,9.944011306400704e-07,540.0,BID
336,1712453994.0861185,1470863.19924352,539.8,3.954247148377453e-07,540.0,BID
337,1712453994.1297164,1471638.22901449,540.1,2.4231890366788776e-07,540.1,BID
338,1712453994.133963,1471647.50507447,540.1,2.900230118782358e-09,540.1,BID
339,1712453994.1357565,1474148.27442709,540.0,7.818844005109856e-07,540.1,BID
340,1712453999.608579,1474157.54876992,540.2,2.899693238816931e-09,540.2,BID
341,1712453999.6116712,1474158.27442709,540.2,2.2688218762862363e-10,540.2,BID
342,1712454000.1785054,1474158.27442709,540.2,0.0,540.2,BID
343,1712454030.149212,1474158.27442709,540.2,0.0,540.2,BID
344,1712454030.8396738,1475968.47570397,539.9,5.65225718328322e-07,540.2,BID
345,1712454030.8418777,1477398.82647897,539.9,4.466194199433283e-07,540.2,BID
346,1712454045.6405797,1477426.90978097,539.6,-8.76886164470105e-09,540.2,ASK
347,1712454053.9487488,1477426.90978141,539.6,-1.3733054520764735e-16,540.2,ASK
348,1712454053.9518826,1477569.31487287,539.5,-4.446523220493742e-08,540.2,ASK
349,1712454060.2188022,1477569.31487287,539.5,-0.0,540.2,ASK
350,1712454080.3585672,1478495.75548787,539.7,-2.8910991053102657e-07,540.2,ASK
351,1712454080.379466,1478495.75548802,539.7,-4.6791977467267024e-17,540.2,ASK
352,1712454090.2084112,1478495.75548802,539.7,-0.0,540.2,ASK
353,1712454107.2088015,1481785.64175102,540.0,1.0264989706225903e-06,540.2,BID
354,1712454108.8542178,1483731.16704285,539.5,-6.070360947866396e-07,540.2,ASK
355,1712454111.6384451,1483827.08945201,540.0,2.9929379434732415e-08,540.2,BID
356,1712454120.149794,1483827.08945201,540.0,0.0,540.2,BID
357,1712454126.142773,1484012.27463719,540.0,5.772900433751657e-08,540.2,BID
358,1712454134.883163,1484412.27463719,539.7,-1.2469464937265325e-07,540.2,ASK
359,1712454138.178754,1486909.78909219,539.6,-7.785667231734489e-07,540.2,ASK
360,1712454138.258531,1490482.63406092,539.5,-1.1137866265965532e-06,540.2,ASK
361,1712454138.2622552,1490482.63406107,539.5,-4.67427041125418e-17,540.2,ASK
362,1712454138.2659326,1504651.53541019,539.5,-4.416965464310603e-06,540.2,ASK
363,1712454138.3586907,1507061.95274913,539.5,-7.514153623022435e-07,540.2,ASK
364,1712454142.6883342,1507333.20955042,539.4,-8.456067931700131e-08,540.2,ASK
365,1712454144.8982174,1507988.90862603,539.4,-2.044054158178769e-07,540.2,ASK
366,1712454150.1482491,1507988.90862603,539.4,-0.0,540.2,ASK
367,1712454158.5188513,1508024.90862603,539.1,-1.1177098252438033e-08,540.2,ASK
368,1712454158.5232072,1509164.13951657,539.0,-3.537026554382609e-07,540.2,ASK
369,1712454158.527032,1509366.16844832,539.2,-6.272492277790767e-08,540.2,ASK
370,1712454159.028806,1510226.93755778,539.0,-2.672472474749632e-07,540.2,ASK
371,1712454159.0317986,1510444.93755778,539.0,-6.768353941754143e-08,540.2,ASK
372,1712454159.0340548,1510505.39933832,539.0,-1.877186837812026e-08,540.2,ASK
373,1712454159.082091,1510505.39933885,539.0,-1.645999645038288e-16,540.2,ASK
374,1712454178.1388335,1512407.86554485,539.0,-5.906681029556805e-07,540.2,ASK
375,1712454180.2082746,1512407.86554485,539.0,-0.0,540.2,ASK
376,1712454196.8180068,1512407.86554544,539.0,-1.8304264020581024e-16,540.2,ASK
377,1712454200.2083614,1513134.08735457,539.0,2.253070644646212e-07,540.2,BID
378,1712454203.5483336,1519869.91340057,539.0,-2.0897598696283107e-06,540.2,ASK
379,1712454203.7349255,1521398.57612657,539.0,-4.7426076581785323e-07,540.2,ASK
380,1712454203.7384117,1521398.57612706,539.0,-1.5198173440924415e-16,540.2,ASK
381,1712454210.2105324,1521398.57612706,539.0,-0.0,540.2,ASK
382,1712454210.448049,1521497.57612706,538.5,-3.0668198675089564e-08,540.2,ASK
383,1712454210.5082598,1522306.99288606,538.5,2.507409492520893e-07,540.2,BID
384,1712454210.512354,1522306.99288642,538.5,1.115792726099838e-16,540.2,BID
385,1712454240.144098,1522306.99288642,538.5,0.0,540.2,BID
386,1712454243.8980846,1526109.27425524,538.5,1.177691437431652e-06,540.2,BID
387,1712454245.2379715,1529375.29288754,538.2,-1.0115932527490957e-06,540.2,ASK
388,1712454270.1313322,1529375.29288754,538.2,-0.0,540.2,ASK
389,1712454286.568511,1530150.32265851,538.4,-2.3976957954285044e-07,540.2,ASK
390,1712454286.5724442,1530313.20322331,538.3,-5.039007016327289e-08,540.2,ASK
391,1712454300.1583655,1530313.20322331,538.3,-0.0,540.2,ASK
392,1712454328.0397506,1532170.9033905,538.3,-5.803551696451268e-07,540.2,ASK
393,1712454328.0430503,1532870.12996231,538.3,-2.18442008495356e-07,540.2,ASK
394,1712454328.0783305,1532870.12996241,538.3,-3.127712541325069e-17,540.2,ASK
395,1712454330.138044,1532870.12996241,538.3,-0.0,540.2,ASK
396,1712454346.608167,1532892.42723463,538.9,6.962789568340098e-09,540.2,BID
397,1712454360.2209492,1532892.42723463,538.9,0.0,540.2,BID
398,1712454368.0991209,1536234.93934903,538.2,-1.0437653954276112e-06,540.2,ASK
399,1712454368.19807,1537966.40860233,538.2,-5.406854569219501e-07,540.2,ASK
400,1712454368.200417,1538517.99449859,538.2,-1.7224358548827597e-07,540.2,ASK
401,1712454378.278315,1540532.45492466,538.2,-6.290550374169129e-07,540.2,ASK
402,1712454380.478533,1540541.74873621,538.1,-2.9021761344165203e-09,540.2,ASK
403,1712454382.2285235,1542254.45938729,538.2,5.348277130474139e-07,540.2,BID
404,1712454382.232975,1545168.97247105,538.2,9.10114248574943e-07,540.2,BID
405,1712454382.8083775,1545178.97247105,538.0,-3.1226974194977062e-09,540.2,ASK
406,1712454382.810964,1547502.88154171,538.0,-7.256864858097692e-07,540.2,ASK
407,1712454390.1979976,1547502.88154171,538.0,-0.0,540.2,ASK
408,1712454401.5689752,1547535.88154171,537.8,-1.0279661429362135e-08,540.2,ASK
409,1712454401.5738077,1547554.47581467,537.8,-5.792206986476086e-09,540.2,ASK
410,1712454401.578462,1547563.77481057,537.8,-2.896682711657458e-09,540.2,ASK
411,1712454401.5826335,1548046.13195342,537.6,-1.5025660959183852e-07,540.2,ASK
412,1712454415.6982107,1548157.65611698,538.0,3.47403225027186e-08,540.2,BID
413,1712454420.138756,1548157.65611698,538.0,0.0,540.2,BID
414,1712454439.4604986,1549088.234937,537.3,-2.898480671383506e-07,540.2,ASK
415,1712454439.4625812,1549106.84651298,537.3,-5.796961211814872e-09,540.2,ASK
416,1712454439.5015333,1549106.8465134,537.3,-1.3082595594220246e-16,540.2,ASK
417,1712454439.735083,1549292.99692293,537.2,-5.7980404495008864e-08,540.2,ASK
418,1712454439.7370455,1549358.99692293,537.2,-2.055706837462304e-08,540.2,ASK
419,1712454450.1535623,1549358.99692293,537.2,-0.0,540.2,ASK
420,1712454480.2382412,1549358.99692293,537.2,-0.0,540.2,ASK
421,1712454481.8783278,1550213.09568185,537.2,2.659732950727763e-07,540.2,BID
422,1712454500.2087424,1554141.7150686,537.2,-1.2234040062320137e-06,540.2,ASK
423,1712454500.2124128,1554407.8814166,537.2,-8.288636398977066e-08,540.2,ASK
424,1712454500.2902613,1554417.8814166,537.0,-3.114081273330348e-09,540.2,ASK
425,1712454500.2937,1554432.8814166,537.0,-4.671121909995523e-09,540.2,ASK
426,1712454501.2983303,1554463.40069876,536.8,-9.503952505023377e-09,540.2,ASK
427,1712454510.217958,1554463.40069876,536.8,-0.0,540.2,ASK
428,1712454540.1488893,1554463.40069876,536.8,-0.0,540.2,ASK
429,1712454550.3284152,1556286.29209676,537.7,5.67178881165235e-07,540.2,BID
430,1712454550.3682914,1556286.29209705,537.7,9.026459483291168e-17,540.2,BID
431,1712454550.408278,1558248.14562879,537.8,6.104158988095724e-07,540.2,BID
432,1712454570.138126,1558248.14562879,537.8,0.0,540.2,BID
433,1712454600.1588335,1558248.14562879,537.8,0.0,540.2,BID
434,1712454606.5083203,1558371.28386736,538.2,3.8345905598949184e-08,540.2,BID
435,1712454630.139816,1558371.28386736,538.2,0.0,540.2,BID
436,1712454660.212746,1558371.28386736,538.2,0.0,540.2,BID
437,1712454690.2090142,1558371.28386736,538.2,0.0,540.2,BID
438,1712454719.7017124,1560230.01992683,538.0,-5.78808397559054e-07,540.2,ASK
439,1712454720.1427095,1560230.01992683,538.0,-0.0,540.2,ASK
440,1712454750.142032,1560230.01992683,538.0,-0.0,540.2,ASK
441,1712454765.468068,1560812.0788954,538.0,1.811961086877877e-07,540.2,BID
442,1712454765.6079495,1561864.4619334,538.0,-3.276089221734361e-07,540.2,ASK
443,1712454765.6320517,1561864.46193426,538.0,-2.677434845005155e-16,540.2,ASK
444,1712454780.2187152,1561864.46193426,538.0,-0.0,540.2,ASK
445,1712454807.1381538,1563357.57693396,537.5,-4.64682453135923e-07,540.2,ASK
446,1712454810.2080743,1563357.57693396,537.5,-0.0,540.2,ASK
447,1712454840.1381695,1563357.57693396,537.5,-0.0,540.2,ASK
448,1712454840.284043,1564054.78739849,537.5,-2.169294190066815e-07,540.2,ASK
449,1712454840.2862165,1564850.69193296,537.5,-2.476370006347804e-07,540.2,ASK
450,1712454840.30014,1564850.69193366,537.5,-2.1783523226453446e-16,540.2,ASK
451,1712454840.339211,1566695.88060417,537.4,-5.74110296123153e-07,540.2,ASK
452,1712454870.131204,1566695.88060417,537.4,-0.0,540.2,ASK
453,1712454876.8883402,1567582.37818158,537.4,-2.756701485036303e-07,540.2,ASK
454,1712454876.893071,1568909.71629099,537.4,-4.127563380428085e-07,540.2,ASK
455,1712454877.0078957,1572650.47680812,537.4,1.1632474059169363e-06,540.2,BID
456,1712454887.6681788,1572928.47680812,538.0,8.644840463965415e-08,540.2,BID
457,1712454900.16846,1572928.47680812,538.0,0.0,540.2,BID
458,1712454910.408325,1573814.97438553,537.2,-2.782247767298324e-07,540.2,ASK
459,1712454930.1482608,1573814.97438553,537.2,-0.0,540.2,ASK
460,1712454932.8981888,1576544.0888834,537.3,-8.563969268460782e-07,540.2,ASK
461,1712454957.1585896,1577099.1515684,537.3,-1.7417883273565408e-07,540.2,ASK
462,1712454960.218698,1577099.1515684,537.3,-0.0,540.2,ASK
463,1712454977.2100062,1577137.30836752,537.3,-1.1966988252128636e-08,540.2,ASK
464,1712454990.20835,1577137.30836752,537.3,-0.0,540.2,ASK
465,1712455020.2820244,1577137.30836752,537.3,-0.0,540.2,ASK
466,1712455050.1488624,1577137.30836752,537.3,-0.0,540.2,ASK
467,1712455080.208609,1577137.30836752,537.3,-0.0,540.2,ASK
468,1712455110.2087042,1577137.30836752,537.3,-0.0,540.2,ASK
469,1712455140.1535256,1577137.30836752,537.3,-0.0,540.2,ASK
470,1712455170.1484802,1577137.30836752,537.3,-0.0,540.2,ASK
471,1712455200.322744,1577137.30836752,537.3,-0.0,540.2,ASK
472,1712455227.5884526,1577236.30836752,537.4,-3.115104191180362e-08,540.2,ASK
473,1712455227.5935788,1579053.51476152,537.4,-5.717966923423319e-07,540.2,ASK
474,1712455230.2087402,1579053.51476152,537.4,-0.0,540.2,ASK
475,1712455239.0388603,1579053.51476246,537.4,-2.9566204169656167e-16,540.2,ASK
476,1712455239.0442865,1580852.53485555,537.3,-5.658908833655802e-07,540.2,ASK
477,1712455260.1415029,1580852.53485555,537.3,-0.0,540.2,ASK
478,1712455274.3083477,1581181.20518555,537.3,1.0335349225097162e-07,540.2,BID
479,1712455274.3179767,1581181.20518619,537.3,2.0127022564736162e-16,540.2,BID
480,1712455290.1486268,1581181.20518619,537.3,0.0,540.2,BID
481,1712455298.8828368,1581190.49541287,538.2,2.9212373801219637e-09,540.2,BID
482,1712455320.2093165,1581190.49541287,538.2,0.0,540.2,BID
483,1712455321.708433,1581202.49541287,538.1,3.773297967363661e-09,540.2,BID
484,1712455332.1417642,1588693.12041287,537.3,-2.355363340565285e-06,540.2,ASK
485,1712455332.1444132,1590602.49541287,537.3,-6.003867338695825e-07,540.2,ASK
486,1712455332.3429563,1594878.26447357,537.1,-1.3444792254713011e-06,540.2,ASK
487,1712455332.3542175,1595156.26447457,537.1,-8.74147365583687e-08,540.2,ASK
488,1712455341.0885077,1595165.55828613,537.8,2.9223600223390942e-09,540.2,BID
489,1712455346.4283268,1595179.50399085,537.8,4.385108272780485e-09,540.2,BID
490,1712455350.7936056,1595179.50399085,537.8,0.0,540.2,BID
491,1712455380.148169,1595179.50399085,537.8,0.0,540.2,BID
492,1712455410.1534903,1595179.50399085,537.8,0.0,540.2,BID
493,1712455418.838034,1595197.44855487,537.1,-5.629212875215592e-09,540.2,ASK
494,1712455427.408561,1596197.44855487,537.8,3.137001751022036e-07,540.2,BID
495,1712455440.2088048,1596197.44855487,537.8,0.0,540.2,BID
496,1712455450.6049256,1599009.40386213,537.0,-8.819594121385336e-07,540.2,ASK
497,1712455450.6073248,1600175.90419659,537.1,-3.658685280607469e-07,540.2,ASK
498,1712455450.6095154,1608095.90419659,537.0,-2.4840787924697685e-06,540.2,ASK
499,1712455450.6984632,1608755.5622829,537.0,2.0689932607123901e-07,540.2,BID
500,1712455450.7032487,1615132.25711723,537.0,2.000026818688181e-06,540.2,BID
501,1712455470.203005,1615132.25711723,537.0,0.0,540.2,BID
502,1712455500.1442368,1615132.25711723,537.0,0.0,540.2,BID
503,1712455530.1291385,1615132.25711723,537.0,0.0,540.2,BID
504,1712455550.6462471,1615170.98870023,537.0,1.2120183915537652e-08,540.2,BID
505,1712455550.6486323,1615170.98870061,537.0,1.1890613308352196e-16,540.2,BID
506,1712455553.9491065,1615180.30443136,537.8,2.915149891988463e-09,540.2,BID
507,1712455555.508561,1623159.70296782,537.0,2.496974569757379e-06,540.2,BID
508,1712455555.5135906,1628215.68618182,537.0,1.5821570326125135e-06,540.2,BID
509,1712455560.199999,1628215.68618182,537.0,0.0,540.2,BID
510,1712455573.6978729,1628227.86548462,537.0,3.802879915839738e-09,540.2,BID
511,1712455590.1086583,1628414.08522392,537.0,5.8145471719272185e-08,540.2,BID
512,1712455590.3091905,1628414.08522392,537.0,0.0,540.2,BID
513,1712455604.7330923,1628814.08522392,537.0,-1.248923185469549e-07,540.2,ASK
514,1712455604.7885978,1631198.05109343,537.0,7.443475619498032e-07,540.2,BID
515,1712455604.8160927,1633947.37439666,537.0,8.584234044388792e-07,540.2,BID
516,1712455604.915845,1637403.5115696,537.0,1.0791124618620449e-06,540.2,BID
517,1712455609.6395333,1637412.82730035,537.0,2.908658030773652e-09,540.2,BID
518,1712455620.2587838,1637412.82730035,537.0,0.0,540.2,BID
519,1712455625.698578,1640780.39660335,536.8,-1.0498747936578249e-06,540.2,ASK
520,1712455625.7013197,1641813.39660335,536.9,-3.220485056929196e-07,540.2,ASK
521,1712455635.918362,1644581.30054131,537.0,8.629228723345397e-07,540.2,BID
522,1712455650.2598476,1644581.30054131,537.0,0.0,540.2,BID
523,1712455652.3549576,1646702.15715211,537.0,6.604067286118473e-07,540.2,BID
524,1712455654.7087266,1646949.05841817,536.8,-7.688179228078819e-08,540.2,ASK
525,1712455654.7187574,1646949.05841911,536.8,-2.9268405973320597e-16,540.2,ASK
526,1712455654.7283094,1646949.05841981,536.8,-2.179361613965859e-16,540.2,ASK
527,1712455669.9602933,1653828.01760728,536.6,-2.142017008654892e-06,540.2,ASK
528,1712455669.9630473,1653866.02616481,536.6,-1.1835362659477862e-08,540.2,ASK
529,1712455669.9784496,1653987.79387539,536.6,-3.791685632362411e-08,540.2,ASK
530,1712455680.2903926,1653987.79387539,536.6,-0.0,540.2,ASK
531,1712455680.84293,1654174.01361468,537.0,5.7895354359398723e-08,540.2,BID
532,1712455680.9402075,1654475.12244768,536.6,-9.36141498949254e-08,540.2,ASK
533,1712455683.4885263,1654475.12244807,536.6,-1.212475445659233e-16,540.2,ASK
534,1712455683.5061953,1654523.67625468,536.6,-1.509528393659298e-08,540.2,ASK
535,1712455683.819011,1657368.74078618,537.0,8.845250232580153e-07,540.2,BID
536,1712455689.2006643,1659539.31806737,537.0,6.748282504213515e-07,540.2,BID
537,1712455690.5727131,1659553.31806737,537.0,4.352572740795942e-09,540.2,BID
538,1712455704.518832,1663116.26998669,537.0,1.1077148143427849e-06,540.2,BID
539,1712455704.7183623,1668026.4631005,537.0,1.5265694785152137e-06,540.2,BID
540,1712455704.8381898,1669845.05314263,537.0,5.653961031470268e-07,540.2,BID
541,1712455705.581679,1672936.65621363,537.0,9.61173375156818e-07,540.2,BID
542,1712455705.742525,1674300.59874574,537.0,4.24047077519593e-07,540.2,BID
543,1712455705.83819,1674755.24625643,537.0,1.4134902583569005e-07,540.2,BID
544,1712455710.3959508,1674755.24625643,537.0,0.0,540.2,BID
545,1712455713.2690754,1674755.24625644,537.0,3.10186895076572e-18,540.2,BID
546,1712455713.273212,1675084.1752263,537.8,1.0191004096613658e-07,540.2,BID
547,1712455740.2701657,1675084.1752263,537.8,0.0,540.2,BID
548,1712455770.268209,1675084.1752263,537.8,0.0,540.2,BID
549,1712455778.97839,1675534.60453005,537.8,1.3954609447855677e-07,540.2,BID
550,1712455800.2546222,1675534.60453005,537.8,0.0,540.2,BID
551,1712455830.2334957,1675534.60453005,537.8,0.0,540.2,BID
552,1712455842.6685154,1675573.38763818,537.8,1.2148480429179617e-08,540.2,BID
553,1712455842.672546,1676464.31817824,537.8,2.79076452391833e-07,540.2,BID
554,1712455860.3669956,1676464.31817824,537.8,0.0,540.2,BID
555,1712455871.7788649,1676481.05209419,537.8,5.240936725105131e-09,540.2,BID
556,1712455876.4582748,1676496.1117818,537.8,4.71658099037112e-09,540.2,BID
557,1712455881.4227867,1676509.66477547,537.8,4.244695770749061e-09,540.2,BID
558,1712455883.8696065,1676609.66477547,537.2,-3.1319248529656283e-08,540.2,ASK
559,1712455883.8751462,1676675.39858038,537.2,-2.0587333727755443e-08,540.2,ASK
560,1712455883.880541,1676977.97439547,537.2,-9.476447151866353e-08,540.2,ASK
561,1712455883.912947,1676977.97439597,537.2,-1.5663389545330236e-16,540.2,ASK
562,1712455890.272209,1676977.97439597,537.2,-0.0,540.2,ASK
563,1712455920.28257,1676977.97439597,537.2,-0.0,540.2,ASK
564,1712455945.3585448,1676977.97439641,537.2,-1.3773550176714796e-16,540.2,ASK
565,1712455945.3611608,1677348.23361041,537.2,-1.1595238171395977e-07,540.2,ASK
566,1712455950.275978,1677348.23361041,537.2,-0.0,540.2,ASK
567,1712455953.4288516,1677385.47755826,536.7,-1.166279004512544e-08,540.2,ASK
568,1712455953.4328432,1677485.47755741,536.7,-3.131459101202885e-08,540.2,ASK
569,1712455972.3787231,1679978.38677233,537.2,-7.806443315893274e-07,540.2,ASK
570,1712455972.3840528,1683069.98984333,537.2,-9.681228656287057e-07,540.2,ASK
571,1712455980.2954817,1683069.98984333,537.2,-0.0,540.2,ASK
572,1712456010.3188124,1683069.98984333,537.2,-0.0,540.2,ASK
573,1712456040.2854884,1683069.98984333,537.2,-0.0,540.2,ASK
574,1712456058.1484802,1683069.98984418,536.7,-2.6586547367014913e-16,540.2,ASK
575,1712456058.154116,1683256.14025286,536.7,-5.8236187095429686e-08,540.2,ASK
576,1712456070.25273,1683256.14025286,536.7,-0.0,540.2,ASK
577,1712456078.6195295,1683323.01412771,536.7,-2.0920490025275538e-08,540.2,ASK
578,1712456100.268736,1683323.01412771,536.7,-0.0,540.2,ASK
579,1712456123.4700413,1684969.60350171,536.7,-5.177525934118606e-07,540.2,ASK
580,1712456123.489435,1685015.42798466,536.7,-1.4409023441854036e-08,540.2,ASK
581,1712456123.4918742,1687465.96240382,536.7,-7.705446001286361e-07,540.2,ASK
582,1712456130.294567,1687465.96240382,536.7,-0.0,540.2,ASK
583,1712456130.9274344,1687564.96240382,536.5,-3.1107752346985125e-08,540.2,ASK
584,1712456130.932548,1687605.43908819,536.5,-1.2718572456681561e-08,540.2,ASK
585,1712456130.9384232,1692629.64501596,536.5,-1.5787045832457323e-06,540.2,ASK
586,1712456133.3896716,1693589.16833159,536.5,-3.0150114821993584e-07,540.2,ASK
587,1712456133.392231,1695334.43114612,536.5,-5.483959940888844e-07,540.2,ASK
588,1712456143.809672,1695963.6377164,536.4,-1.977091127612795e-07,540.2,ASK
589,1712456143.8130565,1697036.49379395,536.4,-3.371125370139658e-07,540.2,ASK
590,1712456160.2665927,1697036.49379395,536.4,-0.0,540.2,ASK
591,1712456170.0986288,1699550.27689726,536.2,-7.886079350064779e-07,540.2,ASK
592,1712456190.2712069,1699550.27689726,536.2,-0.0,540.2,ASK
593,1712456220.3097992,1699550.27689726,536.2,-0.0,540.2,ASK
594,1712456246.3183827,1700550.27689726,536.2,3.135809970269744e-07,540.2,BID
595,1712456250.3406498,1700550.27689726,536.2,0.0,540.2,BID
596,1712456251.5385492,1700550.27689744,536.2,5.64282201740276e-17,540.2,BID
597,1712456251.5480454,1700648.04772244,536.2,3.065391856847475e-08,540.2,BID
598,1712456271.7184832,1700976.97669231,536.1,-1.0312853407147297e-07,540.2,ASK
599,1712456280.2356162,1700976.97669231,536.1,-0.0,540.2,ASK
600,1712456289.4584732,1702513.37135609,536.1,-4.816686287739036e-07,540.2,ASK
601,1712456289.46167,1702976.97669231,536.1,-1.453429589764116e-07,540.2,ASK
602,1712456310.2694645,1702976.97669231,536.1,-0.0,540.2,ASK
603,1712456333.9688218,1704247.07341216,536.1,-3.980488799411617e-07,540.2,ASK
604,1712456333.9744291,1706846.19704441,536.1,-8.145665085790218e-07,540.2,ASK
605,1712456335.1484673,1707394.01606268,536.1,-1.716867252901606e-07,540.2,ASK
606,1712456340.3130004,1707394.01606268,536.1,-0.0,540.2,ASK
607,1712456370.287732,1707394.01606268,536.1,-0.0,540.2,ASK
608,1712456373.058664,1707412.66929901,536.2,-5.841597415103294e-09,540.2,ASK
609,1712456373.2384646,1707494.01606201,536.2,2.54752061283733e-08,540.2,BID
610,1712456373.3183084,1707494.01606268,536.2,2.097767880142433e-16,540.2,BID
611,1712456381.9286556,1707820.94286469,536.9,1.023830250022723e-07,540.2,BID
612,1712456384.1586816,1707885.26936869,536.9,2.0145005019007725e-08,540.2,BID
613,1712456400.3137844,1707885.26936869,536.9,0.0,540.2,BID
614,1712456412.6086974,1708313.41063032,536.2,-1.344033366871083e-07,540.2,ASK
615,1712456430.2519295,1708313.41063032,536.2,-0.0,540.2,ASK
616,1712456460.2920537,1708313.41063032,536.2,-0.0,540.2,ASK
617,1712456488.0383694,1708397.45532305,537.0,2.6381650504661623e-08,540.2,BID
618,1712456490.2906458,1708397.45532305,537.0,0.0,540.2,BID
619,1712456500.0787332,1708419.71370293,537.0,6.986812145086236e-09,540.2,BID
620,1712456502.408767,1710313.41062993,537.0,5.944235276818322e-07,540.2,BID
621,1712456502.4287694,1710313.41063032,537.0,1.224166431921038e-16,540.2,BID
622,1712456514.8228848,1710330.10150555,537.0,-5.239195772527852e-09,540.2,ASK
623,1712456514.8277898,1710380.14166232,537.0,-1.5707395459513666e-08,540.2,ASK
624,1712456520.2890828,1710380.14166232,537.0,-0.0,540.2,ASK
625,1712456549.1093347,1710380.14166238,537.0,-1.8849517664020358e-17,540.2,ASK
626,1712456549.115098,1716503.27295334,537.0,-1.921383109112197e-06,540.2,ASK
627,1712456550.2664986,1716503.27295334,537.0,-0.0,540.2,ASK
628,1712456558.9887094,1716990.23198434,537.0,-1.5264583359714825e-07,540.2,ASK
629,1712456559.0284188,1716990.23198499,537.0,-2.037736774278157e-16,540.2,ASK
630,1712456580.316471,1716990.23198499,537.0,-0.0,540.2,ASK
631,1712456610.306856,1716990.23198499,537.0,-0.0,540.2,ASK
632,1712456622.5990117,1717005.12401775,537.2,4.667785765470568e-09,540.2,BID
633,1712456623.1983435,1717180.05037867,536.4,-5.482923591892016e-08,540.2,ASK
634,1712456623.4186463,1722958.18246874,536.4,1.811108205022873e-06,540.2,BID
635,1712456628.0986836,1724765.23959021,537.2,5.664072625240766e-07,540.2,BID
636,1712456640.2871704,1724765.23959021,537.2,0.0,540.2,BID
637,1712456648.9792888,1725156.49289622,536.5,-1.2247498913612066e-07,540.2,ASK
638,1712456648.9853888,1725430.10267858,536.3,-8.56487462401684e-08,540.2,ASK
639,1712456648.991842,1725448.74548245,536.4,-5.835802960282985e-09,540.2,ASK
640,1712456648.9954183,1728341.86688886,536.3,-9.056409425214304e-07,540.2,ASK
641,1712456659.349023,1728351.19363261,536.2,-2.9195736416736504e-09,540.2,ASK
642,1712456659.35532,1728528.0172984,536.2,-5.5351549019465376e-08,540.2,ASK
643,1712456670.255898,1728528.0172984,536.2,-0.0,540.2,ASK
644,1712456670.649645,1728810.31172786,536.2,-8.831153534268422e-08,540.2,ASK
645,1712456670.6588197,1728839.89024333,536.2,-9.253190434226895e-09,540.2,ASK
646,1712456670.6632707,1730276.72497777,536.2,-4.494919778430384e-07,540.2,ASK
647,1712456670.6678178,1730576.72497777,536.3,-9.385045483709152e-08,540.2,ASK
648,1712456670.672259,1730838.90645696,536.2,-8.201950357281312e-08,540.2,ASK
649,1712456670.8183362,1736667.49920153,536.2,1.823386933793552e-06,540.2,BID
650,1712456670.823055,1742437.68198465,536.2,1.80511426229658e-06,540.2,BID
651,1712456670.8384545,1753755.70808465,536.2,3.540672991143619e-06,540.2,BID
652,1712456670.9383876,1755127.2816017,536.2,4.290759947254733e-07,540.2,BID
653,1712456671.018365,1756863.69457404,536.2,5.432104907970837e-07,540.2,BID
654,1712456671.0982232,1758252.82495191,536.2,4.345683926370843e-07,540.2,BID
655,1712456671.1186328,1760683.80311316,536.2,7.604946871078323e-07,540.2,BID
656,1712456700.245897,1760683.80311316,536.2,0.0,540.2,BID
657,1712456730.2704377,1760683.80311316,536.2,0.0,540.2,BID
658,1712456760.3326342,1760683.80311316,536.2,0.0,540.2,BID
659,1712456779.4620187,1761164.7374137,537.3,1.5037365741586517e-07,540.2,BID
660,1712456779.4666622,1761664.94958626,537.3,1.5640126684104917e-07,540.2,BID
661,1712456790.3047068,1761664.94958626,537.3,0.0,540.2,BID
662,1712456820.2579808,1761664.94958626,537.3,0.0,540.2,BID
663,1712456831.7987494,1761664.9495869,537.3,2.000918087883997e-16,540.2,BID
664,1712456831.8049212,1764417.1156109,537.3,8.603775320629448e-07,540.2,BID
665,1712456831.981524,1764426.43654113,537.5,2.913893594301656e-09,540.2,BID
666,1712456831.985753,1765516.1174369,537.5,3.406542162293089e-07,540.2,BID
667,1712456831.9985015,1765516.11743731,537.5,1.2817812851086647e-16,540.2,BID
668,1712456832.0030246,1765525.43490057,537.7,2.912809755931021e-09,540.2,BID
669,1712456832.0585763,1776497.16799157,537.8,3.429964819334391e-06,540.2,BID
670,1712456840.9300146,1777055.30752645,537.5,-1.744846464127186e-07,540.2,ASK
671,1712456850.261999,1777055.30752645,537.5,-0.0,540.2,ASK
672,1712456855.3548863,1796729.34002645,537.5,-6.134593285538415e-06,540.2,ASK
673,1712456855.389133,1802785.6393315,537.5,-1.88842490994004e-06,540.2,ASK
674,1712456855.4485712,1803518.91387227,537.5,-2.286435723974253e-07,540.2,ASK
675,1712456855.4693274,1807803.71589854,537.5,-1.336051352981054e-06,540.2,ASK
676,1712456864.0329,1808103.50436365,537.4,9.347754737850305e-08,540.2,BID
677,1712456865.5886767,1808661.74775776,537.4,1.740668150875564e-07,540.2,BID
678,1712456880.3675525,1808661.74775776,537.4,0.0,540.2,BID
679,1712456910.298929,1808661.74775776,537.4,0.0,540.2,BID
680,1712456940.2303944,1808661.74775776,537.4,0.0,540.2,BID
681,1712456970.2258277,1808661.74775776,537.4,0.0,540.2,BID
682,1712456988.2990396,1808847.82888913,537.4,5.771653714758651e-08,540.2,BID
683,1712457000.3087094,1808847.82888913,537.4,0.0,540.2,BID
684,1712457000.513293,1808860.85456832,537.4,4.0487282721164395e-09,540.2,BID
685,1712457030.2937572,1808860.85456832,537.4,0.0,540.2,BID
686,1712457060.3043222,1808860.85456832,537.4,0.0,540.2,BID
687,1712457090.3137429,1808860.85456832,537.4,0.0,540.2,BID
688,1712457107.4881856,1808879.46268146,537.4,5.7838849505281e-09,540.2,BID
689,1712457120.263763,1808879.46268146,537.4,0.0,540.2,BID
690,1712457136.5688922,1808901.52915893,536.7,-6.858813104009654e-09,540.2,ASK
691,1712457136.5719414,1808945.52915846,536.7,-1.3676300341145141e-08,540.2,ASK
692,1712457143.014439,1809215.7820461,536.6,-8.400135679347772e-08,540.2,ASK
693,1712457143.0204897,1809420.73826046,536.7,-6.370551759820804e-08,540.2,ASK
694,1712457143.028097,1809420.73826137,536.6,-2.8282034752831987e-16,540.2,ASK
695,1712457143.1321378,1809645.36779189,536.5,-6.982047631142653e-08,540.2,ASK
696,1712457150.278709,1809645.36779189,536.5,-0.0,540.2,ASK
697,1712457159.6789527,1809664.01407195,536.3,-5.794989920763304e-09,540.2,ASK
698,1712457159.6886582,1809679.12151459,536.1,-4.695171237659162e-09,540.2,ASK
699,1712457159.6942663,1809695.90536436,536.2,-5.2161739465093485e-09,540.2,ASK
700,1712457159.6998887,1809742.86152925,536.1,-1.4593286241472646e-08,540.2,ASK
701,1712457159.7049282,1809761.5112868,536.2,-5.796070673582342e-09,540.2,ASK
702,1712457159.7081983,1809855.00469889,536.1,-2.905637901899421e-08,540.2,ASK
703,1712457164.7809289,1809855.00470013,536.1,-3.8539119035964e-16,540.2,ASK
704,1712457164.7838836,1810456.67178289,536.1,-1.8698929057267297e-07,540.2,ASK
705,1712457164.7980738,1810456.67178302,536.1,-4.037707176505428e-17,540.2,ASK
706,1712457164.879344,1810492.57010391,536.0,-1.1156670770793375e-08,540.2,ASK
707,1712457164.886245,1812425.4059248,536.0,-6.006969789401523e-07,540.2,ASK
708,1712457164.890193,1812479.06264121,536.0,-1.6675719219853946e-08,540.2,ASK
709,1712457180.271705,1812479.06264121,536.0,-0.0,540.2,ASK
710,1712457210.298569,1812479.06264121,536.0,-0.0,540.2,ASK
711,1712457233.9086876,1812563.48162575,536.0,-2.6223800853089762e-08,540.2,ASK
712,1712457233.9135928,1812629.06264121,536.0,-2.0371999243247383e-08,540.2,ASK
713,1712457240.2531018,1812629.06264121,536.0,-0.0,540.2,ASK
714,1712457253.5283,1812637.92723875,536.0,-2.753617993521502e-09,540.2,ASK
715,1712457253.5359,1824208.60787473,536.0,-3.5942110459431267e-06,540.2,ASK
716,1712457270.2830298,1824208.60787473,536.0,-0.0,540.2,ASK
717,1712457279.2120888,1824402.36531748,536.9,6.007123488194395e-08,540.2,BID
718,1712457279.2153225,1827122.7953114,536.7,8.434235445369718e-07,540.2,BID
719,1712457300.3246026,1827122.7953114,536.7,0.0,540.2,BID
720,1712457306.7583923,1827243.6809084,536.7,-3.802861734338422e-08,540.2,ASK
721,1712457318.758602,1827243.68090856,536.7,-5.031909848142571e-17,540.2,ASK
722,1712457330.299488,1827243.68090856,536.7,-0.0,540.2,ASK
723,1712457330.4545536,1829133.4758772,536.7,5.944862311570252e-07,540.2,BID
724,1712457346.9833918,1829158.20605955,537.4,7.779549181257063e-09,540.2,BID
725,1712457360.2396472,1829158.20605955,537.4,0.0,540.2,BID
726,1712457390.2378678,1829158.20605955,537.4,0.0,540.2,BID
727,1712457420.2947516,1829158.20605955,537.4,0.0,540.2,BID
728,1712457433.2685077,1829739.20576022,536.7,-1.827101446134424e-07,540.2,ASK
729,1712457450.3127365,1829739.20576022,536.7,-0.0,540.2,ASK
730,1712457460.2185218,1830692.85072404,536.7,-2.998685276369301e-07,540.2,ASK
731,1712457467.228265,1833647.5717325,537.4,9.290961227705436e-07,540.2,BID
732,1712457467.2334464,1833713.11481724,537.4,2.0609670331628968e-08,540.2,BID
733,1712457467.288344,1834231.66745898,537.5,1.6305608804136165e-07,540.2,BID
734,1712457467.2942858,1834240.9866554,537.6,2.930371170805409e-09,540.2,BID
735,1712457467.388064,1838740.7632004,537.8,1.41493052282195e-06,540.2,BID
736,1712457480.25588,1838740.7632004,537.8,0.0,540.2,BID
737,1712457480.756545,1839148.79360203,537.8,1.2810805061458468e-07,540.2,BID
738,1712457488.598099,1843100.57014373,537.8,1.240727130133234e-06,540.2,BID
739,1712457507.2089446,1844678.53647115,537.8,4.954292359922973e-07,540.2,BID
740,1712457507.2882764,1848273.34101079,537.8,1.1286497282407395e-06,540.2,BID
741,1712457507.3504884,1848723.34101079,537.8,1.4128511636940545e-07,540.2,BID
742,1712457507.36547,1853199.55463917,537.8,1.4053830297332604e-06,540.2,BID
743,1712457507.4635909,1853208.86863805,537.9,2.9242875903091276e-09,540.2,BID
744,1712457507.468964,1854140.26852651,537.9,2.924287591722903e-07,540.2,BID
745,1712457507.5291266,1854859.35213803,537.9,-2.257684705176368e-07,540.2,ASK
746,1712457507.738599,1854868.66440568,538.0,2.923744041292948e-09,540.2,BID
747,1712457510.2433324,1854868.66440568,538.0,0.0,540.2,BID
748,1712457540.3325431,1854868.66440568,538.0,0.0,540.2,BID
749,1712457570.3492613,1854868.66440568,538.0,0.0,540.2,BID
750,1712457600.2640765,1854868.66440568,538.0,0.0,540.2,BID
751,1712457610.5186317,1854877.97494275,538.1,2.9284178591269354e-09,540.2,BID
752,1712457614.21805,1854887.28374988,538.2,2.927873745791553e-09,540.2,BID
753,1712457624.7579904,1854896.58737104,538.5,2.926242616742948e-09,540.2,BID
754,1712457629.6082666,1854905.88926483,538.6,2.925699311811066e-09,540.2,BID
755,1712457630.234572,1854905.88926483,538.6,0.0,540.2,BID
756,1712457660.3121226,1854905.88926483,538.6,0.0,540.2,BID
757,1712457690.3114772,1854905.88926483,538.6,0.0,540.2,BID
758,1712457699.9086063,1855295.3993,538.6,-1.2251075798490746e-07,540.2,ASK
759,1712457720.357407,1855295.3993,538.6,-0.0,540.2,ASK
760,1712457750.269766,1855295.3993,538.6,-0.0,540.2,ASK
761,1712457751.4283843,1855304.69946706,538.7,2.924944770189519e-09,540.2,BID
762,1712457780.3427975,1855304.69946706,538.7,0.0,540.2,BID
763,1712457785.8673582,1855313.99618259,538.9,2.923854641342996e-09,540.2,BID
764,1712457793.6884568,1855675.9636215,538.9,-1.1384022376989909e-07,540.2,ASK
765,1712457793.821478,1857176.6503935,538.9,4.719720603806193e-07,540.2,BID
766,1712457793.8284242,1857176.65039406,538.9,1.7610896116112876e-16,540.2,BID
767,1712457793.9687726,1857185.94366061,539.1,2.9227699231302383e-09,540.2,BID
768,1712457793.97552,1857195.23520363,539.2,2.9222278660452354e-09,540.2,BID
769,1712457793.9800365,1857204.53019435,539.0,2.923312181587233e-09,540.2,BID
770,1712457793.9828956,1858204.53019306,539.2,3.1450404479990125e-07,540.2,BID
771,1712457794.0690246,1858213.82001319,539.3,2.9216860101125473e-09,540.2,BID
772,1712457794.075516,1858213.82001448,539.2,4.0574625937372734e-16,540.2,BID
773,1712457794.0807655,1859520.02515058,539.3,4.108067991718632e-07,540.2,BID
774,1712457799.5036228,1859612.80674271,539.4,2.9180186045493683e-08,540.2,BID
775,1712457809.788452,1859619.86494872,539.4,2.2198343420119395e-09,540.2,BID
776,1712457809.795472,1859622.07936902,539.4,6.964441421282901e-10,540.2,BID
777,1712457810.301149,1859622.07936902,539.4,0.0,540.2,BID
778,1712457835.5596654,1859662.07936902,538.8,-1.2570959688643087e-08,540.2,ASK
779,1712457835.5645075,1862688.8703473,538.7,-9.51241684347702e-07,540.2,ASK
780,1712457835.5685391,1862788.8703473,538.5,-3.142739922160772e-08,540.2,ASK
781,1712457835.5722997,1862888.8703473,538.8,-3.142739922160772e-08,540.2,ASK
782,1712457835.5756028,1862988.8703473,538.7,-3.142739922160772e-08,540.2,ASK
783,1712457835.5788643,1863088.8703473,538.4,-3.142739922160772e-08,540.2,ASK
784,1712457835.5821624,1863273.43817789,538.1,-5.800486895412735e-08,540.2,ASK
785,1712457835.585443,1867713.43817789,538.6,-1.395376525439383e-06,540.2,ASK
786,1712457835.5888877,1869558.6268484,538.7,-5.798948098731144e-07,540.2,ASK
787,1712457835.5921614,1869658.6268484,538.3,-3.142739922160772e-08,540.2,ASK
788,1712457835.5954947,1869758.6268484,538.2,-3.142739922160772e-08,540.2,ASK
789,1712457840.2311945,1869758.6268484,538.2,-0.0,540.2,ASK
790,1712457852.778576,1869858.6268484,538.9,-3.1373565400324265e-08,540.2,ASK
791,1712457852.788046,1869872.78209954,538.1,-4.441006973990477e-09,540.2,ASK
792,1712457860.3085575,1869879.83686297,539.4,2.2133308184858924e-09,540.2,BID
793,1712457860.3157773,1869882.06675484,539.4,6.995965842445597e-10,540.2,BID
794,1712457870.3010838,1869882.06675484,539.4,0.0,540.2,BID
795,1712457896.858396,1870127.16760782,539.4,7.68952717440563e-08,540.2,BID
796,1712457896.8655734,1870902.19737879,539.4,2.4314939798838225e-07,540.2,BID
797,1712457896.9415014,1876831.78003985,539.5,1.860282673469932e-06,540.2,BID
798,1712457896.9473405,1876841.06641612,539.5,2.913406534974447e-09,540.2,BID
799,1712457897.078961,1877296.93882199,539.7,1.430204428251693e-07,540.2,BID
800,1712457897.0860856,1877306.22347729,539.6,2.9128666165833904e-09,540.2,BID
801,1712457897.0918448,1879933.99162826,539.7,8.244073555543576e-07,540.2,BID
802,1712457897.0974789,1880001.54099679,539.6,2.11922030711379e-08,540.2,BID
803,1712457897.1007197,1880846.53048012,539.7,2.6509779607700685e-07,540.2,BID
804,1712457897.1179175,1881008.42728185,539.7,5.079173904197348e-08,540.2,BID
805,1712457900.3053172,1881008.42728185,539.7,0.0,540.2,BID
806,1712457911.6080844,1881017.70162468,539.9,2.987379932311451e-09,540.2,BID
807,1712457912.248133,1881017.70677805,539.9,1.6599638353541268e-12,540.2,BID
808,1712457912.2550335,1881063.20912329,540.0,1.4656865239273553e-08,540.2,BID
809,1712457930.2485282,1881063.20912329,540.0,0.0,540.2,BID
810,1712457939.7581494,1881711.59907729,539.4,-2.08852391592364e-07,540.2,ASK
811,1712457960.3141282,1881711.59907729,539.4,-0.0,540.2,ASK
812,1712457987.4581308,1881711.59907776,539.4,-1.5140168563727199e-16,540.2,ASK
813,1712457987.678212,1881730.13819529,539.4,5.9709482945954924e-09,540.2,BID
814,1712457990.2802892,1881730.13819529,539.4,0.0,540.2,BID
815,1712457991.4484737,1881776.48673118,539.4,1.492756165792067e-08,540.2,BID
816,1712458020.21669,1881776.48673118,539.4,0.0,540.2,BID
817,1712458034.5599346,1885736.96091167,540.0,1.2755472284241838e-06,540.2,BID
818,1712458034.5658965,1885756.96091167,540.0,6.44138641129263e-09,540.2,BID
819,1712458034.571376,1894956.40516618,540.0,2.9628587606222723e-06,540.2,BID
820,1712458034.619347,1894965.68122616,540.1,2.9875343352127987e-09,540.2,BID
821,1712458034.6265502,1899749.02701978,540.2,1.5405689297768766e-06,540.2,BID
822,1712458034.6324034,1903759.11423093,540.1,1.2915260635000665e-06,540.2,BID
823,1712458034.63812,1909775.13675618,540.2,1.93757628720878e-06,540.2,BID
824,1712458034.658404,1909775.13675699,540.2,2.608818854774239e-16,540.2,BID
825,1712458034.7193232,1909805.13675699,540.3,9.662079616938945e-09,540.3,BID
826,1712458034.7253952,1909833.0704124,540.4,8.996573418733992e-09,540.4,BID
827,1712458034.7307858,1909870.08688474,540.3,1.1921870096274126e-08,540.4,BID
828,1712458034.7342238,1909881.22976789,540.4,3.588780805221626e-09,540.4,BID
829,1712458034.7376833,1909890.5023942,540.3,2.9864284555504823e-09,540.4,BID
830,1712458034.741143,1909927.51201671,540.4,1.1919663976092544e-08,540.4,BID
831,1712458034.7448127,1910159.11749794,540.2,7.459301997885122e-08,540.4,BID
832,1712458034.7483256,1910211.97411218,540.5,1.7023493835617036e-08,540.5,BID
833,1712458034.7518597,1912057.16278146,540.5,5.942786610285391e-07,540.5,BID
834,1712458034.7553625,1915309.75603569,540.5,1.047560499462955e-06,540.5,BID
835,1712458034.938748,1915346.75196564,540.6,1.1915254022701424e-08,540.6,BID
836,1712458034.9471457,1915803.75709469,540.6,1.4718733140768454e-07,540.6,BID
837,1712458035.018298,1915803.75709519,540.6,1.609983926760647e-16,540.6,BID
838,1712458042.1182015,1915813.02286178,540.7,2.984219150120309e-09,540.7,BID
839,1712458042.1258276,1916517.47372621,540.7,2.2688201127815402e-07,540.7,BID
840,1712458042.217942,1919283.00589609,540.7,-8.90693066952919e-07,540.7,ASK
841,1712458050.2304685,1919283.00589609,540.7,-0.0,540.7,ASK
842,1712458080.2730694,1919283.00589609,540.7,-0.0,540.7,ASK
843,1712458092.7084064,1919353.07646828,540.7,-2.2421270576419787e-08,540.7,ASK
844,1712458097.1808574,1919362.34052153,540.8,2.9643235107119276e-09,540.8,BID
845,1712458097.1849742,1919429.32277006,540.8,2.1433064854054312e-08,540.8,BID
846,1712458097.1889684,1920176.22607936,540.9,2.389950683838357e-07,540.9,BID
847,1712458097.1931689,1920239.82246894,540.8,2.034965341208252e-08,540.9,BID
848,1712458097.1971512,1920249.08480948,540.9,2.963775475626089e-09,540.9,BID
849,1712458097.2011352,1920312.76351028,540.9,2.037599146074785e-08,540.9,BID
850,1712458099.3900323,1920392.76351028,541.0,2.5598501482907945e-08,541.0,BID
1051,1712458099.3967693,1920402.02413874,541.0,2.963227642066659e-09,541.0,BID
851,1712458099.3967693,1920402.02413874,541.0,2.9632276420666592e-09,541.0,BID
852,1712458099.4032817,1920582.02413874,541.0,5.759662833654288e-08,541.0,BID
853,1712458099.4076734,1920582.02413989,540.9,3.679626354251592e-16,541.0,BID
1053,1712458099.4076734,1920582.02413989,540.9,3.6796263542515923e-16,541.0,BID
854,1712458099.4116266,1925941.0476545,541.0,1.7147871423210384e-06,541.0,BID
855,1712458104.828297,1926221.0277948,540.8,-8.95884004581797e-08,541.0,ASK
856,1712458110.2825463,1926221.0277948,540.8,-0.0,541.0,ASK
857,1712458140.3531144,1926221.0277948,540.8,-0.0,541.0,ASK
858,1712458149.8580306,1926230.28158127,541.1,2.9574864507318063e-09,541.1,BID
859,1712458150.9098704,1928890.56703224,540.8,-8.502204153719491e-07,541.1,ASK
860,1712458156.3089037,1934014.60719524,540.8,-1.6376301100243649e-06,541.1,ASK
861,1712458156.4086714,1935191.2431003,540.8,-3.7604982111106203e-07,541.1,ASK
862,1712458156.428317,1935191.24310031,540.8,-3.199719322947349e-18,541.1,ASK
863,1712458156.488136,1935537.65294731,540.7,-1.1071169971545904e-07,541.1,ASK
864,1712458156.55468,1935537.65294786,540.7,-1.7583573860754843e-16,541.1,ASK
865,1712458170.2939072,1935537.65294786,540.7,-0.0,541.1,ASK
866,1712458184.213416,1936154.65294786,540.7,1.9687460027363066e-07,541.1,BID
867,1712458198.6382542,1936841.14572212,540.3,-2.1904860700676297e-07,541.1,ASK
868,1712458198.6469765,1936895.25653979,540.2,-1.7265876173807234e-08,541.1,ASK
869,1712458200.3122735,1936895.25653979,540.2,-0.0,541.1,ASK
870,1712458208.6582632,1937130.06657535,540.2,-7.497312282826137e-08,541.1,ASK
871,1712458226.8397355,1941334.03572212,540.2,-1.3422965268722688e-06,541.1,ASK
872,1712458226.8478286,1964214.07330691,539.7,-7.305428254240985e-06,541.1,ASK
873,1712458226.8538668,1964900.56608117,539.9,-2.1919210975182882e-07,541.1,ASK
874,1712458226.858939,1965587.05885543,540.1,-2.1919210975182882e-07,541.1,ASK
875,1712458230.2226777,1965587.05885543,540.1,-0.0,541.1,ASK
876,1712458230.9982753,1965605.66696857,539.7,-5.912197830346344e-09,541.1,ASK
877,1712458255.04821,1965615.95972381,539.7,-3.27022975082533e-09,541.1,ASK
1077,1712458255.04821,1965615.95972381,539.7,-3.2702297508253303e-09,541.1,ASK
878,1712458258.1780808,1965626.22841,540.5,3.262582495926513e-09,541.1,BID
879,1712458260.3382692,1965626.22841,540.5,0.0,541.1,BID
880,1712458261.3287296,1967526.09920691,539.7,-6.036257651029944e-07,541.1,ASK
881,1712458261.3365788,1967817.68397538,539.7,-9.264213084715645e-08,541.1,ASK
882,1712458261.3435931,1969356.12118661,539.7,-4.88791311599757e-07,541.1,ASK
883,1712458261.3480237,1980481.12118661,539.4,-3.534628064020321e-06,541.1,ASK
884,1712458261.4284637,1985422.16253977,539.4,1.5698645781899891e-06,541.1,BID
885,1712458261.448388,1994083.22069008,539.4,2.751785995703182e-06,541.1,BID
886,1712458261.6682427,1994166.80280368,540.0,-2.655565702301656e-08,541.1,ASK
887,1712458265.3908763,1994436.71512734,540.0,-8.5756375194024e-08,541.1,ASK
888,1712458265.3984776,1994783.70697933,540.0,-1.1024603487908398e-07,541.1,ASK
889,1712458265.4680164,1994943.04055055,540.0,-5.062336291010949e-08,541.1,ASK
890,1712458265.528019,1995290.03240155,540.0,1.1024603456461709e-07,541.1,BID
891,1712458268.1582284,1995907.03240155,539.9,-1.9603285532589105e-07,541.1,ASK
892,1712458268.1785092,1996212.5526343,539.9,-9.70696978699965e-08,541.1,ASK
893,1712458268.183087,1997055.56363668,539.9,-2.67840930093485e-07,541.1,ASK
894,1712458268.187858,1997705.82671344,539.9,-2.0660117933595293e-07,541.1,ASK
895,1712458290.303478,1997705.82671344,539.9,-0.0,541.1,ASK
896,1712458320.2312703,1997705.82671344,539.9,-0.0,541.1,ASK
897,1712458321.7683587,1998262.07787106,539.9,1.7576529016175593e-07,541.1,BID
898,1712458345.1783311,2000096.99785538,539.8,5.798014782522574e-07,541.1,BID
899,1712458345.186607,2000875.48185037,539.9,2.459868413598862e-07,541.1,BID
900,1712458345.238704,2002758.9370317,539.9,-5.951377213659374e-07,541.1,ASK
901,1712458345.2461643,2007083.0742092,539.9,-1.3663490229025993e-06,541.1,ASK
902,1712458345.2979856,2009064.60701934,539.9,-6.261284755423739e-07,541.1,ASK
903,1712458350.2989748,2009064.60701934,539.9,-0.0,541.1,ASK
904,1712458352.6286793,2011238.66276453,539.9,-6.856336599170566e-07,541.1,ASK
905,1712458352.728003,2012929.5950108,539.9,-5.332706243834738e-07,541.1,ASK
906,1712458380.4003997,2012929.5950108,539.9,-0.0,541.1,ASK
907,1712458390.957992,2013154.42670686,538.9,-7.085871658808342e-08,541.1,ASK
908,1712458410.3130662,2013154.42670686,538.9,-0.0,541.1,ASK
909,1712458425.4281137,2013154.42670784,540.0,3.088433298911576e-16,541.1,BID
910,1712458425.5084908,2013154.42670818,540.0,-1.0713025935877648e-16,541.1,ASK
911,1712458425.5156162,2014079.88990118,540.0,-2.9166096790350444e-07,541.1,ASK
912,1712458440.2650428,2014079.88990118,540.0,-0.0,541.1,ASK
913,1712458470.2423537,2014079.88990118,540.0,-0.0,541.1,ASK
914,1712458500.2869568,2014079.88990118,540.0,-0.0,541.1,ASK
915,1712458522.3681917,2014696.88990118,539.9,1.9447715241511105e-07,541.1,BID
916,1712458522.3757763,2014996.88990118,540.0,9.455939339470556e-08,541.1,BID
917,1712458522.4564605,2029137.96456755,540.0,-4.457238141337264e-06,541.1,ASK
918,1712458530.3745103,2029137.96456755,540.0,-0.0,541.1,ASK
919,1712458546.181592,2029230.79783899,538.9,-2.9186056492793623e-08,541.1,ASK
920,1712458546.189948,2029534.518491,539.0,-9.548740413941809e-08,541.1,ASK
921,1712458546.1960487,2029576.61317387,538.7,-1.3234239979160663e-08,541.1,ASK
922,1712458546.1997373,2030390.93530968,538.9,-2.560165282380992e-07,541.1,ASK
923,1712458560.2431982,2030390.93530968,538.9,-0.0,541.1,ASK
924,1712458585.508307,2030400.93530968,539.0,-3.1432547156192703e-09,541.1,ASK
925,1712458589.9492807,2030918.97929329,539.0,-1.6283441943806829e-07,541.1,ASK
926,1712458590.0079803,2031289.24197129,539.0,1.163829908641043e-07,541.1,BID
927,1712458590.0480971,2031289.24197203,539.0,2.3258066471289003e-16,541.1,BID
928,1712458590.2734497,2031289.24197203,539.0,0.0,541.1,BID
929,1712458616.418697,2031364.69206479,539.0,-2.371227715788829e-08,541.1,ASK
930,1712458616.5079875,2031752.13470279,539.0,1.2176455825236816e-07,541.1,BID
931,1712458616.5294702,2031752.13470289,539.0,3.139141666318786e-17,541.1,BID
932,1712458620.3021798,2031752.13470289,539.0,0.0,541.1,BID
933,1712458637.5284371,2031762.13470289,540.0,3.142529996832365e-09,541.1,BID
934,1712458637.5368145,2031770.6532214,540.0,2.676969994637796e-09,541.1,BID
935,1712458650.2873156,2031770.6532214,540.0,0.0,541.1,BID
936,1712458680.3371625,2031770.6532214,540.0,0.0,541.1,BID
937,1712458704.6084554,2031797.50006826,539.9,8.436675645254451e-09,541.1,BID
938,1712458704.616401,2031955.83840658,540.0,4.9758141415512346e-08,541.1,BID
939,1712458710.3034437,2031955.83840658,540.0,0.0,541.1,BID
940,1712458723.3425925,2031965.1299496,539.2,-2.919794337209734e-09,541.1,ASK
941,1712458728.2820752,2032639.8209166,539.2,2.1201633147333786e-07,541.1,BID
942,1712458728.2898862,2032639.82091749,539.2,2.7963739090659013e-16,541.1,BID
1142,1712458728.2898862,2032639.82091749,539.2,2.796373909065901e-16,541.1,BID
943,1712458740.316716,2032639.82091749,539.2,0.0,541.1,BID
944,1712458742.4484804,2032649.10385245,539.7,2.916751289362629e-09,541.1,BID
945,1712458770.294828,2032649.10385245,539.7,0.0,541.1,BID
946,1712458789.1157885,2032686.16147705,539.7,1.16436993957897e-08,541.1,BID
947,1712458800.2633328,2032686.16147705,539.7,0.0,541.1,BID
948,1712458830.3206456,2032686.16147705,539.7,0.0,541.1,BID
949,1712458860.2930973,2032686.16147705,539.7,0.0,541.1,BID
950,1712458867.6581385,2032783.93230224,539.7,3.1135492260773795e-08,541.1,BID
951,1712458890.3763485,2032783.93230224,539.7,0.0,541.1,BID
952,1712458906.5886743,2032783.93230272,539.7,-1.528119397439186e-16,541.1,ASK
953,1712458906.597021,2035807.42236272,539.7,-9.62825764549904e-07,541.1,ASK
954,1712458920.243412,2035807.42236272,539.7,-0.0,541.1,ASK
955,1712458950.306459,2035807.42236272,539.7,-0.0,541.1,ASK
956,1712458980.326326,2035807.42236272,539.7,-0.0,541.1,ASK
957,1712458980.4208171,2036807.42236253,539.8,3.182830719351674e-07,541.1,BID
958,1712458980.4245806,2037648.03959091,539.8,2.675542338212998e-07,541.1,BID
959,1712458980.5203156,2038369.48939642,540.0,2.296252603883776e-07,541.1,BID
960,1712458980.5264952,2039482.46839491,540.0,3.542423747059973e-07,541.1,BID
961,1712458980.583907,2039482.46839539,540.0,1.5280668028979687e-16,541.1,BID
962,1712458980.604162,2040621.32985425,540.2,3.6248032370335393e-07,541.1,BID
963,1712458980.607812,2040641.81979708,540.2,6.521601948965204e-09,541.1,BID
964,1712458981.0010526,2040641.81979765,539.7,1.8141161656131075e-16,541.1,BID
965,1712458981.0136826,2051748.82659165,539.7,3.535172243070756e-06,541.1,BID
966,1712459010.2891686,2051748.82659165,539.7,0.0,541.1,BID
967,1712459029.9193523,2052290.14145565,539.7,1.718207766683526e-07,541.1,BID
968,1712459029.9258206,2052290.14145575,539.7,3.170466408740078e-17,541.1,BID
969,1712459035.378812,2052299.52584013,539.4,-2.9787325638965082e-09,541.1,ASK
1169,1712459035.378812,2052299.52584013,539.4,-2.978732563896508e-09,541.1,ASK
970,1712459039.5580974,2052308.78853001,539.8,2.940105057295954e-09,541.1,BID
971,1712459040.2620244,2052308.78853001,539.8,0.0,541.1,BID
972,1712459053.3319092,2052364.36466932,539.8,1.7638938329633784e-08,541.1,BID
973,1712459067.298546,2052949.10299833,539.8,1.8558617875320778e-07,541.1,BID
974,1712459070.2629387,2052949.10299833,539.8,0.0,541.1,BID
975,1712459092.8683162,2054013.05271333,539.8,3.376428286782212e-07,541.1,BID
976,1712459092.9160068,2054013.05271344,539.8,3.49492376533292e-17,541.1,BID
977,1712459100.3070087,2054013.05271344,539.8,0.0,541.1,BID
978,1712459130.3216577,2054013.05271344,539.8,0.0,541.1,BID
979,1712459143.2686515,2054757.24187676,540.3,2.406731894695687e-07,541.1,BID
980,1712459143.2756257,2055289.06910944,540.3,1.719946522264045e-07,541.1,BID
981,1712459143.3493514,2055905.37596194,540.3,1.993156353169499e-07,541.1,BID
982,1712459143.3573892,2056105.37596194,540.3,6.46806487737258e-08,541.1,BID
983,1712459143.3709106,2056481.59868579,540.5,1.2167164931019729e-07,541.1,BID
984,1712459143.3751664,2057381.39235794,540.5,2.909961923857759e-07,541.1,BID
985,1712459143.4315965,2058120.80040994,540.3,2.391269625593788e-07,541.1,BID
986,1712459143.4359422,2068224.24077594,540.5,3.2674853885976275e-06,541.1,BID
987,1712459143.688365,2068233.49146974,540.5,2.991704382932074e-09,541.1,BID
988,1712459160.292849,2068233.49146974,540.5,0.0,541.1,BID
989,1712459162.3880663,2068967.49456574,540.5,2.367904297539866e-07,541.1,BID
990,1712459162.7288108,2073442.38191174,540.5,1.4436049432684123e-06,541.1,BID
991,1712459162.7341094,2073442.38191249,540.5,2.419341179152209e-16,541.1,BID
992,1712459162.8897548,2074032.00831249,540.6,1.9021430483220765e-07,541.1,BID
993,1712459162.9099312,2075523.03627349,540.6,4.810077145237833e-07,541.1,BID
994,1712459190.2200737,2075523.03627349,540.6,0.0,541.1,BID
995,1712459195.7282205,2083912.27897055,540.6,2.702945719219599e-06,541.1,BID
996,1712459220.300691,2083912.27897055,540.6,0.0,541.1,BID
997,1712459250.2624323,2083912.27897055,540.6,0.0,541.1,BID
998,1712459269.7580414,2086940.50583755,540.5,-9.74246469553075e-07,541.1,ASK
999,1712459280.3532083,2086940.50583755,540.5,-0.0,541.1,ASK
1000,1712459282.8480084,2088878.06695842,540.1,-6.230274949842626e-07,541.1,ASK
1201,1712459282.862567,2088878.06695855,540.5,-4.1775931215117807e-17,541.1,ASK
1202,1712459287.4588234,2092870.87755584,539.5,-1.283897967182152e-06,541.1,ASK
1203,1712459287.4615805,2092870.87755627,540.1,-1.382798296672448e-16,541.1,ASK
1204,1712459302.4337766,2092884.65495222,539.6,-4.430155205755705e-09,541.1,ASK
1205,1712459302.435097,2097941.65495222,539.4,-1.6260906601598038e-06,541.1,ASK
1206,1712459302.436309,2098452.98435327,539.4,-1.64419213627069e-07,541.1,ASK
1207,1712459302.4375248,2098638.23815097,539.4,-5.95688096103134e-08,541.1,ASK
1208,1712459302.4387755,2098638.23815263,539.5,-5.3380356552650585e-16,541.1,ASK
1209,1712459302.440018,2099740.69365874,539.4,-3.544972516761994e-07,541.1,ASK
1210,1712459310.3475044,2099740.69365874,539.4,-0.0,541.1,ASK
1211,1712459317.4183507,2100068.89392974,539.4,1.0529975529239976e-07,541.1,BID
1212,1712459317.438794,2102768.92052587,539.4,8.662763714028526e-07,541.1,BID
1213,1712459340.2258463,2102768.92052587,539.4,0.0,541.1,BID
1214,1712459370.2825966,2102768.92052587,539.4,0.0,541.1,BID
1215,1712459400.25778,2102768.92052587,539.4,0.0,541.1,BID
1216,1712459430.3004422,2102768.92052587,539.4,0.0,541.1,BID
1217,1712459460.2976952,2102768.92052587,539.4,0.0,541.1,BID
1218,1712459490.3250155,2102768.92052587,539.4,0.0,541.1,BID
1219,1712459492.938464,2107108.92052587,539.4,-1.3974737963692212e-06,541.1,ASK
1220,1712459492.9484694,2107294.31170125,539.4,-5.969569347272074e-08,541.1,ASK
1221,1712459492.9513214,2109130.11598738,539.5,-5.911263560205788e-07,541.1,ASK
1222,1712459493.0493166,2109758.11598738,539.4,2.022151023317675e-07,541.1,BID
1223,1712459493.0523858,2112272.58327563,539.4,8.096548726168417e-07,541.1,BID
1224,1712459493.2284362,2112520.95694693,539.9,-7.997596713121239e-08,541.1,ASK
1225,1712459493.2302277,2112820.71268563,540.0,-9.652091938823337e-08,541.1,ASK
1226,1712459493.2488286,2112959.71530575,539.9,-4.4758644987052585e-08,541.1,ASK
1227,1712459493.2508686,2113346.80622556,539.9,-1.246427228680691e-07,541.1,ASK
1228,1712459493.4084475,2115191.99489607,540.2,5.941481143767352e-07,541.1,BID
1229,1712459493.4109974,2115713.80622556,540.2,1.680225022144968e-07,541.1,BID
1230,1712459494.5696423,2115724.10279646,539.5,-3.3154811117656604e-09,541.1,ASK
1231,1712459501.078577,2115734.37533512,540.2,3.307742764901233e-09,541.1,BID
1232,1712459520.2602875,2115734.37533512,540.2,0.0,541.1,BID
1233,1712459550.2616737,2115734.37533512,540.2,0.0,541.1,BID
1234,1712459562.1890528,2116222.86823501,539.2,-1.5694046430165045e-07,541.1,ASK
1235,1712459562.19215,2116241.37989735,540.2,-5.947330827645893e-09,541.1,ASK
1236,1712459562.1951811,2116334.07548504,539.2,-2.9780757456362792e-08,541.1,ASK
1237,1712459580.3121374,2116334.07548504,539.2,-0.0,541.1,ASK
1238,1712459610.3135364,2116334.07548504,539.2,-0.0,541.1,ASK
1239,1712459640.314242,2116334.07548504,539.2,-0.0,541.1,ASK
1240,1712459670.296234,2116334.07548504,539.2,-0.0,541.1,ASK
1241,1712459700.2901824,2116334.07548504,539.2,-0.0,541.1,ASK
1242,1712459730.2391117,2116334.07548504,539.2,-0.0,541.1,ASK
1243,1712459760.3612552,2116334.07548504,539.2,-0.0,541.1,ASK
1244,1712459790.2917452,2116334.07548504,539.2,-0.0,541.1,ASK
1245,1712459813.808431,2116521.81139807,539.6,-6.074746220411787e-08,541.1,ASK
1246,1712459820.2810595,2116521.81139807,539.6,-0.0,541.1,ASK
1247,1712459850.3118474,2116521.81139807,539.6,-0.0,541.1,ASK
1248,1712459880.3033218,2116521.81139807,539.6,-0.0,541.1,ASK
1249,1712459910.3228643,2116521.81139807,539.6,-0.0,541.1,ASK
1250,1712459914.738548,2117334.07548504,539.6,-2.6282325927819774e-07,541.1,ASK
1251,1712459914.7415688,2118561.14935099,539.6,-3.9704273277314793e-07,541.1,ASK
1252,1712459921.798434,2118603.24403386,539.8,1.3620523088045546e-08,541.1,BID
1253,1712459921.8016925,2118788.49783099,539.8,5.994233591800755e-08,541.1,BID
1254,1712459921.919253,2119315.12351641,539.9,1.703996043676891e-07,541.1,BID
1255,1712459921.9281583,2119315.12351699,539.8,1.875884221897536e-16,541.1,BID
1256,1712459921.9311264,2122069.55678411,539.9,8.912484749008333e-07,541.1,BID
1257,1712459940.2272797,2122069.55678411,539.9,0.0,541.1,BID
1258,1712459959.6085842,2125350.61573557,540.0,1.0606203836720594e-06,541.1,BID
1259,1712459959.6118832,2125443.22547811,539.9,2.993660952686452e-08,541.1,BID
1260,1712459970.240796,2125443.22547811,539.9,0.0,541.1,BID
1261,1712459996.7885156,2125480.25565663,540.1,1.1963164150462473e-08,541.1,BID
1262,1712459996.800367,2125480.2556577,540.0,3.45708784282905e-16,541.1,BID
1263,1712460000.2859983,2125480.2556577,540.0,0.0,541.1,BID
1264,1712460030.2352283,2125480.2556577,540.0,0.0,541.1,BID
1265,1712460053.6380954,2127301.6949227,540.0,5.963295686752499e-07,541.1,BID
1266,1712460060.338859,2127301.6949227,540.0,0.0,541.1,BID
1267,1712460073.498652,2127301.69492367,540.0,3.1746161838062963e-16,541.1,BID
1268,1712460073.61851,2131223.54642867,540.1,1.2835800760252852e-06,541.1,BID
1269,1712460073.7189405,2133826.78265022,540.1,8.520113887302432e-07,541.1,BID
1270,1712460073.7226627,2135145.39793367,540.2,4.315686872948897e-07,541.1,BID
1271,1712460081.8484342,2136081.74663147,540.0,-3.064569199461568e-07,541.1,ASK
1272,1712460090.289455,2136081.74663147,540.0,-0.0,541.1,ASK
1273,1712460101.3285103,2136458.74663147,540.2,1.2319686209067121e-07,541.1,BID
1274,1712460110.6984308,2147887.36715816,540.2,3.734668930804368e-06,541.1,BID
1275,1712460120.3512204,2147887.36715816,540.2,0.0,541.1,BID
1276,1712460150.2574854,2147887.36715816,540.2,0.0,541.1,BID
1277,1712460180.3535366,2147887.36715816,540.2,0.0,541.1,BID
1278,1712460210.300383,2147887.36715816,540.2,0.0,541.1,BID
1279,1712460229.7383542,2147944.6081427,540.2,-1.866642951601833e-08,541.1,ASK
1280,1712460240.221039,2147944.6081427,540.2,-0.0,541.1,ASK
1281,1712460270.3073106,2147944.6081427,540.2,-0.0,541.1,ASK
1282,1712460300.3073094,2147944.6081427,540.2,-0.0,541.1,ASK
1283,1712460330.2972825,2147944.6081427,540.2,-0.0,541.1,ASK
1284,1712460360.3332174,2147944.6081427,540.2,-0.0,541.1,ASK
1285,1712460362.789317,2148129.69050436,540.3,6.0543058306736e-08,541.1,BID
1286,1712460362.7923806,2148314.77286602,540.3,6.0543058306736e-08,541.1,BID
1287,1712460362.9309664,2148499.78674207,540.5,6.05206556951346e-08,541.1,BID
1288,1712460362.9339314,2148509.0576525,540.4,3.032645929476458e-09,541.1,BID
1289,1712460362.9369252,2148518.32684768,540.5,3.032084846990781e-09,541.1,BID
1290,1712460362.9399147,2148703.37496019,540.4,6.053185492543927e-08,541.1,BID
1291,1712460362.9428887,2149134.06699477,540.5,1.408854562257974e-07,541.1,BID
1292,1712460362.9451663,2149216.22849495,540.4,2.687618880244208e-08,541.1,BID
1293,1712460362.946867,2149574.79101222,540.5,1.172908709127522e-07,541.1,BID
1294,1712460365.4413376,2151091.92148484,540.6,4.96274835910673e-07,541.1,BID
1295,1712460373.4511762,2151276.87711953,540.4,-6.050160412239573e-08,541.1,ASK
1296,1712460379.008647,2151461.85677177,540.6,6.05094606027221e-08,541.1,BID
1297,1712460379.0127015,2153227.47344147,540.6,5.775581855681214e-07,541.1,BID
1298,1712460390.345415,2153227.47344147,540.6,0.0,541.1,BID
1299,1712460413.145707,2153412.41888257,540.7,6.044181022568038e-08,541.1,BID
1300,1712460413.1483676,2153421.68122311,540.9,3.0270150256724637e-09,541.1,BID
1301,1712460413.150999,2153530.9469897,540.7,3.5709021477515534e-08,541.1,BID
1302,1712460413.153579,2153727.72722529,540.8,6.430952601444919e-08,541.1,BID
1303,1712460413.1589274,2153912.60428205,540.9,6.041946161678125e-08,541.1,BID
1304,1712460413.1604416,2153921.86491051,541.0,3.0264555028683076e-09,541.1,BID
1305,1712460413.1649098,2153948.84253648,540.8,8.816527401450771e-09,541.1,BID
1306,1712460413.1664386,2154178.84253648,541.0,7.516603961256219e-08,541.1,BID
1307,1712460413.168159,2154188.10658973,540.8,3.0275747545313707e-09,541.1,BID
1308,1712460413.1702566,2154208.15754705,541.0,6.55283066175786e-09,541.1,BID
1309,1712460420.2366097,2154208.15754705,541.0,0.0,541.1,BID
1310,1712460450.2760975,2154208.15754705,541.0,0.0,541.1,BID
1311,1712460480.3020194,2154208.15754705,541.0,0.0,541.1,BID
1312,1712460488.4420836,2156672.96170921,541.0,-8.05380254734443e-07,541.1,ASK
1313,1712460488.4438295,2157699.37087061,541.0,-3.353814816449068e-07,541.1,ASK
1314,1712460488.518368,2159817.20248232,541.0,-6.920062003745611e-07,541.1,ASK
1315,1712460508.598312,2160779.85321432,541.0,-3.145482727029066e-07,541.1,ASK
1316,1712460510.287681,2160779.85321432,541.0,-0.0,541.1,ASK
1317,1712460540.2671158,2160779.85321432,541.0,-0.0,541.1,ASK
1318,1712460543.901641,2160779.85834487,541.1,1.6744735344038705e-12,541.1,BID
1319,1712460543.9044852,2160789.11555107,541.2,3.0213029209211943e-09,541.2,BID
1320,1712460543.907197,2160826.05681447,541.4,1.2056634000085616e-08,541.4,BID
1321,1712460543.9097571,2160863.01855907,541.1,1.2063318512445018e-08,541.4,BID
1322,1712460543.9112778,2160899.97347408,541.2,1.206108951823465e-08,541.4,BID
1323,1712460543.9128015,2160909.2289701,541.3,3.020744764292228e-09,541.4,BID
1324,1712460543.9143384,2164604.72047047,541.2,1.206108951605679e-06,541.4,BID
1325,1712460543.9158945,2173973.8473118,541.4,3.0578308057064983e-06,541.4,BID
1326,1712460543.917686,2174158.58775149,541.3,6.029430672797018e-08,541.4,BID
1327,1712460543.9192464,2178562.82652884,541.4,1.4374249849686889e-06,541.4,BID
1328,1712460543.9208202,2178599.77461678,541.3,1.2058861346232351e-08,541.4,BID
1329,1712460543.922396,2178609.02840325,541.4,3.0201868131392875e-09,541.4,BID
1330,1712460570.3096893,2178609.02840325,541.4,0.0,541.4,BID
1331,1712460577.6383948,2178640.64754656,541.3,1.0287231135201633e-08,541.4,BID
1332,1712460583.166456,2183609.02840325,541.3,1.6164537330874406e-06,541.4,BID
1333,1712460584.5081418,2183664.87018525,541.4,1.816802285889073e-08,541.4,BID
1334,1712460596.448766,2183664.8701855,541.4,8.135660530883436e-17,541.4,BID
1335,1712460598.0582497,2185511.93335481,541.4,-6.009386642046532e-07,541.4,ASK
1336,1712460600.329603,2185511.93335481,541.4,-0.0,541.4,ASK
1337,1712460600.5772693,2185521.18543237,541.5,3.016263660074506e-09,541.5,BID
1338,1712460600.579154,2185524.86040928,541.5,1.198076781504365e-09,541.5,BID
1339,1712460611.9705184,2185534.1090709,541.7,3.01515003178839e-09,541.7,BID
1340,1712460611.973676,2185543.35944017,541.6,3.015706741713933e-09,541.7,BID
1341,1712460611.9767797,2186189.73990428,541.8,2.107260657776405e-07,541.8,BID
1342,1712460616.6686485,2186222.73990428,541.8,1.0758308081357965e-08,541.8,BID
1343,1712460630.2316625,2186222.73990428,541.8,0.0,541.8,BID
1344,1712460644.858804,2187120.47872898,541.2,-2.926344980181479e-07,541.8,ASK
1345,1712460651.7482224,2187406.23208096,541.2,-9.314656603129277e-08,541.8,ASK
1346,1712460660.2841396,2187406.23208096,541.2,-0.0,541.8,ASK
1347,1712460663.3100667,2188181.26185193,541.8,2.5258248741875453e-07,541.8,BID
1348,1712460663.3222463,2188271.26185193,542.0,2.9331033102432125e-08,542.0,BID
1349,1712460663.326341,2188281.26185193,541.8,3.259003678048014e-09,542.0,BID
1350,1712460663.3299072,2188810.8330305,541.8,1.725874418747604e-07,542.0,BID
1351,1712460663.333387,2188997.1331235,541.9,6.071526883071114e-08,542.0,BID
1352,1712460663.3371768,2189006.37666593,542.0,3.012473877753376e-09,542.0,BID
1353,1712460663.3391843,2189913.36073883,541.9,2.9558644295132973e-07,542.0,BID
1354,1712460663.3415308,2212121.96991271,542.0,7.237793898200565e-06,542.0,BID
1355,1712460690.3250394,2212121.96991271,542.0,0.0,542.0,BID
1356,1712460720.27437,2212121.96991271,542.0,0.0,542.0,BID
1357,1712460736.1039317,2212568.819504,542.0,1.4499545152240254e-07,542.0,BID
1358,1712460738.8400962,2212847.65397739,542.0,9.047726831869717e-08,542.0,BID
1359,1712460742.2811348,2212896.99968368,542.0,1.6011882082235322e-08,542.0,BID
1360,1712460742.2843025,2213390.94137937,542.0,1.6027607630933628e-07,542.0,BID
1361,1712460745.1308248,2213881.00454545,542.0,1.590175562994193e-07,542.0,BID
1362,1712460750.2373853,2213881.00454545,542.0,0.0,542.0,BID
1363,1712460762.7982476,2214660.1192897,542.0,2.5273192395512325e-07,542.0,BID
1364,1712460772.1883702,2215478.63732908,542.0,2.655137005316719e-07,542.0,BID
1365,1712460780.3011749,2215478.63732908,542.0,0.0,542.0,BID
1366,1712460810.3416934,2215478.63732908,542.0,0.0,542.0,BID
1367,1712460840.28878,2215478.63732908,542.0,0.0,542.0,BID
1368,1712460844.4195924,2216686.31504204,542.0,3.916406480851287e-07,542.0,BID
1369,1712460860.2582223,2218530.65292474,542.2,5.981046730576133e-07,542.2,BID
1370,1712460870.269333,2218530.65292474,542.2,0.0,542.2,BID
1371,1712460877.689536,2220530.65292474,542.2,6.482368884512636e-07,542.2,BID
1372,1712460900.3171322,2220530.65292474,542.2,0.0,542.2,BID
1373,1712460916.1881168,2220761.37040532,542.0,-7.479949445389163e-08,542.2,ASK
1374,1712460930.3269937,2220761.37040532,542.0,-0.0,542.2,ASK
1375,1712460960.2356691,2220761.37040532,542.0,-0.0,542.2,ASK
1376,1712460960.7589266,2220794.37040532,541.5,-1.0698293182203108e-08,542.2,ASK
1377,1712460990.2570968,2220794.37040532,541.5,-0.0,542.2,ASK
1378,1712460994.208351,2221194.37040532,541.1,-1.2967552976974957e-07,542.2,ASK
1379,1712461003.0004191,2221194.37040591,541.0,-1.9126908879060382e-16,542.2,ASK
1380,1712461003.00868,2239682.07608163,540.9,-5.993507569315418e-06,542.2,ASK
1381,1712461012.908159,2240369.48481363,540.5,-2.22850228726218e-07,542.2,ASK
1382,1712461012.9479747,2240369.48481428,540.5,-2.1074321069588234e-16,542.2,ASK
1383,1712461020.5324838,2240369.48481428,540.5,-0.0,542.2,ASK
1384,1712461028.3682735,2240569.48481428,540.3,-6.461597016522625e-08,542.2,ASK
1385,1712461028.4082055,2241072.16977252,540.3,1.624073813207248e-07,542.2,BID
1386,1712461042.058366,2241442.33449582,540.3,1.195927635848309e-07,542.2,BID
1387,1712461050.3023586,2241442.33449582,540.3,0.0,542.2,BID
1388,1712461070.7788117,2241712.7313999,540.3,-8.734343404496342e-08,542.2,ASK
1389,1712461080.25332,2241712.7313999,540.3,-0.0,542.2,ASK
1390,1712461092.569001,2241840.6070379,540.2,-4.130435712012784e-08,542.2,ASK
1391,1712461100.408799,2242514.5570999,540.0,-2.1768864247578122e-07,542.2,ASK
1392,1712461100.4124875,2242514.55710083,540.2,-3.0036979127775846e-16,542.2,ASK
1393,1712461100.4155705,2242607.14969342,540.0,-2.990778830765858e-08,542.2,ASK
1394,1712461100.4185731,2242687.1496919,540.0,-2.584032860744385e-08,542.2,ASK
1395,1712461103.2183082,2242687.14969342,540.0,-4.910903197405514e-16,542.2,ASK
1396,1712461110.2659378,2242687.14969342,540.0,-0.0,542.2,ASK
1397,1712461140.3066895,2242687.14969342,540.0,-0.0,542.2,ASK
1398,1712461170.3657205,2242687.14969342,540.0,-0.0,542.2,ASK
1399,1712461200.3190925,2242687.14969342,540.0,-0.0,542.2,ASK
1400,1712461219.9386215,2243052.14969342,540.0,-1.180239205747261e-07,542.2,ASK
1401,1712461230.26764,2243052.14969342,540.0,-0.0,542.2,ASK
1402,1712461235.428428,2243613.07561934,540.0,-1.8136563810474179e-07,542.2,ASK
1403,1712461260.2899976,2243613.07561934,540.0,-0.0,542.2,ASK
1404,1712461268.5986264,2244489.71173045,540.0,2.8341727600423305e-07,542.2,BID
1405,1712461270.9085877,2244661.43451645,540.0,5.5518137593434534e-08,542.2,BID
1406,1712461270.9489708,2246767.85051068,540.0,6.810062643444654e-07,542.2,BID
1407,1712461290.331324,2246767.85051068,540.0,0.0,542.2,BID
1408,1712461320.3268836,2246767.85051068,540.0,0.0,542.2,BID
1409,1712461320.6888497,2248619.70236168,540.0,-5.98375871763057e-07,542.2,ASK
1410,1712461320.8084905,2248619.70236253,540.0,-2.7460019192367763e-16,542.2,ASK
1411,1712461326.3686795,2248628.96347364,540.0,2.99247773569915e-09,542.2,BID
1412,1712461350.2811124,2248628.96347364,540.0,0.0,542.2,BID
1413,1712461361.2685676,2248721.55606623,540.0,2.9909080958769304e-08,542.2,BID
1414,1712461380.3178267,2248721.55606623,540.0,0.0,542.2,BID
1415,1712461390.0963764,2249545.62606623,540.0,2.661852054091945e-07,542.2,BID
1416,1712461390.2501962,2249545.62828761,540.0,7.175344176243174e-13,542.2,BID
1417,1712461391.789857,2249845.27273719,540.3,9.678900986711354e-08,542.2,BID
1418,1712461391.79422,2251399.62624161,540.3,5.020761668942783e-07,542.2,BID
1419,1712461391.7984762,2251399.62624225,540.3,2.068200516255601e-16,542.2,BID
1420,1712461410.376304,2251399.62624225,540.3,0.0,542.2,BID
1421,1712461413.0158803,2251435.62624225,541.0,1.1623031340055165e-08,542.2,BID
1422,1712461413.0203578,2252210.65601225,541.0,2.5022764739401826e-07,542.2,BID
1423,1712461440.253024,2252210.65601225,541.0,0.0,542.2,BID
1424,1712461449.4085612,2252628.77166121,540.6,-1.3497452633394348e-07,542.2,ASK
1425,1712461470.2459538,2252628.77166121,540.6,-0.0,542.2,ASK
1426,1712461475.0085516,2253183.43328621,540.6,-1.7904072232015957e-07,542.2,ASK
1427,1712461500.2839077,2253183.43328621,540.6,-0.0,542.2,ASK
1428,1712461530.2496295,2253183.43328621,540.6,-0.0,542.2,ASK
1429,1712461560.304042,2253183.43328621,540.6,-0.0,542.2,ASK
1430,1712461566.4584832,2255289.84928121,540.7,-6.820935943709071e-07,542.2,ASK
1431,1712461566.478535,2257680.61328621,540.7,-7.741703525486433e-07,542.2,ASK
1432,1712461569.349743,2257680.61328711,540.6,-2.9132454955335606e-16,542.2,ASK
1433,1712461569.3609774,2263230.00285336,540.6,-1.7969874349573082e-06,542.2,ASK
1434,1712461590.3131137,2263230.00285336,540.6,-0.0,542.2,ASK
1435,1712461619.8787134,2268231.90453089,540.7,-1.6168576594612295e-06,542.2,ASK
1436,1712461620.2219782,2268231.90453089,540.7,-0.0,542.2,ASK
1437,1712461629.4287782,2270881.8953139,540.7,-8.558575608287239e-07,542.2,ASK
1438,1712461639.3536468,2270900.37960225,541.0,5.9698011187414065e-09,542.2,BID
1439,1712461639.4298947,2270918.87414496,540.7,-5.9731129307771534e-09,542.2,ASK
1440,1712461639.433468,2270937.36185064,540.9,-5.970904800769683e-09,542.2,ASK
1441,1712461639.436923,2270955.8529749,540.8,-5.9720088869036175e-09,542.2,ASK
1442,1712461639.4402325,2271728.21597125,540.7,-2.494471733141804e-07,542.2,ASK
1443,1712461639.4483411,2271728.21597265,540.7,-4.520809833244147e-16,542.2,ASK
1444,1712461650.3212209,2271728.21597265,540.7,-0.0,542.2,ASK
1445,1712461661.9090033,2271817.7316843,541.0,2.8892912099428818e-08,542.2,BID
1446,1712461661.9192858,2273983.84195865,541.0,6.991536189645221e-07,542.2,BID
1447,1712461666.3892117,2274307.47800885,541.0,1.0445973984066705e-07,542.2,BID
1448,1712461666.8886304,2274516.53583333,541.0,-6.747742083529547e-08,542.2,ASK
1449,1712461669.6686704,2274608.95727433,541.0,-2.9830791954684946e-08,542.2,ASK
1450,1712461680.2981677,2274608.95727433,541.0,-0.0,542.2,ASK
1451,1712461695.148693,2275174.30748395,541.1,1.823858733545079e-07,542.2,BID
1452,1712461710.3578334,2275174.30748395,541.1,0.0,542.2,BID
1453,1712461740.2739146,2275174.30748395,541.1,0.0,542.2,BID
1454,1712461770.295279,2275174.30748395,541.1,0.0,542.2,BID
1455,1712461790.709472,2275174.30748472,541.0,-2.482983134364382e-16,542.2,ASK
1456,1712461790.7140503,2277014.04508728,541.0,-5.934534605749065e-07,542.2,ASK
1457,1712461800.2745104,2277014.04508728,541.0,-0.0,542.2,ASK
1458,1712461802.0586593,2277198.85380928,541.1,5.993418246354517e-08,542.2,BID
1459,1712461802.759758,2277198.85381026,541.1,3.1788816286661833e-16,542.2,BID
1460,1712461830.269122,2277198.85381026,541.1,0.0,542.2,BID
1461,1712461860.3299737,2277198.85381026,541.1,0.0,542.2,BID
1462,1712461864.5893066,2277208.09053592,541.4,2.9954086709105982e-09,542.2,BID
1463,1712461884.0387654,2277312.61944816,541.1,-3.389803070997405e-08,542.2,ASK
1464,1712461890.276914,2277312.61944816,541.1,-0.0,542.2,ASK
1465,1712461893.7413642,2281754.65944743,541.1,-1.4404952567260292e-06,542.2,ASK
1466,1712461893.746442,2282639.16823616,541.1,-2.868345883664636e-07,542.2,ASK
1467,1712461920.24706,2282639.16823616,541.1,-0.0,542.2,ASK
1468,1712461950.3177326,2282639.16823616,541.1,-0.0,542.2,ASK
1469,1712461962.1086893,2282743.6971484,540.7,-3.386570113072248e-08,542.2,ASK
1470,1712461980.3057058,2282743.6971484,540.7,-0.0,542.2,ASK
1471,1712461998.268835,2285584.97312987,541.4,9.205112657708594e-07,542.2,BID
1472,1712461998.2711456,2285860.3650564,541.4,8.922096006397465e-08,542.2,BID
1473,1712461998.3591104,2288977.0329644,541.5,1.0097322258346832e-06,542.2,BID
1474,1712461998.3641698,2297476.18883164,541.5,2.7535405840051887e-06,542.2,BID
1475,1712462010.2720337,2297476.18883164,541.5,0.0,542.2,BID
1476,1712462040.3042178,2297476.18883164,541.5,0.0,542.2,BID
1477,1712462068.27885,2297485.43407984,541.8,2.9875369459683193e-09,542.2,BID
1478,1712462070.320677,2297485.43407984,541.8,0.0,542.2,BID
1479,1712462100.2400422,2297485.43407984,541.8,0.0,542.2,BID
1480,1712462130.2345295,2297485.43407984,541.8,0.0,542.2,BID
1481,1712462153.5589244,2297496.15682906,541.8,3.472740754371966e-09,542.2,BID
1482,1712462160.2994747,2297496.15682906,541.8,0.0,542.2,BID
1483,1712462190.2929032,2297496.15682906,541.8,0.0,542.2,BID
1484,1712462220.2896547,2297496.15682906,541.8,0.0,542.2,BID
1485,1712462250.253204,2297496.15682906,541.8,0.0,542.2,BID
1486,1712462262.639763,2298923.22985061,540.9,-4.621804739669525e-07,542.2,ASK
1487,1712462262.6453965,2299953.15537637,540.9,-3.335578911929979e-07,542.2,ASK
1488,1712462280.3112493,2299953.15537637,540.9,-0.0,542.2,ASK
1489,1712462310.2941191,2299953.15537637,540.9,-0.0,542.2,ASK
1490,1712462324.3993213,2299962.40233096,541.8,2.9934860314688904e-09,542.2,BID
1491,1712462324.4052746,2300540.65999061,541.8,1.871974399667309e-07,542.2,BID
1492,1712462340.244793,2300540.65999061,541.8,0.0,542.2,BID
1493,1712462370.2534418,2300540.65999061,541.8,0.0,542.2,BID
1494,1712462400.3048837,2300540.65999061,541.8,0.0,542.2,BID
1495,1712462430.272226,2300540.65999061,541.8,0.0,542.2,BID
1496,1712462446.1790552,2300551.81862925,541.6,-3.624078790366733e-09,542.2,ASK
1497,1712462448.9734273,2300570.27903169,541.7,-5.9955300198164635e-09,542.2,ASK
1498,1712462448.975597,2300577.58420325,541.6,-2.372557994169945e-09,542.2,ASK
1499,1712462460.3296776,2300577.58420325,541.6,-0.0,542.2,ASK
1500,1712462463.3393364,2300596.04119845,541.8,-5.994384486858239e-09,542.2,ASK
1501,1712462464.9886265,2300686.63020135,542.0,2.9421111495543373e-08,542.2,BID
1502,1712462467.7188182,2300705.08379057,541.9,-5.993278307046619e-09,542.2,ASK
1503,1712462472.349149,2300723.53397507,542.0,5.9921725364782485e-09,542.2,BID
1504,1712462481.7908432,2300804.49478767,542.0,2.6294108755320824e-08,542.2,BID
1505,1712462481.7958896,2310829.70976041,542.0,3.255946726844144e-06,542.2,BID
1506,1712462481.8003335,2314046.91195475,542.0,1.0448692604339062e-06,542.2,BID
1507,1712462481.9689505,2314046.91195497,542.0,-7.153438891532433e-17,542.2,ASK
1508,1712462481.9727714,2316207.99938097,542.0,-7.018687928629318e-07,542.2,ASK
1509,1712462490.3090873,2316207.99938097,542.0,-0.0,542.2,ASK
1510,1712462499.4789507,2316338.11090513,542.0,4.214112112432037e-08,542.2,BID
1511,1712462506.4587376,2322674.87597932,542.0,-2.052380726855454e-06,542.2,ASK
1512,1712462506.4986734,2325051.16288215,542.0,-7.696427725736042e-07,542.2,ASK
1513,1712462506.538803,2326476.93502384,542.0,-4.617856635415383e-07,542.2,ASK
1514,1712462520.2720597,2326476.93502384,542.0,-0.0,542.2,ASK
1515,1712462539.3492165,2326661.43686885,542.0,-5.964978076705177e-08,542.2,ASK
1516,1712462550.2588773,2326661.43686885,542.0,-0.0,542.2,ASK
1517,1712462580.3125572,2326661.43686885,542.0,-0.0,542.2,ASK
1518,1712462610.2888987,2326661.43686885,542.0,-0.0,542.2,ASK
1519,1712462638.6789892,2326716.81807616,541.7,-1.790426581318114e-08,542.2,ASK
1520,1712462640.344468,2326716.81807616,541.7,-0.0,542.2,ASK
1521,1712462651.3592925,2326716.81807689,541.6,-2.3605112711403285e-16,542.2,ASK
1522,1712462651.3687186,2328260.92785361,541.6,-4.991925077090405e-07,542.2,ASK
1523,1712462658.0489862,2328279.39507429,541.5,-5.9702349799307516e-09,542.2,ASK
1524,1712462664.6187427,2328297.86570599,541.4,-5.971337722427998e-09,542.2,ASK
1525,1712462666.210943,2328657.03452756,541.4,1.161150505188126e-07,542.2,BID
1526,1712462668.958819,2330508.09002225,541.4,5.984244438019767e-07,542.2,BID
1527,1712462670.2440438,2330508.09002225,541.4,0.0,542.2,BID
1528,1712462688.549088,2330526.56406622,541.3,-5.9684797078695324e-09,542.2,ASK
1529,1712462688.60881,2331787.83630037,541.3,4.074840217901424e-07,542.2,BID
1530,1712462688.648617,2332701.91543714,541.5,2.9531502620977304e-07,542.2,BID
1531,1712462700.3461168,2332701.91543714,541.5,0.0,542.2,BID
1532,1712462730.2954314,2332701.91543714,541.5,0.0,542.2,BID
1533,1712462739.2988095,2332725.9198046,541.4,7.773060981513517e-09,542.2,BID
1534,1712462760.3060668,2332725.9198046,541.4,0.0,542.2,BID
1535,1712462782.4489264,2332744.3972621,541.2,-5.9833194832127994e-09,542.2,ASK
1536,1712462782.5487032,2332762.861068,541.2,5.978898859601555e-09,542.2,BID
1537,1712462790.2487493,2332762.861068,541.2,0.0,542.2,BID
