,time,acc_trade_volume,trade_price,dev,high,ask_bid
0,1712451675.0979357,506376.21039158,140.3,0.0,140.6,BID
1,1712451690.327163,506376.21039158,140.3,0.0,140.6,BID
2,1712451700.6845906,507253.89061915,139.9,-9.231095613330316e-07,140.6,ASK
3,1712451700.6860423,512969.40312737,139.9,-6.011351376644279e-06,140.6,ASK
4,1712451720.2278504,512969.40312737,139.9,-0.0,140.6,ASK
5,1712451750.2320447,512969.40312737,139.9,-0.0,140.6,ASK
6,1712451767.9943378,522126.88023752,139.8,-9.622139702864772e-06,140.6,ASK
7,1712451767.9953108,535534.91429566,139.9,-1.4088375575101938e-05,140.6,ASK
8,1712451767.996243,553747.52159179,139.8,-1.9136739262229765e-05,140.6,ASK
9,1712451768.094204,553747.52159224,139.8,4.727760389069312e-16,140.6,BID
10,1712451768.0952363,562443.58293424,139.8,9.137311083711307e-06,140.6,BID
11,1712451780.336028,562443.58293424,139.8,0.0,140.6,BID
12,1712451810.346985,562443.58293424,139.8,0.0,140.6,BID
13,1712451840.237266,562443.58293424,139.8,0.0,140.6,BID
14,1712451870.238661,562443.58293424,139.8,0.0,140.6,BID
15,1712451894.6843135,566031.20404508,139.9,-3.742458414212108e-06,140.6,ASK
16,1712451900.344417,566031.20404508,139.9,-0.0,140.6,ASK
17,1712451916.5862038,566325.25182102,139.9,-3.103363175237868e-07,140.6,ASK
18,1712451930.3359866,566325.25182102,139.9,-0.0,140.6,ASK
19,1712451960.2155263,566325.25182102,139.9,-0.0,140.6,ASK
20,1712451990.2260923,566325.25182102,139.9,-0.0,140.6,ASK
21,1712452020.3462071,566325.25182102,139.9,-0.0,140.6,ASK
22,1712452050.3489065,566325.25182102,139.9,-0.0,140.6,ASK
23,1712452080.208161,566325.25182102,139.9,-0.0,140.6,ASK
24,1712452110.2344432,566325.25182102,139.9,-0.0,140.6,ASK
25,1712452140.3343482,566325.25182102,139.9,-0.0,140.6,ASK
26,1712452156.6043258,566699.45050752,139.9,3.949099782963869e-07,140.6,BID
27,1712452156.614639,567405.4214657,139.9,7.450453083639595e-07,140.6,BID
28,1712452170.3544996,567405.4214657,139.9,0.0,140.6,BID
29,1712452183.2443974,571307.81414957,139.9,-4.1177271102835975e-06,140.6,ASK
30,1712452200.291422,571307.81414957,139.9,-0.0,140.6,ASK
31,1712452230.238789,571307.81414957,139.9,-0.0,140.6,ASK
32,1712452231.0804777,572022.61043262,139.9,7.578430161139093e-07,140.6,BID
33,1712452260.344792,572022.61043262,139.9,0.0,140.6,BID
34,1712452290.34803,572022.61043262,139.9,0.0,140.6,BID
35,1712452320.2166464,572022.61043262,139.9,0.0,140.6,BID
36,1712452350.2420638,572022.61043262,139.9,0.0,140.6,BID
37,1712452380.3545303,572022.61043262,139.9,0.0,140.6,BID
38,1712452410.3395295,572022.61043262,139.9,0.0,140.6,BID
39,1712452440.3308184,572022.61043262,139.9,0.0,140.6,BID
40,1712452459.284373,572094.09006092,139.9,7.577626763654324e-08,140.6,BID
41,1712452470.2432146,572094.09006092,139.9,0.0,140.6,BID
42,1712452500.2350206,572094.09006092,139.9,0.0,140.6,BID
43,1712452530.2240713,572094.09006092,139.9,0.0,140.6,BID
44,1712452560.3295336,572094.09006092,139.9,0.0,140.6,BID
45,1712452589.8738306,574527.14801371,139.9,2.6956439525466813e-06,140.6,BID
46,1712452590.3485,574527.14801371,139.9,0.0,140.6,BID
47,1712452620.230142,574527.14801371,139.9,0.0,140.6,BID
48,1712452650.22695,574527.14801371,139.9,0.0,140.6,BID
49,1712452656.8744645,574815.60110641,139.9,3.194637053835315e-07,140.6,BID
50,1712452656.8761635,577856.94844587,139.9,3.368312266399416e-06,140.6,BID
51,1712452674.99404,586866.86117344,139.9,9.978537855808187e-06,140.6,BID
52,1712452674.9956696,594995.09338391,139.9,9.002070859664046e-06,140.6,BID
53,1712452679.3339329,595108.09338391,139.9,-1.2514824635936622e-07,140.6,ASK
54,1712452680.3421843,595108.09338391,139.9,-0.0,140.6,ASK
55,1712452710.3501,595108.09338391,139.9,-0.0,140.6,ASK
56,1712452740.2240057,595108.09338391,139.9,-0.0,140.6,ASK
57,1712452743.1555216,595183.03985071,140.1,8.273986485516582e-08,140.6,BID
58,1712452755.8640325,596551.12135547,140.1,1.5103430975186212e-06,140.6,BID
59,1712452755.8656569,600050.15630397,140.1,3.862886285689666e-06,140.6,BID
60,1712452755.9440994,603345.30220801,140.2,3.6377955949022985e-06,140.6,BID
61,1712452756.024093,606021.89299972,140.3,2.9549192888547845e-06,140.6,BID
62,1712452770.2397316,606021.89299972,140.3,0.0,140.6,BID
63,1712452795.8339405,619002.73761839,140.3,1.4306509939898049e-05,140.6,BID
64,1712452800.2495444,619002.73761839,140.3,0.0,140.6,BID
65,1712452814.7840056,621141.01274312,140.3,2.382469063458992e-06,140.6,BID
66,1712452830.2244976,621141.01274312,140.3,0.0,140.6,BID
67,1712452848.1556182,624728.05345534,140.3,3.995350171721448e-06,140.6,BID
68,1712452848.156489,625699.29668026,140.3,1.081798924736997e-06,140.6,BID
69,1712452860.3541734,625699.29668026,140.3,0.0,140.6,BID
70,1712452879.184201,625919.37908381,140.3,2.4495968520672465e-07,140.6,BID
71,1712452890.3435977,625919.37908381,140.3,0.0,140.6,BID
72,1712452916.195498,626945.60398622,140.3,1.1421862255727975e-06,140.6,BID
73,1712452916.6139288,633046.96283291,140.3,-6.7907999655832246e-06,140.6,ASK
74,1712452920.2377434,633046.96283291,140.3,-0.0,140.6,ASK
75,1712452950.223858,633046.96283291,140.3,-0.0,140.6,ASK
76,1712452980.3331363,633046.96283291,140.3,-0.0,140.6,ASK
77,1712453010.3875449,633046.96283291,140.3,-0.0,140.6,ASK
78,1712453018.82727,635259.55575241,140.2,2.4598735772324764e-06,140.6,BID
79,1712453035.2738657,639141.22463919,140.1,4.315486434944177e-06,140.6,BID
80,1712453040.2090385,639141.22463919,140.1,0.0,140.6,BID
81,1712453070.220375,639141.22463919,140.1,0.0,140.6,BID
82,1712453087.1841698,639141.22464018,140.0,1.0995943716696809e-15,140.6,BID
83,1712453087.1859694,645426.41257218,140.0,6.980995878002279e-06,140.6,BID
84,1712453100.3544128,645426.41257218,140.0,0.0,140.6,BID
85,1712453106.0640776,645526.41257218,139.9,-1.116866271022298e-07,140.6,ASK
86,1712453106.0654483,650572.87433057,139.9,-5.636222925949614e-06,140.6,ASK
87,1712453106.163694,653759.26493057,139.9,3.558772187442549e-06,140.6,BID
88,1712453106.184091,658434.94673057,139.9,5.222111296452848e-06,140.6,BID
89,1712453112.0707512,658752.56043057,139.9,3.5473202874458045e-07,140.6,BID
90,1712453112.103995,659218.62413057,139.9,5.205308266777885e-07,140.6,BID
91,1712453112.187535,659722.33823335,139.9,5.625812916332195e-07,140.6,BID
92,1712453130.3524644,659722.33823335,139.9,0.0,140.6,BID
93,1712453160.278708,659722.33823335,139.9,0.0,140.6,BID
94,1712453190.2321694,659722.33823335,139.9,0.0,140.6,BID
95,1712453212.4773643,659722.33823354,139.9,2.1172027881345784e-16,140.6,BID
96,1712453212.4793246,663372.68885054,139.9,4.067866954739256e-06,140.6,BID
97,1712453220.3451822,663372.68885054,139.9,0.0,140.6,BID
98,1712453226.0463154,663422.68885054,140.4,5.5687161274950914e-08,140.6,BID
99,1712453250.346413,663422.68885054,140.4,0.0,140.6,BID
100,1712453280.3565168,663422.68885054,140.4,0.0,140.6,BID
101,1712453310.3609543,663422.68885054,140.4,0.0,140.6,BID
102,1712453340.206562,663422.68885054,140.4,0.0,140.6,BID
103,1712453370.22622,663422.68885054,140.4,0.0,140.6,BID
104,1712453400.44327,663422.68885054,140.4,0.0,140.6,BID
105,1712453422.8540332,665297.68885054,140.2,-2.1170131564306283e-06,140.6,ASK
106,1712453422.9335666,668422.68885054,140.2,-3.528355260717714e-06,140.6,ASK
107,1712453423.193565,673422.68885054,140.1,-5.645368417148342e-06,140.6,ASK
108,1712453430.2339935,673422.68885054,140.1,-0.0,140.6,ASK
109,1712453442.0138474,675680.40589622,140.4,2.5451015404577706e-06,140.6,BID
110,1712453442.0537026,687660.5841479,140.4,-1.3505133507164276e-05,140.6,ASK
111,1712453460.346192,687660.5841479,140.4,-0.0,140.6,ASK
112,1712453490.3384564,687660.5841479,140.4,-0.0,140.6,ASK
113,1712453497.7637253,689452.21629075,140.0,2.015147713262109e-06,140.6,BID
114,1712453517.3838687,689492.04189075,139.8,-4.479405389648131e-08,140.6,ASK
115,1712453517.3854587,691007.34947301,139.8,-1.7043502046254997e-06,140.6,ASK
116,1712453517.3870535,691078.88023123,139.8,-8.045459802125056e-08,140.6,ASK
117,1712453517.4866323,691201.43867843,139.8,1.3784826064972924e-07,140.6,BID
118,1712453520.227502,691201.43867843,139.8,0.0,140.6,BID
119,1712453528.4637544,707204.6686442,139.8,1.7989694093942898e-05,140.6,BID
120,1712453550.2152612,707204.6686442,139.8,0.0,140.6,BID
121,1712453580.3266482,707204.6686442,139.8,0.0,140.6,BID
122,1712453610.3470209,707204.6686442,139.8,0.0,140.6,BID
123,1712453640.2274375,707204.6686442,139.8,0.0,140.6,BID
124,1712453654.6346636,708355.04536114,140.7,1.2899276551565838e-06,140.7,BID
125,1712453654.6357522,709407.67694009,140.5,1.1803251616482788e-06,140.7,BID
126,1712453654.6366322,716108.21564375,141.0,7.513373707083022e-06,141.0,BID
127,1712453654.6375158,717160.8472227,140.6,1.1803251616482788e-06,141.0,BID
128,1712453654.6385548,721610.8472227,140.8,4.989824620855725e-06,141.0,BID
129,1712453654.6394746,722638.94073203,141.0,1.1528104057070882e-06,141.0,BID
130,1712453654.6404805,729044.63468221,140.5,7.182761659837109e-06,141.0,BID
131,1712453654.6413836,729423.36163147,140.8,4.2466990022450906e-07,141.0,BID
132,1712453654.643669,729712.51293097,140.9,3.242279266062118e-07,141.0,BID
133,1712453654.6446044,730554.50504879,141.0,9.441332584414568e-07,141.0,BID
134,1712453654.6455288,735804.50504879,140.9,5.886871743706193e-06,141.0,BID
135,1712453654.646454,742727.96206076,140.6,7.763333990958222e-06,141.0,BID
136,1712453660.4136608,742894.85124634,141.0,1.871343296992003e-07,141.0,BID
137,1712453664.4559956,743065.84987835,141.0,1.917422885700017e-07,141.0,BID
138,1712453670.2495322,743065.84987835,141.0,0.0,141.0,BID
139,1712453700.3566525,743065.84987835,141.0,0.0,141.0,BID
140,1712453702.6335337,743101.34633225,140.9,3.9578476964255887e-08,141.0,BID
141,1712453717.1720817,743140.79634515,140.9,4.3986687549073575e-08,141.0,BID
142,1712453717.265703,749346.40003493,140.9,-6.919236027833561e-06,141.0,ASK
143,1712453717.2674148,750198.57841173,140.9,-9.501772303968295e-07,141.0,ASK
144,1712453717.327465,759309.58499683,140.1,-1.0158754597441512e-05,141.0,ASK
145,1712453717.3917212,759466.98460858,141.0,1.7550026054378474e-07,141.0,BID
146,1712453718.1441236,760176.20446674,140.1,-7.907787605446849e-07,141.0,ASK
147,1712453730.360003,760176.20446674,140.1,-0.0,141.0,ASK
148,1712453760.215944,760176.20446674,140.1,-0.0,141.0,ASK
149,1712453790.2284298,760176.20446674,140.1,-0.0,141.0,ASK
150,1712453820.3336177,760176.20446674,140.1,-0.0,141.0,ASK
151,1712453850.3449025,760176.20446674,140.1,-0.0,141.0,ASK
152,1712453880.2275496,760176.20446674,140.1,-0.0,141.0,ASK
153,1712453910.2168827,760176.20446674,140.1,-0.0,141.0,ASK
154,1712453940.3455143,760176.20446674,140.1,-0.0,141.0,ASK
155,1712453970.353861,760176.20446674,140.1,-0.0,141.0,ASK
156,1712453975.5813918,767124.77477366,141.0,7.72693918579817e-06,141.0,BID
157,1712454000.2697437,767124.77477366,141.0,0.0,141.0,BID
158,1712454030.2383046,767124.77477366,141.0,0.0,141.0,BID
159,1712454046.923976,769996.43091,141.0,3.217459493007996e-06,141.0,BID
160,1712454046.9261727,770711.22719305,141.0,8.008716842390346e-07,141.0,BID
161,1712454046.9284122,773150.84086035,141.2,2.733390691801609e-06,141.2,BID
162,1712454046.9306018,774199.01074068,141.1,1.1743899588378377e-06,141.2,BID
163,1712454046.9326231,778386.5956481,141.2,4.6918517306628574e-06,141.2,BID
164,1712454059.3336985,781927.67213535,141.2,3.967491098669885e-06,141.2,BID
165,1712454060.3500152,781927.67213535,141.2,0.0,141.2,BID
166,1712454090.354679,781927.67213535,141.2,0.0,141.2,BID
167,1712454120.244021,781927.67213535,141.2,0.0,141.2,BID
168,1712454150.226393,781927.67213535,141.2,0.0,141.2,BID
169,1712454150.8536828,781998.49366509,141.2,7.916450221484988e-08,141.2,BID
170,1712454180.3439896,781998.49366509,141.2,0.0,141.2,BID
171,1712454204.743606,782069.31519483,141.1,7.916361732174162e-08,141.2,BID
172,1712454210.3372908,782069.31519483,141.1,0.0,141.2,BID
173,1712454213.0835946,782122.45586509,141.1,5.9399461020859456e-08,141.2,BID
174,1712454213.0855155,782140.13672457,141.2,1.9763272054229984e-08,141.2,BID
175,1712454240.2173524,782140.13672457,141.2,0.0,141.2,BID
176,1712454270.212607,782140.13672457,141.2,0.0,141.2,BID
177,1712454300.2443829,782140.13672457,141.2,0.0,141.2,BID
178,1712454330.2306716,782140.13672457,141.2,0.0,141.2,BID
179,1712454360.3573048,782140.13672457,141.2,0.0,141.2,BID
180,1712454390.3335202,782140.13672457,141.2,0.0,141.2,BID
181,1712454420.2337143,782140.13672457,141.2,0.0,141.2,BID
182,1712454450.2374475,782140.13672457,141.2,0.0,141.2,BID
183,1712454480.3649657,782140.13672457,141.2,0.0,141.2,BID
184,1712454510.3574398,782140.13672457,141.2,0.0,141.2,BID
185,1712454522.7037115,785656.31112682,140.2,-3.995740031504464e-06,141.2,ASK
186,1712454540.2384062,785656.31112682,140.2,-0.0,141.2,ASK
187,1712454570.2337856,785656.31112682,140.2,-0.0,141.2,ASK
188,1712454600.2580278,785656.31112682,140.2,-0.0,141.2,ASK
189,1712454630.233446,785656.31112682,140.2,-0.0,141.2,ASK
190,1712454660.3327396,785656.31112682,140.2,-0.0,141.2,ASK
191,1712454690.338508,785656.31112682,140.2,-0.0,141.2,ASK
192,1712454720.2264547,785656.31112682,140.2,-0.0,141.2,ASK
193,1712454724.610536,785766.31112682,141.2,1.255806302411912e-07,141.2,BID
194,1712454724.6127925,787780.95701917,141.2,2.3000045534012767e-06,141.2,BID
195,1712454750.2312078,787780.95701917,141.2,0.0,141.2,BID
196,1712454780.3434217,787780.95701917,141.2,0.0,141.2,BID
197,1712454810.3415926,787780.95701917,141.2,0.0,141.2,BID
198,1712454840.2281108,787780.95701917,141.2,0.0,141.2,BID
199,1712454870.224075,787780.95701917,141.2,0.0,141.2,BID
200,1712454900.2559304,787780.95701917,141.2,0.0,141.2,BID
201,1712454930.2462378,787780.95701917,141.2,0.0,141.2,BID
202,1712454960.3538027,787780.95701917,141.2,0.0,141.2,BID
203,1712454983.6135676,787816.38194834,141.1,4.042874373886176e-08,141.2,BID
204,1712454990.338159,787816.38194834,141.1,0.0,141.2,BID
205,1712455004.0335488,789241.18629598,140.3,-1.626050428441188e-06,141.2,ASK
206,1712455004.2691014,789241.18629648,140.3,5.706267013729745e-16,141.2,BID
207,1712455004.2705314,792374.66588548,140.3,3.576067013442657e-06,141.2,BID
208,1712455020.272305,792374.66588548,140.3,0.0,141.2,BID
209,1712455050.2430518,792374.66588548,140.3,0.0,141.2,BID
210,1712455068.9350665,792417.03876683,140.3,-4.83225582433549e-08,141.2,ASK
211,1712455080.3435123,792417.03876683,140.3,-0.0,141.2,ASK
212,1712455095.9927354,793417.03876683,141.1,1.140404643153122e-06,141.2,BID
213,1712455108.6936276,794417.03876683,141.1,1.140404643153122e-06,141.2,BID
214,1712455110.3376324,794417.03876683,141.1,0.0,141.2,BID
215,1712455130.793609,794429.6057999,141.1,1.4326892151900774e-08,141.2,BID
216,1712455130.8937268,794709.23852095,141.1,-3.187918591685312e-07,141.2,ASK
217,1712455140.247575,794709.23852095,141.1,-0.0,141.2,ASK
218,1712455166.8938658,796835.39018643,141.1,2.4237792437214444e-06,141.2,BID
219,1712455170.2410674,796835.39018643,141.1,0.0,141.2,BID
220,1712455170.919839,807261.17658451,141.1,1.188116816059936e-05,141.2,BID
221,1712455200.4488647,807261.17658451,141.1,0.0,141.2,BID
222,1712455220.1111562,808261.17658451,141.1,1.138502132854494e-06,141.2,BID
223,1712455220.8741393,808402.92002887,141.1,1.6137521372197698e-07,141.2,BID
224,1712455230.337406,808402.92002887,141.1,0.0,141.2,BID
225,1712455260.2363293,808402.92002887,141.1,0.0,141.2,BID
226,1712455290.236448,808402.92002887,141.1,0.0,141.2,BID
227,1712455320.3383126,808402.92002887,141.1,0.0,141.2,BID
228,1712455350.8685462,808402.92002887,141.1,0.0,141.2,BID
229,1712455380.242002,808402.92002887,141.1,0.0,141.2,BID
230,1712455384.7086227,808457.92002887,141.0,6.260613454722387e-08,141.2,BID
231,1712455410.2414317,808457.92002887,141.0,0.0,141.2,BID
232,1712455440.3438437,808457.92002887,141.0,0.0,141.2,BID
233,1712455470.32895,808457.92002887,141.0,0.0,141.2,BID
234,1712455500.247876,808457.92002887,141.0,0.0,141.2,BID
235,1712455501.384721,813378.7292628,140.6,-5.605095712054203e-06,141.2,ASK
236,1712455528.0936422,814768.30765333,140.6,-1.582812807417638e-06,141.2,ASK
237,1712455530.2136965,814768.30765333,140.6,-0.0,141.2,ASK
238,1712455560.4078608,814768.30765333,140.6,-0.0,141.2,ASK
239,1712455590.3442822,814768.30765333,140.6,-0.0,141.2,ASK
240,1712455596.723895,824768.30765333,140.9,1.1379097508931152e-05,141.2,BID
241,1712455596.7937796,829054.02193905,140.9,4.876756075262737e-06,141.2,BID
242,1712455596.8066375,829217.10363247,140.9,1.855722491347271e-07,141.2,BID
243,1712455596.8088331,829553.88245032,141.0,3.832239007256943e-07,141.2,BID
244,1712455596.8152995,829716.96414374,141.0,1.8557224913485952e-07,141.2,BID
245,1712455596.817906,859263.83377919,141.0,3.362167106654621e-05,141.2,BID
246,1712455597.0038002,864659.72402404,141.1,6.140036124363939e-06,141.2,BID
247,1712455597.007055,864822.80571746,141.1,1.855722491347271e-07,141.2,BID
248,1712455597.0965812,869827.01488865,141.2,5.694338411405905e-06,141.2,BID
249,1712455597.0979354,872011.31281162,141.2,2.4855339054030422e-06,141.2,BID
250,1712455620.2508647,872011.31281162,141.2,0.0,141.2,BID
251,1712455650.2770612,872011.31281162,141.2,0.0,141.2,BID
252,1712455680.346829,872011.31281162,141.2,0.0,141.2,BID
253,1712455710.4234123,872011.31281162,141.2,0.0,141.2,BID
254,1712455718.9037724,872046.78410857,141.1,-3.999577373089647e-08,141.2,ASK
255,1712455733.064288,872209.86580199,141.3,1.838832822739122e-07,141.3,BID
256,1712455733.0657766,885467.69548587,141.3,1.4948908040958107e-05,141.3,BID
257,1712455733.0670958,886883.1236529,141.3,1.5959705330383138e-06,141.3,BID
258,1712455733.0684206,889929.42661997,141.2,3.434868602588683e-06,141.3,BID
259,1712455733.0697398,889966.55090497,141.4,4.185960566581304e-08,141.4,BID
260,1712455733.071076,891966.55090497,141.3,2.255106363168068e-06,141.4,BID
261,1712455733.072411,892002.38454805,141.4,4.0404338262564806e-08,141.4,BID
262,1712455733.0737712,896802.38454805,141.3,5.412255271603363e-06,141.4,BID
263,1712455733.0751202,903730.27633071,141.5,7.811566421208209e-06,141.5,BID
264,1712455733.0764751,930053.33393966,141.4,2.968064735599133e-05,141.5,BID
265,1712455733.0778246,930128.33393966,141.5,8.456648861880254e-08,141.5,BID
266,1712455733.2898788,936221.94153966,141.6,6.870866636704635e-06,141.6,BID
267,1712455733.292208,940374.62223966,141.6,4.682368335387642e-06,141.6,BID
268,1712455734.3438416,940475.95604347,141.7,1.1425925288791737e-07,141.7,BID
269,1712455740.299862,940475.95604347,141.7,0.0,141.7,BID
270,1712455740.6814256,969110.31367263,141.5,-3.193813313165249e-05,141.7,ASK
271,1712455759.1939378,969463.17182365,141.6,-3.935702260137138e-07,141.7,ASK
272,1712455759.1968098,983488.27348182,141.5,-1.564329012526666e-05,141.7,ASK
273,1712455770.2554357,983488.27348182,141.5,-0.0,141.7,ASK
274,1712455777.4708097,1066390.95133561,141.5,-9.184433933800492e-05,141.7,ASK
275,1712455783.4246223,1071812.17793773,141.5,-6.005945628818736e-06,141.7,ASK
276,1712455800.3131523,1071812.17793773,141.5,-0.0,141.7,ASK
277,1712455802.5540128,1072516.40328984,141.7,7.805844396714665e-07,141.7,BID
278,1712455809.6738598,1074249.96978984,141.5,-1.921536949757689e-06,141.7,ASK
279,1712455810.587312,1078219.69456048,141.6,4.40016164776682e-06,141.7,BID
280,1712455830.2849848,1078219.69456048,141.6,0.0,141.7,BID
281,1712455860.3979936,1078219.69456048,141.6,0.0,141.7,BID
282,1712455863.5099947,1079007.11936048,141.5,-8.719284113967838e-07,141.7,ASK
283,1712455865.5553238,1112174.43198237,141.5,-3.6726709908943744e-05,141.7,ASK
284,1712455865.753657,1119322.97642614,141.5,-7.91570064932699e-06,141.7,ASK
285,1712455865.8539314,1136544.46985883,141.5,-1.9069642473347533e-05,141.7,ASK
286,1712455865.9336388,1151075.10494266,141.5,-1.6090010836884396e-05,141.7,ASK
287,1712455865.95479,1162974.28515258,141.5,-1.3176157643701945e-05,141.7,ASK
288,1712455866.0541184,1165665.14350143,141.5,-2.979631636452052e-06,141.7,ASK
289,1712455870.4669795,1169617.35730143,141.5,-4.376351240315033e-06,141.7,ASK
290,1712455881.8348193,1204398.76486543,141.5,-3.851402374350624e-05,141.7,ASK
291,1712455881.9336956,1225798.7324083,141.5,-2.369653547056078e-05,141.7,ASK
292,1712455881.9363508,1257182.00024843,141.5,-3.4751207826178575e-05,141.7,ASK
293,1712455881.938592,1264544.20780574,141.5,-8.152293323526578e-06,141.7,ASK
294,1712455890.3336797,1264544.20780574,141.5,-0.0,141.7,ASK
295,1712455897.3372087,1264599.82572719,141.4,5.983966029393295e-08,141.7,BID
296,1712455906.533683,1264952.68387821,140.7,-3.796422329084522e-07,141.7,ASK
297,1712455920.2949278,1264952.68387821,140.7,-0.0,141.7,ASK
298,1712455942.7961838,1271201.26655699,140.6,-6.722472179579428e-06,141.7,ASK
299,1712455942.8037913,1271887.49663826,140.6,-7.382734401185107e-07,141.7,ASK
300,1712455950.3172357,1271887.49663826,140.6,-0.0,141.7,ASK
301,1712455980.3892214,1271887.49663826,140.6,-0.0,141.7,ASK
302,1712456010.349292,1271887.49663826,140.6,-0.0,141.7,ASK
303,1712456040.2699008,1271887.49663826,140.6,-0.0,141.7,ASK
304,1712456047.670942,1271924.59604478,140.6,-3.9871183534501343e-08,141.7,ASK
305,1712456070.2747855,1271924.59604478,140.6,-0.0,141.7,ASK
306,1712456100.3279436,1271924.59604478,140.6,-0.0,141.7,ASK
307,1712456119.443748,1271970.53737211,141.5,5.084087086336019e-08,141.7,BID
308,1712456130.3585737,1271970.53737211,141.5,0.0,141.7,BID
309,1712456160.2900293,1271970.53737211,141.5,0.0,141.7,BID
310,1712456161.1640198,1272005.88719543,141.5,3.9119524355537735e-08,141.7,BID
311,1712456190.3268473,1272005.88719543,141.5,0.0,141.7,BID
312,1712456220.3379471,1272005.88719543,141.5,0.0,141.7,BID
313,1712456225.2841096,1272076.55857352,141.4,7.820733269627546e-08,141.7,BID
314,1712456250.372714,1272076.55857352,141.4,0.0,141.7,BID
315,1712456280.2986538,1272076.55857352,141.4,0.0,141.7,BID
316,1712456310.2647076,1272076.55857352,141.4,0.0,141.7,BID
317,1712456340.3459034,1272076.55857352,141.4,0.0,141.7,BID
318,1712456349.14408,1272140.20779558,141.4,7.043559886832765e-08,141.7,BID
319,1712456370.350333,1272140.20779558,141.4,0.0,141.7,BID
320,1712456390.0640197,1275343.9595265,141.4,3.545305300655612e-06,141.7,BID
321,1712456400.3120358,1275343.9595265,141.4,0.0,141.7,BID
322,1712456400.644314,1275390.1949306,141.4,5.1283756183409294e-08,141.7,BID
323,1712456403.2580974,1282514.89990484,141.4,7.902637381239137e-06,141.7,BID
324,1712456430.331643,1282514.89990484,141.4,0.0,141.7,BID
325,1712456440.4840486,1289590.17603175,140.6,-7.838995100208875e-06,141.7,ASK
326,1712456440.486629,1293143.83630182,140.7,-3.937249224653434e-06,141.7,ASK
327,1712456440.4888735,1293532.23913185,140.5,-4.30327781827887e-07,141.7,ASK
328,1712456460.3718631,1293532.23913185,140.5,-0.0,141.7,ASK
329,1712456490.3645115,1293532.23913185,140.5,-0.0,141.7,ASK
330,1712456520.3075144,1293532.23913185,140.5,-0.0,141.7,ASK
331,1712456550.3190367,1293532.23913185,140.5,-0.0,141.7,ASK
332,1712456580.3449423,1293532.23913185,140.5,-0.0,141.7,ASK
333,1712456610.3688445,1293532.23913185,140.5,-0.0,141.7,ASK
334,1712456640.3045516,1293532.23913185,140.5,-0.0,141.7,ASK
335,1712456665.354239,1300261.27402424,140.5,-7.442603983181474e-06,141.7,ASK
336,1712456665.3653996,1300461.27402424,140.5,-2.212086607426704e-07,141.7,ASK
337,1712456665.3682742,1301173.01779648,140.5,-7.872194332458689e-07,141.7,ASK
338,1712456665.371111,1308290.45551889,140.5,-7.872194332468219e-06,141.7,ASK
339,1712456665.6327069,1316187.35646543,140.5,8.734314412008264e-06,141.7,BID
340,1712456665.6347947,1329348.85804302,140.5,1.455719068670602e-05,141.7,BID
341,1712456670.2781038,1329348.85804302,140.5,0.0,141.7,BID
342,1712456700.3068075,1329348.85804302,140.5,0.0,141.7,BID
343,1712456730.2929533,1329348.85804302,140.5,0.0,141.7,BID
344,1712456760.367628,1329348.85804302,140.5,0.0,141.7,BID
345,1712456773.894101,1336281.62340871,140.5,-7.687256339991637e-06,141.7,ASK
346,1712456790.3651843,1336281.62340871,140.5,-0.0,141.7,ASK
347,1712456796.515869,1336708.66967205,140.5,-4.7301071262601893e-07,141.7,ASK
348,1712456796.51834,1337206.53595939,140.6,-5.514533379245468e-07,141.7,ASK
349,1712456796.5640635,1339748.00609155,140.5,2.8150172511243404e-06,141.7,BID
350,1712456820.3151896,1339748.00609155,140.5,0.0,141.7,BID
351,1712456850.2855122,1339748.00609155,140.5,0.0,141.7,BID
352,1712456878.0641394,1339961.68130523,140.4,-2.3654619022331545e-07,141.7,ASK
353,1712456880.396388,1339961.68130523,140.4,-0.0,141.7,ASK
354,1712456910.404753,1339961.68130523,140.4,-0.0,141.7,ASK
355,1712456940.2894828,1339961.68130523,140.4,-0.0,141.7,ASK
356,1712456970.2856247,1339961.68130523,140.4,-0.0,141.7,ASK
357,1712457000.3482516,1339961.68130523,140.4,-0.0,141.7,ASK
358,1712457030.3091118,1339961.68130523,140.4,-0.0,141.7,ASK
359,1712457060.3791375,1339961.68130523,140.4,-0.0,141.7,ASK
360,1712457090.3916547,1339961.68130523,140.4,-0.0,141.7,ASK
361,1712457120.310295,1339961.68130523,140.4,-0.0,141.7,ASK
362,1712457150.3114057,1339961.68130523,140.4,-0.0,141.7,ASK
363,1712457180.329115,1339961.68130523,140.4,-0.0,141.7,ASK
364,1712457210.365348,1339961.68130523,140.4,-0.0,141.7,ASK
365,1712457238.1840608,1340594.59269763,140.5,-7.007742912028581e-07,141.7,ASK
366,1712457240.281446,1340594.59269763,140.5,-0.0,141.7,ASK
367,1712457270.3108518,1340594.59269763,140.5,-0.0,141.7,ASK
368,1712457300.364036,1340594.59269763,140.5,-0.0,141.7,ASK
369,1712457330.3636065,1340594.59269763,140.5,-0.0,141.7,ASK
370,1712457360.30371,1340594.59269763,140.5,-0.0,141.7,ASK
371,1712457390.309877,1340594.59269763,140.5,-0.0,141.7,ASK
372,1712457420.3797288,1340594.59269763,140.5,-0.0,141.7,ASK
373,1712457450.394139,1340594.59269763,140.5,-0.0,141.7,ASK
374,1712457480.2828286,1340594.59269763,140.5,-0.0,141.7,ASK
375,1712457510.3172092,1340594.59269763,140.5,-0.0,141.7,ASK
376,1712457540.3660648,1340594.59269763,140.5,-0.0,141.7,ASK
377,1712457550.0342295,1342810.68415423,140.5,-2.454589737417032e-06,141.7,ASK
378,1712457550.0376954,1347753.23827878,140.5,-5.474477415910348e-06,141.7,ASK
379,1712457570.3907244,1347753.23827878,140.5,-0.0,141.7,ASK
380,1712457600.332862,1347753.23827878,140.5,-0.0,141.7,ASK
381,1712457630.3149877,1347753.23827878,140.5,-0.0,141.7,ASK
382,1712457660.392434,1347753.23827878,140.5,-0.0,141.7,ASK
383,1712457690.361159,1347753.23827878,140.5,-0.0,141.7,ASK
384,1712457696.3924296,1349928.12187664,140.5,-2.4062663796892424e-06,141.7,ASK
385,1712457696.3961468,1350364.33895848,140.5,-4.826255985884982e-07,141.7,ASK
386,1712457696.3978622,1354350.94964174,140.4,-4.410740540540667e-06,141.7,ASK
387,1712457696.3996124,1355105.53051026,140.4,-8.348596570699562e-07,141.7,ASK
388,1712457696.4013774,1357340.76182698,140.5,-2.4730344067809576e-06,141.7,ASK
389,1712457696.4031262,1359253.23827878,140.4,-2.115942109472674e-06,141.7,ASK
390,1712457720.411061,1359253.23827878,140.4,-0.0,141.7,ASK
391,1712457750.2678857,1359253.23827878,140.4,-0.0,141.7,ASK
392,1712457780.3782666,1359253.23827878,140.4,-0.0,141.7,ASK
393,1712457810.3836684,1359253.23827878,140.4,-0.0,141.7,ASK
394,1712457823.4840703,1423271.25831741,140.4,-7.070246737759759e-05,141.7,ASK
395,1712457840.2927723,1423271.25831741,140.4,-0.0,141.7,ASK
396,1712457870.2938628,1423271.25831741,140.4,-0.0,141.7,ASK
397,1712457895.0240605,1433697.04471549,140.6,-1.1401220172221371e-05,141.7,ASK
398,1712457900.336245,1433697.04471549,140.6,-0.0,141.7,ASK
399,1712457902.0937314,1436293.22639149,140.7,2.8751877312645835e-06,141.7,BID
400,1712457930.3168454,1436293.22639149,140.7,0.0,141.7,BID
401,1712457960.3825052,1436293.22639149,140.7,0.0,141.7,BID
402,1712457963.300076,1436993.22639149,140.7,7.749140100614899e-07,141.7,BID
403,1712457963.3019705,1436993.22639189,140.7,4.4281137750804677e-16,141.7,BID
404,1712457990.3764205,1436993.22639189,140.7,0.0,141.7,BID
405,1712458020.2930217,1436993.22639189,140.7,0.0,141.7,BID
406,1712458045.9640508,1448134.04017969,140.7,-1.2331759302838255e-05,141.7,ASK
407,1712458050.2943032,1448134.04017969,140.7,-0.0,141.7,ASK
408,1712458080.337468,1448134.04017969,140.7,-0.0,141.7,ASK
409,1712458106.9062734,1449134.04017969,140.7,-1.104982097977021e-06,141.7,ASK
410,1712458110.3111792,1449134.04017969,140.7,-0.0,141.7,ASK
411,1712458140.39589,1449134.04017969,140.7,-0.0,141.7,ASK
412,1712458170.391734,1449134.04017969,140.7,-0.0,141.7,ASK
413,1712458200.344967,1449134.04017969,140.7,-0.0,141.7,ASK
414,1712458230.2853827,1449134.04017969,140.7,-0.0,141.7,ASK
415,1712458237.4636767,1453604.54124578,140.7,-4.94100548445468e-06,141.7,ASK
416,1712458257.1841192,1456249.52169884,140.6,-2.9233552864971605e-06,141.7,ASK
417,1712458260.388405,1456249.52169884,140.6,-0.0,141.7,ASK
418,1712458290.3816128,1456249.52169884,140.6,-0.0,141.7,ASK
419,1712458320.3134787,1456249.52169884,140.6,-0.0,141.7,ASK
420,1712458350.3289857,1456249.52169884,140.6,-0.0,141.7,ASK
421,1712458380.4262486,1456249.52169884,140.6,-0.0,141.7,ASK
422,1712458390.2336977,1457170.96567982,140.8,1.017297341508276e-06,141.7,BID
423,1712458390.342923,1469070.14588974,140.8,1.313699437355458e-05,141.7,BID
424,1712458390.399006,1470941.41566985,140.8,2.0659289244325445e-06,141.7,BID
425,1712458390.4023278,1470992.62539451,140.8,5.653682462673063e-08,141.7,BID
426,1712458410.352013,1470992.62539451,140.8,0.0,141.7,BID
427,1712458411.0236087,1474049.05602126,140.6,-3.366660718145167e-06,141.7,ASK
428,1712458440.2872033,1474049.05602126,140.6,-0.0,141.7,ASK
429,1712458470.3171096,1474049.05602126,140.6,-0.0,141.7,ASK
430,1712458500.36456,1474049.05602126,140.6,-0.0,141.7,ASK
431,1712458530.4158287,1474049.05602126,140.6,-0.0,141.7,ASK
432,1712458559.8067243,1487214.65809068,140.6,-1.4499960769567336e-05,141.7,ASK
433,1712458560.300339,1487214.65809068,140.6,-0.0,141.7,ASK
434,1712458590.2995667,1487214.65809068,140.6,-0.0,141.7,ASK
435,1712458591.6875482,1487321.02251007,140.6,-1.1690631844047233e-07,141.7,ASK
436,1712458620.391327,1487321.02251007,140.6,-0.0,141.7,ASK
437,1712458648.8440256,1488304.60317761,140.6,-1.0810467013373796e-06,141.7,ASK
438,1712458650.3633878,1488304.60317761,140.6,-0.0,141.7,ASK
439,1712458680.3239698,1488304.60317761,140.6,-0.0,141.7,ASK
440,1712458705.7138965,1489727.0782843,140.6,-1.563194942407159e-06,141.7,ASK
441,1712458710.297705,1489727.0782843,140.6,-0.0,141.7,ASK
442,1712458726.6940758,1493509.04715546,140.6,-4.155190842552779e-06,141.7,ASK
443,1712458726.6985655,1494509.04715546,140.6,-1.0986845698912665e-06,141.7,ASK
444,1712458740.4038606,1494509.04715546,140.6,-0.0,141.7,ASK
445,1712458744.7251074,1494553.07755546,140.5,-4.833981271363994e-08,141.7,ASK
446,1712458744.7297964,1494909.20291158,140.5,-3.909806183340279e-07,141.7,ASK
447,1712458744.8640125,1496412.940093,140.5,1.6509133171782488e-06,141.7,BID
448,1712458744.867519,1496914.18582014,140.5,5.503044390594162e-07,141.7,BID
449,1712458770.3631554,1496914.18582014,140.5,0.0,141.7,BID
450,1712458800.3309717,1496914.18582014,140.5,0.0,141.7,BID
451,1712458822.803894,1497269.04742411,140.9,3.8970010829300185e-07,141.7,BID
452,1712458830.311916,1497269.04742411,140.9,0.0,141.7,BID
453,1712458860.359064,1497269.04742411,140.9,0.0,141.7,BID
454,1712458877.394053,1497311.63081658,140.9,4.6761445376005466e-08,141.7,BID
455,1712458890.4096618,1497311.63081658,140.9,0.0,141.7,BID
456,1712458909.353946,1503846.95118583,140.9,7.176483488937496e-06,141.7,BID
457,1712458909.4641216,1506827.53831833,140.9,-3.2730047090531533e-06,141.7,ASK
458,1712458920.3175223,1506827.53831833,140.9,-0.0,141.7,ASK
459,1712458950.339805,1506827.53831833,140.9,-0.0,141.7,ASK
460,1712458980.4333658,1506827.53831833,140.9,-0.0,141.7,ASK
461,1712459010.3728116,1506827.53831833,140.9,-0.0,141.7,ASK
462,1712459014.3843973,1508120.81341266,140.9,-1.4180670509415236e-06,141.7,ASK
463,1712459040.3324263,1508120.81341266,140.9,-0.0,141.7,ASK
464,1712459064.4946375,1511506.09497555,140.9,-3.7111959218103578e-06,141.7,ASK
465,1712459064.5061865,1514414.76129533,140.9,-3.1886950563307875e-06,141.7,ASK
466,1712459070.3464315,1514414.76129533,140.9,-0.0,141.7,ASK
467,1712459089.0841272,1514450.60358923,140.4,-3.9254809065299535e-08,141.7,ASK
468,1712459092.574052,1514486.08974962,140.9,3.8864768378405494e-08,141.7,BID
469,1712459100.3753502,1514486.08974962,140.9,0.0,141.7,BID
470,1712459130.4096286,1514486.08974962,140.9,0.0,141.7,BID
471,1712459160.3185873,1514486.08974962,140.9,0.0,141.7,BID
472,1712459160.9886107,1515195.81295756,140.9,7.775580423845952e-07,141.7,BID
473,1712459180.8469307,1517791.99463397,141.0,2.8443228562919133e-06,141.7,BID
474,1712459180.8519137,1517862.81616372,141.2,7.75906006948101e-08,141.7,BID
475,1712459180.8545668,1517933.68788591,141.1,7.76455904920956e-08,141.7,BID
476,1712459180.8569164,1546486.75436442,141.5,3.128214806382379e-05,141.7,BID
477,1712459180.862321,1553566.37467439,141.6,7.756285334145185e-06,141.7,BID
478,1712459180.86433,1556527.21742339,140.9,3.2438379722760085e-06,141.7,BID
479,1712459180.8663073,1557326.07786341,141.4,8.752149470829089e-07,141.7,BID
480,1712459180.8682945,1557396.99984923,141.0,7.770065828374114e-08,141.7,BID
481,1712459180.8705106,1562346.99984923,141.4,5.423117444582388e-06,141.7,BID
482,1712459180.8725133,1562488.54266594,141.3,1.5507137746567898e-07,141.7,BID
483,1712459180.874499,1571747.96096727,141.6,1.0144426851844011e-05,141.7,BID
484,1712459185.3449657,1573489.35103168,141.6,1.9078308759846386e-06,141.7,BID
485,1712459185.3487432,1583016.16778145,141.7,1.0437383051922914e-05,141.7,BID
486,1712459185.352388,1583791.3615799,141.9,8.49286264910164e-07,141.9,BID
487,1712459185.360747,1584503.25779244,141.8,7.799387412037079e-07,141.9,BID
488,1712459185.3629394,1591303.39261234,141.7,7.450086821679063e-06,141.9,BID
489,1712459185.365112,1599302.67211117,141.8,8.763844887716178e-06,141.9,BID
490,1712459185.367158,1607415.84509883,141.9,8.888624234402914e-06,141.9,BID
491,1712459185.3692586,1622492.96568906,141.8,1.651818094685829e-05,141.9,BID
492,1712459185.3713782,1622528.55742226,141.9,3.899356549492846e-08,141.9,BID
493,1712459190.27724,1622528.55742226,141.9,0.0,141.9,BID
494,1712459191.6874225,1622667.36721725,142.0,1.4957005350659073e-07,142.0,BID
495,1712459191.6898036,1623020.74201924,142.0,3.807677120004033e-07,142.0,BID
496,1712459191.717394,1624233.4822706,142.0,1.3067494574048962e-06,142.0,BID
497,1712459191.7267551,1624283.4822706,142.1,5.3875900298496594e-08,142.1,BID
498,1712459191.72882,1624561.10186058,142.0,2.991401070134324e-07,142.1,BID
499,1712459191.7308328,1624840.73439388,142.1,3.0130908968570374e-07,142.1,BID
500,1712459191.732863,1625255.48536727,142.3,4.469016418212268e-07,142.3,BID
501,1712459191.7348895,1625959.21513504,142.1,7.582814961092575e-07,142.3,BID
502,1712459191.7369742,1626009.21513504,142.0,5.3875900298496594e-08,142.3,BID
503,1712459191.7390234,1628406.82086294,142.4,2.583463343028952e-06,142.4,BID
504,1712459191.741097,1628717.52367772,142.1,3.347878774309291e-07,142.4,BID
505,1712459191.743163,1638617.53140888,142.4,1.0667436589566342e-05,142.4,BID
506,1712459191.7452223,1639391.57348074,142.3,8.340442698074767e-07,142.4,BID
507,1712459191.747282,1644966.6468265,142.5,6.007241914659557e-06,142.5,BID
508,1712459191.7493515,1650016.6468265,142.6,5.441465930148156e-06,142.6,BID
509,1712459191.7514243,1651420.15559843,142.5,1.5123059732912028e-06,142.6,BID
510,1712459191.7534895,1651455.26421791,142.7,3.78301696543693e-08,142.7,BID
511,1712459191.755586,1658270.6575999,142.4,7.343709086862564e-06,142.7,BID
512,1712459191.7576635,1661789.30643874,142.6,3.7914074805355e-06,142.7,BID
513,1712459191.7597618,1661824.39047235,142.8,3.7803677936649945e-08,142.8,BID
514,1712459191.7618475,1662175.26766534,142.5,3.780764933310797e-07,142.8,BID
515,1712459191.763942,1662210.76766534,142.6,3.8251889211932585e-08,142.8,BID
516,1712459191.7660215,1662310.76766534,142.8,1.0775180059699325e-07,142.8,BID
517,1712459191.7681427,1662345.90090517,142.6,3.785669852479101e-08,142.8,BID
518,1712459191.7702372,1667250.53405793,142.8,5.284830534776083e-06,142.8,BID
519,1712459191.7723544,1667320.61114273,142.7,7.550932067787713e-08,142.8,BID
520,1712459191.7744718,1668004.913817,142.8,7.373484530593045e-07,142.8,BID
521,1712459194.7144525,1668134.92421967,141.8,-1.4008854984021564e-07,142.8,ASK
522,1712459195.5643744,1668839.14957179,142.0,7.58815497169694e-07,142.8,BID
523,1712459195.6246543,1709672.67898355,142.8,4.399886318847437e-05,142.8,BID
524,1712459196.6640732,1709793.82744293,142.8,1.305396463774959e-07,142.8,BID
525,1712459198.2157006,1710010.60763068,142.2,-2.3358455563817e-07,142.8,ASK
526,1712459198.553954,1711526.42141581,142.2,-1.6333166471749318e-06,142.8,ASK
527,1712459199.2347624,1711568.46766668,142.7,4.530559239593848e-08,142.8,BID
528,1712459199.7433622,1717251.90326668,142.8,6.124004194770489e-06,142.8,BID
529,1712459199.7485623,1718985.46976668,142.8,1.867949118296228e-06,142.8,BID
530,1712459199.7535076,1723688.00530961,142.9,5.067066721220676e-06,142.9,BID
531,1712459199.7573135,1723862.73924649,142.7,1.882789632422316e-07,142.9,BID
532,1712459199.759492,1723897.79872864,142.9,3.777722329662002e-08,142.9,BID
533,1712459199.761706,1748102.8146987,142.8,2.608134054252956e-05,142.9,BID
534,1712459199.7640264,1748313.4026379,142.8,2.2691229632809213e-07,142.9,BID
535,1712459201.344546,1751563.70908094,142.2,-3.502263717295711e-06,142.9,ASK
536,1712459201.3642793,1753079.52286607,142.5,1.6333166471749318e-06,142.9,BID
537,1712459202.8438833,1756329.82930911,142.2,3.502263717295711e-06,142.9,BID
538,1712459204.033914,1782380.27017684,142.9,2.8069819098434e-05,142.9,BID
539,1712459204.0393472,1789383.07129729,142.8,7.545644299511312e-06,142.9,BID
540,1712459208.824336,1819166.61019007,142.7,3.209229943847618e-05,142.9,BID
541,1712459212.0840158,1819236.68727486,142.7,7.550932066708932e-08,142.9,BID
542,1712459219.593885,1823528.5349644,142.0,-4.624543164359936e-06,142.9,ASK
543,1712459220.3217883,1823528.5349644,142.0,-0.0,142.9,ASK
544,1712459224.1442614,1823564.02112479,142.0,-3.7090807355678564e-08,142.9,ASK
545,1712459228.644442,1823599.08423839,142.6,3.664863083357354e-08,142.9,BID
546,1712459250.2878067,1823599.08423839,142.6,0.0,142.9,BID
547,1712459252.0541482,1824050.66954009,142.0,-4.720005628619204e-07,142.9,ASK
548,1712459280.3943007,1824050.66954009,142.0,-0.0,142.9,ASK
549,1712459310.3934102,1824050.66954009,142.0,-0.0,142.9,ASK
550,1712459310.496667,1835777.40476402,142.0,-1.2256055833205109e-05,142.9,ASK
551,1712459310.4994967,1847487.48561239,142.0,-1.2238649713528275e-05,142.9,ASK
552,1712459340.29098,1847487.48561239,142.0,-0.0,142.9,ASK
553,1712459368.364401,1848265.00269416,141.1,-8.097959258561885e-07,142.9,ASK
554,1712459370.3097732,1848265.00269416,141.1,-0.0,142.9,ASK
555,1712459400.3275273,1848265.00269416,141.1,-0.0,142.9,ASK
556,1712459416.034079,1848266.33649797,141.0,-1.428141174315684e-09,142.9,ASK
557,1712459416.039447,1848366.33649797,141.1,-1.070728066351132e-07,142.9,ASK
558,1712459430.2942722,1848366.33649797,141.1,-0.0,142.9,ASK
559,1712459460.358218,1848366.33649797,141.1,-0.0,142.9,ASK
560,1712459490.3988626,1848366.33649797,141.1,-0.0,142.9,ASK
561,1712459520.2883346,1848366.33649797,141.1,-0.0,142.9,ASK
562,1712459550.3364203,1848366.33649797,141.1,-0.0,142.9,ASK
563,1712459580.374102,1848366.33649797,141.1,-0.0,142.9,ASK
564,1712459608.6843815,1871742.68189797,141.1,2.5029325926014527e-05,142.9,BID
565,1712459608.6902983,1882874.02339797,141.1,1.19184572964632e-05,142.9,BID
566,1712459608.7439466,1885048.23089633,141.1,2.3279493511948254e-06,142.9,BID
567,1712459608.7841368,1887285.3271303,141.1,2.3952850546046133e-06,142.9,BID
568,1712459608.7895122,1895605.04172693,141.1,8.908015546796066e-06,142.9,BID
569,1712459610.3640225,1895605.04172693,141.1,0.0,142.9,BID
570,1712459640.3074644,1895605.04172693,141.1,0.0,142.9,BID
571,1712459670.2803233,1895605.04172693,141.1,0.0,142.9,BID
572,1712459700.31451,1895605.04172693,141.1,0.0,142.9,BID
573,1712459705.3442574,1896382.5588087,141.4,8.271901904585142e-07,142.9,BID
574,1712459705.347149,1896554.34130793,141.4,1.827571401158746e-07,142.9,BID
575,1712459730.3041356,1896554.34130793,141.4,0.0,142.9,BID
576,1712459749.0539527,1896554.3413087,141.4,8.190449830248297e-16,142.9,BID
577,1712459749.0565925,1913043.34130793,141.5,1.7539925272588294e-05,142.9,BID
578,1712459760.3827906,1913043.34130793,141.5,0.0,142.9,BID
579,1712459790.3438916,1913043.34130793,141.5,0.0,142.9,BID
580,1712459800.8127964,1913103.58183576,142.0,6.392130744440184e-08,142.9,BID
581,1712459820.307949,1913103.58183576,142.0,0.0,142.9,BID
582,1712459825.4247773,1913200.06070899,142.0,1.023729366754659e-07,142.9,BID
583,1712459829.9538212,1913235.2860611,142.0,3.737733060290386e-08,142.9,BID
584,1712459850.2935357,1913235.2860611,142.0,0.0,142.9,BID
585,1712459880.3648868,1913235.2860611,142.0,0.0,142.9,BID
586,1712459910.3886948,1913235.2860611,142.0,0.0,142.9,BID
587,1712459915.5040922,1927220.13333211,142.0,1.4838911627977872e-05,142.9,BID
588,1712459915.5095828,1934393.47401626,141.9,7.611421592721513e-06,142.9,BID
589,1712459915.5442238,1938261.76678588,142.0,-4.104532101578973e-06,142.9,ASK
590,1712459915.624004,1939366.99329148,142.0,-1.1727234575877808e-06,142.9,ASK
591,1712459937.4840455,1944585.35233776,142.6,5.537047865465456e-06,142.9,BID
592,1712459940.3140378,1944585.35233776,142.6,0.0,142.9,BID
593,1712459970.304989,1944585.35233776,142.6,0.0,142.9,BID
594,1712460000.3465536,1944585.35233776,142.6,0.0,142.9,BID
595,1712460030.2947073,1944585.35233776,142.6,0.0,142.9,BID
596,1712460060.3621967,1944585.35233776,142.6,0.0,142.9,BID
597,1712460090.3532426,1944585.35233776,142.6,0.0,142.9,BID
598,1712460120.3165598,1944585.35233776,142.6,0.0,142.9,BID
599,1712460133.9541,1946519.49872257,142.0,-2.0471229358868208e-06,142.9,ASK
600,1712460134.0538795,1948453.64510738,142.0,-2.0471229358868208e-06,142.9,ASK
601,1712460150.3335075,1948453.64510738,142.0,-0.0,142.9,ASK
602,1712460180.38022,1948453.64510738,142.0,-0.0,142.9,ASK
603,1712460210.3846436,1948453.64510738,142.0,-0.0,142.9,ASK
604,1712460240.2744975,1948453.64510738,142.0,-0.0,142.9,ASK
605,1712460250.7941904,1948594.29208347,142.2,1.4877589277161198e-07,142.9,BID
606,1712460270.3225195,1948594.29208347,142.2,0.0,142.9,BID
607,1712460284.514243,1955636.54560459,142.0,7.449114221178514e-06,142.9,BID
608,1712460300.3645196,1955636.54560459,142.0,0.0,142.9,BID
609,1712460330.357529,1955636.54560459,142.0,0.0,142.9,BID
610,1712460336.8438368,1958594.29208347,142.0,3.128084170878449e-06,142.9,BID
611,1712460336.8536694,1961439.61460211,142.0,3.0091856740112565e-06,142.9,BID
612,1712460336.9638464,1962678.79912571,142.0,-1.3105496095590014e-06,142.9,ASK
613,1712460360.3600757,1962678.79912571,142.0,-0.0,142.9,ASK
614,1712460390.3739254,1962678.79912571,142.0,-0.0,142.9,ASK
615,1712460420.2969325,1962678.79912571,142.0,-0.0,142.9,ASK
616,1712460450.2900977,1962678.79912571,142.0,-0.0,142.9,ASK
617,1712460480.3710144,1962678.79912571,142.0,-0.0,142.9,ASK
618,1712460483.4737449,1966904.15123839,141.6,-4.463970620370965e-06,142.9,ASK
619,1712460501.4642675,1969740.94601836,141.6,-2.996997224398481e-06,142.9,ASK
620,1712460501.469964,1972516.3503441,141.1,-2.9321398641723014e-06,142.9,ASK
621,1712460501.4742975,1979583.48815328,141.5,-7.466240613562219e-06,142.9,ASK
622,1712460501.4786627,1991834.20369656,141.5,-1.2942550775736106e-05,142.9,ASK
623,1712460501.482598,1996634.20369656,141.4,-5.071070624736714e-06,142.9,ASK
624,1712460510.351827,1996634.20369656,141.4,-0.0,142.9,ASK
625,1712460540.2808585,1996634.20369656,141.4,-0.0,142.9,ASK
626,1712460570.2990885,1996634.20369656,141.4,-0.0,142.9,ASK
627,1712460600.348281,1996634.20369656,141.4,-0.0,142.9,ASK
628,1712460630.2897685,1996634.20369656,141.4,-0.0,142.9,ASK
629,1712460660.3387432,1996634.20369656,141.4,-0.0,142.9,ASK
630,1712460690.37401,1996634.20369656,141.4,-0.0,142.9,ASK
631,1712460720.338235,1996634.20369656,141.4,-0.0,142.9,ASK
632,1712460750.3041344,1996634.20369656,141.4,-0.0,142.9,ASK
633,1712460780.3660562,1996634.20369656,141.4,-0.0,142.9,ASK
634,1712460810.374554,1996634.20369656,141.4,-0.0,142.9,ASK
635,1712460840.28598,1996634.20369656,141.4,-0.0,142.9,ASK
636,1712460870.3404765,1996634.20369656,141.4,-0.0,142.9,ASK
637,1712460882.55378,2003864.03477406,141.2,-7.599681052602707e-06,142.9,ASK
638,1712460900.3883429,2003864.03477406,141.2,-0.0,142.9,ASK
639,1712460906.584303,2007690.52136516,141.2,-4.028047377928892e-06,142.9,ASK
640,1712460906.596174,2010370.88274381,141.1,-2.821549838508657e-06,142.9,ASK
641,1712460930.3997416,2010370.88274381,141.1,-0.0,142.9,ASK
642,1712460960.300257,2010370.88274381,141.1,-0.0,142.9,ASK
643,1712460990.3219178,2010370.88274381,141.1,-0.0,142.9,ASK
644,1712461020.41896,2010370.88274381,141.1,-0.0,142.9,ASK
645,1712461050.3702643,2010370.88274381,141.1,-0.0,142.9,ASK
646,1712461075.74442,2017283.86692968,141.6,7.270097403179768e-06,142.9,BID
647,1712461080.3094308,2017283.86692968,141.6,0.0,142.9,BID
648,1712461110.3368523,2017283.86692968,141.6,0.0,142.9,BID
649,1712461140.363659,2017283.86692968,141.6,0.0,142.9,BID
650,1712461170.3971205,2017283.86692968,141.6,0.0,142.9,BID
651,1712461200.3139234,2017283.86692968,141.6,0.0,142.9,BID
652,1712461228.119788,2021956.97099165,141.6,4.930288999548483e-06,142.9,BID
653,1712461228.124463,2024024.05991213,142.0,2.1808514491833933e-06,142.9,BID
654,1712461228.1284847,2029024.05991213,142.0,5.275175701384111e-06,142.9,BID
655,1712461230.3498662,2029024.05991213,142.0,0.0,142.9,BID
656,1712461260.3574653,2029024.05991213,142.0,0.0,142.9,BID
657,1712461290.3946488,2029024.05991213,142.0,0.0,142.9,BID
658,1712461320.321741,2029024.05991213,142.0,0.0,142.9,BID
659,1712461350.273548,2029024.05991213,142.0,0.0,142.9,BID
660,1712461380.3783562,2029024.05991213,142.0,0.0,142.9,BID
661,1712461399.8739696,2029456.97099165,142.0,4.5593537558766934e-07,142.9,BID
662,1712461399.8798244,2040814.32751776,142.0,1.1961395442125918e-05,142.9,BID
663,1712461410.4052465,2040814.32751776,142.0,0.0,142.9,BID
664,1712461440.3090885,2040814.32751776,142.0,0.0,142.9,BID
665,1712461446.753882,2040868.93657686,141.9,5.7412199164714754e-08,142.9,BID
666,1712461446.8539617,2045368.02367757,141.9,-4.7300299426908985e-06,142.9,ASK
667,1712461446.859939,2047692.4247623,141.9,-2.4437150211785657e-06,142.9,ASK
668,1712461470.3036284,2047692.4247623,141.9,-0.0,142.9,ASK
669,1712461500.3050709,2047692.4247623,141.9,-0.0,142.9,ASK
670,1712461530.3141286,2047692.4247623,141.9,-0.0,142.9,ASK
671,1712461560.3871608,2047692.4247623,141.9,-0.0,142.9,ASK
672,1712461589.2941046,2047732.4247623,141.5,4.209507934327813e-08,142.9,BID
673,1712461590.3495758,2047732.4247623,141.5,0.0,142.9,BID
674,1712461620.3113225,2047732.4247623,141.5,0.0,142.9,BID
675,1712461650.2976215,2047732.4247623,141.5,0.0,142.9,BID
676,1712461680.361936,2047732.4247623,141.5,0.0,142.9,BID
677,1712461710.3844829,2047732.4247623,141.5,0.0,142.9,BID
678,1712461740.3014207,2047732.4247623,141.5,0.0,142.9,BID
679,1712461753.8641405,2047782.4247623,141.5,5.2618535759224215e-08,142.9,BID
680,1712461770.3866074,2047782.4247623,141.5,0.0,142.9,BID
681,1712461800.3381734,2047782.4247623,141.5,0.0,142.9,BID
682,1712461830.2998998,2047782.4247623,141.5,0.0,142.9,BID
683,1712461851.114328,2048982.4247623,141.2,-1.2673583240512573e-06,142.9,ASK
684,1712461860.3941684,2048982.4247623,141.2,-0.0,142.9,ASK
685,1712461890.3333478,2048982.4247623,141.2,-0.0,142.9,ASK
686,1712461920.3117328,2048982.4247623,141.2,-0.0,142.9,ASK
687,1712461950.3067937,2048982.4247623,141.2,-0.0,142.9,ASK
688,1712461972.8241313,2051035.4653206,141.2,2.1678937542351216e-06,142.9,BID
689,1712461980.301022,2051035.4653206,141.2,0.0,142.9,BID
690,1712461989.144302,2051035.46532151,141.2,9.607565505878113e-16,142.9,BID
691,1712461989.1503756,2052451.89591551,141.2,1.4952122404994932e-06,142.9,BID
692,1712462010.2912405,2052451.89591551,141.2,0.0,142.9,BID
693,1712462040.3710358,2052451.89591551,141.2,0.0,142.9,BID
694,1712462070.3829637,2052451.89591551,141.2,0.0,142.9,BID
695,1712462100.2956629,2052451.89591551,141.2,0.0,142.9,BID
696,1712462130.301504,2052451.89591551,141.2,0.0,142.9,BID
697,1712462160.3606138,2052451.89591551,141.2,0.0,142.9,BID
698,1712462190.351122,2052451.89591551,141.2,0.0,142.9,BID
699,1712462220.3118656,2052451.89591551,141.2,0.0,142.9,BID
700,1712462238.8740754,2056551.32403165,141.2,-4.326711246824792e-06,142.9,ASK
701,1712462250.3144908,2056551.32403165,141.2,-0.0,142.9,ASK
702,1712462280.3636825,2056551.32403165,141.2,-0.0,142.9,ASK
703,1712462309.343991,2059561.59346888,141.1,-3.175226885276776e-06,142.9,ASK
704,1712462310.3505652,2059561.59346888,141.1,-0.0,142.9,ASK
705,1712462319.3652403,2066768.39403741,141.1,-7.598316278181111e-06,142.9,ASK
706,1712462319.37252,2069300.02367253,141.1,-2.669162617161522e-06,142.9,ASK
707,1712462325.424415,2069437.40092292,141.0,-1.4484038901384512e-07,142.9,ASK
708,1712462325.430142,2069853.53408553,141.0,-4.387399586381998e-07,142.9,ASK
709,1712462325.584216,2071424.66956453,141.0,1.6564887805336215e-06,142.9,BID
710,1712462325.6039183,2071424.66956489,141.0,3.7951110740498765e-16,142.9,BID
711,1712462340.306878,2071424.66956489,141.0,0.0,142.9,BID
712,1712462352.884238,2075378.94508859,140.9,-4.1617511923350325e-06,142.9,ASK
713,1712462352.893963,2078898.51111944,140.9,-3.704233060544486e-06,142.9,ASK
714,1712462370.311164,2078898.51111944,140.9,-0.0,142.9,ASK
715,1712462380.164358,2082532.44427937,140.9,-3.820366705355506e-06,142.9,ASK
716,1712462380.169459,2097263.37454868,140.8,-1.5486678775586398e-05,142.9,ASK
717,1712462381.5942109,2274543.79655777,140.8,-0.0001863755308498,142.9,ASK
718,1712462381.6743028,2276002.58745392,140.7,-1.5336319971922495e-06,142.9,ASK
719,1712462381.6942694,2277425.0625606,140.6,-1.4954530800624915e-06,142.9,ASK
720,1712462381.7000773,2280373.6019606,140.6,-3.0998098361844377e-06,142.9,ASK
721,1712462381.706051,2284626.3941606,140.7,-4.4709753896488734e-06,142.9,ASK
722,1712462381.7095904,2286065.80236445,140.7,-1.5132549046417444e-06,142.9,ASK
723,1712462381.712206,2286102.11815392,140.6,-3.8178917130247896e-08,142.9,ASK
724,1712462381.7742078,2289704.92501259,140.4,-3.787643515422994e-06,142.9,ASK
725,1712462400.360413,2289704.92501259,140.4,-0.0,142.9,ASK
726,1712462417.2844698,2290947.85426891,140.8,1.2672583296820545e-06,142.9,BID
727,1712462417.291362,2322770.89871259,140.8,-3.244594810367306e-05,142.9,ASK
728,1712462417.2956066,2325870.59857427,140.9,3.160373327166395e-06,142.9,BID
729,1712462417.3640227,2329473.40543327,140.8,3.673328131177304e-06,142.9,BID
730,1712462417.384251,2330423.70515781,140.9,9.689008730739068e-07,142.9,BID
731,1712462417.3878858,2333733.88248468,140.9,3.3749706742126e-06,142.9,BID
732,1712462417.3915036,2334026.51201681,140.9,2.983574569647042e-07,142.9,BID
733,1712462430.296823,2334026.51201681,140.9,0.0,142.9,BID
734,1712462460.3567784,2334026.51201681,140.9,0.0,142.9,BID
735,1712462483.4749677,2341067.88751681,140.4,-7.133810291283308e-06,142.9,ASK
736,1712462483.4806688,2348697.63491681,140.4,-7.729905971071946e-06,142.9,ASK
737,1712462483.4849565,2348982.73826677,140.3,-2.8884600913892e-07,142.9,ASK
738,1712462483.4879117,2356125.59540962,140.1,-7.236624121924941e-06,142.9,ASK
739,1712462483.4908502,2356162.71969462,140.0,-3.761162948757593e-08,142.9,ASK
740,1712462483.4938064,2365752.70549462,140.4,-9.715877159696898e-06,142.9,ASK
741,1712462483.4967933,2366458.37395325,140.3,-7.149320345730324e-07,142.9,ASK
742,1712462483.4998562,2366517.37395325,140.0,-5.977451524715735e-08,142.9,ASK
743,1712462483.5028543,2371324.4760232,140.1,-4.870206711438639e-06,142.9,ASK
744,1712462483.505866,2372007.52414198,140.0,-6.92014748992396e-07,142.9,ASK
745,1712462483.508871,2373434.36247156,140.1,-1.445568974351136e-06,142.9,ASK
746,1712462483.5118706,2404800.72209488,140.0,-3.177811765342302e-05,142.9,ASK
747,1712462483.5750031,2412538.60479488,140.0,7.839460803929876e-06,142.9,BID
748,1712462483.580073,2417811.82849488,140.0,5.342447295886778e-06,142.9,BID
749,1712462483.5939846,2428307.35705466,140.0,1.063330732073827e-05,142.9,BID
750,1712462483.654104,2433681.62735466,140.0,5.444820372706668e-06,142.9,BID
751,1712462483.674121,2436890.40899995,140.0,3.250904531884593e-06,142.9,BID
752,1712462483.6940634,2444776.56649995,140.0,7.989682063139301e-06,142.9,BID
753,1712462483.7742414,2456001.07304419,140.0,1.1371854874076412e-05,142.9,BID
754,1712462483.796224,2493707.28024419,140.0,3.820119079981103e-05,142.9,BID
755,1712462483.8744595,2499227.66062973,140.0,5.592848500433807e-06,142.9,BID
756,1712462483.881184,2509327.19132972,140.0,1.0232111047723247e-05,142.9,BID
757,1712462483.9942324,2510452.16717372,140.0,1.1397438260993517e-06,142.9,BID
758,1712462483.998644,2510452.16717397,140.0,2.5334274465536653e-16,142.9,BID
759,1712462490.3763871,2510452.16717397,140.0,0.0,142.9,BID
760,1712462500.294216,2514726.92787012,140.8,4.225100349098218e-06,142.9,BID
761,1712462500.3569338,2525550.37801173,140.8,-1.0697712976764134e-05,142.9,ASK
762,1712462520.325643,2525550.37801173,140.8,-0.0,142.9,ASK
763,1712462550.3172853,2525550.37801173,140.8,-0.0,142.9,ASK
764,1712462580.370193,2525550.37801173,140.8,-0.0,142.9,ASK
765,1712462610.3541603,2525550.37801173,140.8,-0.0,142.9,ASK
766,1712462640.2786877,2526759.44593839,140.2,-1.1925164221467051e-06,142.9,ASK
767,1712462640.2818232,2548753.88562432,140.1,-2.169334736538592e-05,142.9,ASK
768,1712462640.287887,2563012.09175663,140.2,-1.406301878348639e-05,142.9,ASK
769,1712462640.2940784,2597725.13144432,139.9,-3.423783641713885e-05,142.9,ASK
770,1712462640.297148,2598439.4171586,140.0,-7.04507518230552e-07,142.9,ASK
771,1712462640.3231275,2598439.4171586,140.0,-0.0,142.9,ASK
772,1712462670.306365,2598439.4171586,140.0,-0.0,142.9,ASK
773,1712462700.4324448,2598439.4171586,140.0,-0.0,142.9,ASK
774,1712462730.3571734,2598439.4171586,140.0,-0.0,142.9,ASK
775,1712462733.5940702,2602001.76964572,140.1,-3.4786480954957605e-06,142.9,ASK
776,1712462760.286112,2602001.76964572,140.1,-0.0,142.9,ASK
777,1712462790.3211925,2602001.76964572,140.1,-0.0,142.9,ASK
778,1712462820.3415184,2602001.76964572,140.1,-0.0,142.9,ASK
779,1712462850.3859005,2602001.76964572,140.1,-0.0,142.9,ASK
780,1712462869.874292,2608920.71442864,141.0,6.753079563670706e-06,142.9,BID
781,1712462880.3590956,2608920.71442864,141.0,0.0,142.9,BID
782,1712462910.3786726,2608920.71442864,141.0,0.0,142.9,BID
783,1712462940.3272676,2608920.71442864,141.0,0.0,142.9,BID
784,1712462970.3278933,2608920.71442864,141.0,0.0,142.9,BID
785,1712463000.3346045,2608920.71442864,141.0,0.0,142.9,BID
786,1712463030.2954097,2608920.71442864,141.0,0.0,142.9,BID
787,1712463060.4295273,2608920.71442864,141.0,0.0,142.9,BID
788,1712463090.3642762,2608920.71442864,141.0,0.0,142.9,BID
789,1712463120.2818942,2608920.71442864,141.0,0.0,142.9,BID
790,1712463150.3419182,2608920.71442864,141.0,0.0,142.9,BID
791,1712463180.3391104,2608920.71442864,141.0,0.0,142.9,BID
792,1712463192.8542416,2609643.97070273,140.5,-7.052464033238634e-07,142.9,ASK
793,1712463210.2947574,2609643.97070273,140.5,-0.0,142.9,ASK
794,1712463240.3576386,2609643.97070273,140.5,-0.0,142.9,ASK
795,1712463270.405408,2609643.97070273,140.5,-0.0,142.9,ASK
796,1712463300.3404112,2609643.97070273,140.5,-0.0,142.9,ASK
797,1712463330.3036537,2609643.97070273,140.5,-0.0,142.9,ASK
798,1712463360.415454,2609643.97070273,140.5,-0.0,142.9,ASK
799,1712463390.34631,2609643.97070273,140.5,-0.0,142.9,ASK
800,1712463420.2771015,2609643.97070273,140.5,-0.0,142.9,ASK
801,1712463438.187787,2609679.46396035,140.9,3.464910971583439e-08,142.9,BID
802,1712463450.3185842,2609679.46396035,140.9,0.0,142.9,BID
803,1712463457.4849048,2609739.82583376,140.9,5.892597929822536e-08,142.9,BID
804,1712463480.3700216,2609739.82583376,140.9,0.0,142.9,BID
805,1712463510.3789594,2609739.82583376,140.9,0.0,142.9,BID
806,1712463540.3084817,2609739.82583376,140.9,0.0,142.9,BID
807,1712463570.3048546,2609739.82583376,140.9,0.0,142.9,BID
808,1712463577.7340488,2611867.93140482,140.9,2.077464740375184e-06,142.9,BID
809,1712463600.3208835,2611867.93140482,140.9,0.0,142.9,BID
810,1712463630.2954924,2611867.93140482,140.9,0.0,142.9,BID
811,1712463660.395022,2611867.93140482,140.9,0.0,142.9,BID
812,1712463690.3928974,2611867.93140482,140.9,0.0,142.9,BID
813,1712463720.2854505,2611867.93140482,140.9,0.0,142.9,BID
814,1712463720.6542542,2612951.38732019,139.9,-1.0591513635611746e-06,142.9,ASK
815,1712463720.6650352,2613517.61232019,140.0,-5.535231958443036e-07,142.9,ASK
816,1712463720.669683,2616608.41538286,140.4,-3.0214688312522514e-06,142.9,ASK
817,1712463720.6731358,2631931.87319338,139.9,-1.4979715375813177e-05,142.9,ASK
818,1712463720.6766362,2633524.68453494,140.5,-1.5570807084779248e-06,142.9,ASK
819,1712463720.680181,2641846.11310636,140.0,-8.134758685762142e-06,142.9,ASK
820,1712463720.6837175,2645471.04831566,139.9,-3.543619094496962e-06,142.9,ASK
821,1712463750.2823956,2645471.04831566,139.9,-0.0,142.9,ASK
822,1712463780.3431954,2645471.04831566,139.9,-0.0,142.9,ASK
823,1712463796.8171427,2645960.87972795,140.0,-4.766512149998897e-07,142.9,ASK
824,1712463796.822538,2646007.14552795,140.0,-4.502089745517796e-08,142.9,ASK
825,1712463810.296883,2646007.14552795,140.0,-0.0,142.9,ASK
826,1712463840.3588283,2646007.14552795,140.0,-0.0,142.9,ASK
827,1712463870.3549292,2646007.14552795,140.0,-0.0,142.9,ASK
828,1712463900.311484,2646007.14552795,140.0,-0.0,142.9,ASK
829,1712463929.9578562,2648848.98807089,139.9,-2.766581296168336e-06,142.9,ASK
830,1712463929.9644156,2649687.44090277,140.0,-8.162478699468991e-07,142.9,ASK
831,1712463929.970429,2650033.57755351,139.9,-3.36969824818469e-07,142.9,ASK
832,1712463930.2963376,2650033.57755351,139.9,-0.0,142.9,ASK
833,1712463935.3743055,2650193.67389548,139.9,-1.557710349648031e-07,142.9,ASK
834,1712463935.384274,2651623.57410989,139.8,-1.3912687420234072e-06,142.9,ASK
835,1712463935.3902502,2653657.36637652,139.8,-1.978845502515761e-06,142.9,ASK
836,1712463949.0101342,2653730.68015951,140.0,-7.133307178049275e-08,142.9,ASK
837,1712463960.336795,2653730.68015951,140.0,-0.0,142.9,ASK
838,1712463990.3840735,2653730.68015951,140.0,-0.0,142.9,ASK
839,1712464020.329229,2653730.68015951,140.0,-0.0,142.9,ASK
840,1712464050.2999513,2653730.68015951,140.0,-0.0,142.9,ASK
841,1712464080.37062,2653730.68015951,140.0,-0.0,142.9,ASK
842,1712464110.3406105,2653730.68015951,140.0,-0.0,142.9,ASK
843,1712464128.3241768,2654626.53485571,140.0,-8.712133272027486e-07,142.9,ASK
844,1712464140.299771,2654626.53485571,140.0,-0.0,142.9,ASK
845,1712464170.295838,2654626.53485571,140.0,-0.0,142.9,ASK
846,1712464200.3510022,2654626.53485571,140.0,-0.0,142.9,ASK
847,1712464206.6041408,2656565.47014244,140.0,-1.8853729962841e-06,142.9,ASK
848,1712464230.2930322,2656565.47014244,140.0,-0.0,142.9,ASK
849,1712464260.3717377,2656565.47014244,140.0,-0.0,142.9,ASK
850,1712464290.3378768,2656565.47014244,140.0,-0.0,142.9,ASK
851,1712464294.7241693,2656615.47014244,140.8,4.860594090266636e-08,142.9,BID
852,1712464314.794222,2657397.13186839,140.8,7.598680731480005e-07,142.9,BID
853,1712464320.3133025,2657397.13186839,140.8,0.0,142.9,BID
854,1712464350.3011394,2657397.13186839,140.8,0.0,142.9,BID
855,1712464380.3635418,2657397.13186839,140.8,0.0,142.9,BID
856,1712464400.354303,2657434.73996839,139.9,-3.655538050773596e-08,142.9,ASK
857,1712464400.3603015,2658754.00336636,139.8,-1.2823348029367295e-06,142.9,ASK
858,1712464400.3667536,2661496.55998453,140.0,-2.6657874431412684e-06,142.9,ASK
859,1712464410.387168,2661496.55998453,140.0,-0.0,142.9,ASK
860,1712464440.3612626,2661496.55998453,140.0,-0.0,142.9,ASK
861,1712464467.6941824,2661709.47181053,139.8,-2.0683670358156376e-07,142.9,ASK
862,1712464470.2903914,2661709.47181053,139.8,-0.0,142.9,ASK
863,1712464500.3941145,2661709.47181053,139.8,-0.0,142.9,ASK
864,1712464530.410226,2661709.47181053,139.8,-0.0,142.9,ASK
865,1712464560.298874,2661709.47181053,139.8,-0.0,142.9,ASK
866,1712464590.2999694,2661709.47181053,139.8,-0.0,142.9,ASK
867,1712464620.355644,2661709.47181053,139.8,-0.0,142.9,ASK
868,1712464650.3830695,2661709.47181053,139.8,-0.0,142.9,ASK
869,1712464674.8545067,2662064.58544689,140.8,3.451842608356753e-07,142.9,BID
870,1712464680.282858,2662064.58544689,140.8,0.0,142.9,BID
871,1712464710.2893553,2662064.58544689,140.8,0.0,142.9,BID
872,1712464740.3752563,2662064.58544689,140.8,0.0,142.9,BID
873,1712464770.3780856,2662064.58544689,140.8,0.0,142.9,BID
874,1712464791.444059,2662103.21205634,139.8,-3.754474138371316e-08,142.9,ASK
875,1712464800.297708,2662103.21205634,139.8,-0.0,142.9,ASK
876,1712464802.6242228,2662174.46744148,139.9,-6.93651481005824e-08,142.9,ASK
877,1712464830.2918108,2662174.46744148,139.9,-0.0,142.9,ASK
878,1712464860.357047,2662174.46744148,139.9,-0.0,142.9,ASK
879,1712464890.3736749,2662174.46744148,139.9,-0.0,142.9,ASK
880,1712464920.30092,2662174.46744148,139.9,-0.0,142.9,ASK
881,1712464943.413935,2662674.46744148,139.9,-4.867314578308429e-07,142.9,ASK
882,1712464943.4182315,2663349.31848996,139.9,-6.5694246929048e-07,142.9,ASK
883,1712464946.3922606,2664031.20442478,139.8,-6.637906702585062e-07,142.9,ASK
884,1712464946.3979335,2668124.62377375,139.8,-3.98479193447435e-06,142.9,ASK
885,1712464946.402985,2668839.93135601,139.8,-6.963254046218373e-07,142.9,ASK
886,1712464946.406101,2669143.79634151,139.8,-2.958012947523226e-07,142.9,ASK
887,1712464950.2915263,2669143.79634151,139.8,-0.0,142.9,ASK
888,1712464980.3672545,2669143.79634151,139.8,-0.0,142.9,ASK
889,1712465010.3361566,2669143.79634151,139.8,-0.0,142.9,ASK
890,1712465011.2343404,2670270.54652053,139.8,-1.0958100606889902e-06,142.9,ASK
891,1712465011.241475,2725703.84991178,139.7,-5.391112660501482e-05,142.9,ASK
892,1712465011.2470694,2729280.38782308,139.8,-3.478327581938194e-06,142.9,ASK
893,1712465011.2521875,2729996.20743653,139.7,-6.96163487401564e-07,142.9,ASK
894,1712465011.255386,2732409.68857524,139.6,-2.347207892509322e-06,142.9,ASK
895,1712465011.3939886,2736396.29925824,139.7,3.877139916039193e-06,142.9,BID
896,1712465012.7738554,2736396.2992585,139.7,2.527039212575204e-16,142.9,BID
897,1712465040.312065,2736396.2992585,139.7,0.0,142.9,BID
898,1712465057.0240889,2739284.5580585,139.7,-2.783514235767872e-06,142.9,ASK
899,1712465057.03157,2741252.85295824,139.7,-1.8969134184292595e-06,142.9,ASK
900,1712465057.1843157,2763159.15412522,139.7,2.111185505651653e-05,142.9,BID
901,1712465057.1926527,2764424.15302522,139.7,1.2191229007527903e-06,142.9,BID
902,1712465070.2970426,2764424.15302522,139.7,0.0,142.9,BID
903,1712465100.308879,2764424.15302522,139.7,0.0,142.9,BID
904,1712465130.3030095,2764424.15302522,139.7,0.0,142.9,BID
905,1712465160.3271277,2764424.15302522,139.7,0.0,142.9,BID
906,1712465190.3869998,2764424.15302522,139.7,0.0,142.9,BID
907,1712465220.2741706,2764424.15302522,139.7,0.0,142.9,BID
908,1712465250.3047788,2764424.15302522,139.7,0.0,142.9,BID
909,1712465280.3693357,2764424.15302522,139.7,0.0,142.9,BID
910,1712465300.3041258,2775475.64441776,139.8,-1.0610662679369432e-05,142.9,ASK
911,1712465310.3639293,2775475.64441776,139.8,-0.0,142.9,ASK
912,1712465340.3029764,2775475.64441776,139.8,-0.0,142.9,ASK
913,1712465370.2798672,2775475.64441776,139.8,-0.0,142.9,ASK
914,1712465400.3057349,2775475.64441776,139.8,-0.0,142.9,ASK
915,1712465417.3941877,2775517.70071776,139.8,-4.0330941389272775e-08,142.9,ASK
916,1712465417.401528,2782135.48048333,139.8,-6.346285523297386e-06,142.9,ASK
917,1712465430.2846944,2782135.48048333,139.8,-0.0,142.9,ASK
918,1712465460.350809,2782135.48048333,139.8,-0.0,142.9,ASK
919,1712465490.376668,2782135.48048333,139.8,-0.0,142.9,ASK
920,1712465510.1342468,2782213.85948017,139.8,-7.509645074959597e-08,142.9,ASK
921,1712465520.338375,2782213.85948017,139.8,-0.0,142.9,ASK
922,1712465535.5342944,2782363.85948017,139.8,-1.437164266954591e-07,142.9,ASK
923,1712465550.2953198,2782363.85948017,139.8,-0.0,142.9,ASK
924,1712465580.3746517,2782363.85948017,139.8,-0.0,142.9,ASK
925,1712465596.4844406,2782747.5893204,139.8,-3.676478230779173e-07,142.9,ASK
926,1712465610.3369255,2782747.5893204,139.8,-0.0,142.9,ASK
927,1712465640.2930102,2782747.5893204,139.8,-0.0,142.9,ASK
928,1712465670.286584,2782747.5893204,139.8,-0.0,142.9,ASK
929,1712465700.3502047,2782747.5893204,139.8,-0.0,142.9,ASK
930,1712465730.3570127,2782747.5893204,139.8,-0.0,142.9,ASK
931,1712465757.5245316,2782818.99750479,139.9,6.844067392766965e-08,142.9,BID
932,1712465760.2729554,2782818.99750479,139.9,0.0,142.9,BID
933,1712465769.826824,2782939.13815407,139.9,1.151468608892426e-07,142.9,BID
934,1712465769.834272,2783176.39564631,139.9,2.273956035497599e-07,142.9,BID
935,1712465790.2828414,2783176.39564631,139.9,0.0,142.9,BID
936,1712465820.3560524,2783176.39564631,139.9,0.0,142.9,BID
937,1712465850.3479395,2783176.39564631,139.9,0.0,142.9,BID
938,1712465880.3185694,2783176.39564631,139.9,0.0,142.9,BID
939,1712465910.2878847,2783176.39564631,139.9,0.0,142.9,BID
940,1712465940.3558922,2783176.39564631,139.9,0.0,142.9,BID
941,1712465970.3581026,2783176.39564631,139.9,0.0,142.9,BID
942,1712465993.1846044,2785216.13147697,139.9,1.9548581147384188e-06,142.9,BID
943,1712465993.2846262,2787978.27374766,139.9,2.647203697046313e-06,142.9,BID
944,1712465993.3844998,2790639.49158923,139.9,2.550478946578157e-06,142.9,BID
945,1712465993.484438,2793547.70869153,139.9,2.787200046396468e-06,142.9,BID
946,1712465993.544426,2799905.94772616,139.9,6.093659279530886e-06,142.9,BID
947,1712465993.76437,2804933.57784,139.9,4.818419806237121e-06,142.9,BID
948,1712466000.3757966,2804933.57784,139.9,0.0,142.9,BID
949,1712466030.2741132,2804933.57784,139.9,0.0,142.9,BID
950,1712466060.36088,2804933.57784,139.9,0.0,142.9,BID
951,1712466065.7745657,2805005.00641142,140.0,6.835650639369407e-08,142.9,BID
952,1712466090.368303,2805005.00641142,140.0,0.0,142.9,BID
953,1712466115.4843552,2805010.50091692,140.0,5.258142485387387e-09,142.9,BID
954,1712466120.2924318,2805010.50091692,140.0,0.0,142.9,BID
955,1712466150.2791836,2805010.50091692,140.0,0.0,142.9,BID
956,1712466180.36548,2805010.50091692,140.0,0.0,142.9,BID
957,1712466210.3642614,2805010.50091692,140.0,0.0,142.9,BID
958,1712466219.9343562,2805173.58261038,140.0,-1.5606611909519006e-07,142.9,ASK
959,1712466240.296245,2805173.58261038,140.0,-0.0,142.9,ASK
960,1712466257.144642,2805244.70636571,140.6,6.806261152154604e-08,142.9,BID
961,1712466270.2779691,2805244.70636571,140.6,0.0,142.9,BID
962,1712466300.385233,2805244.70636571,140.6,0.0,142.9,BID
963,1712466330.3329513,2805244.70636571,140.6,0.0,142.9,BID
964,1712466360.27343,2805244.70636571,140.6,0.0,142.9,BID
965,1712466390.3034542,2805244.70636571,140.6,0.0,142.9,BID
966,1712466420.3714273,2805244.70636571,140.6,0.0,142.9,BID
967,1712466450.3586338,2805244.70636571,140.6,0.0,142.9,BID
968,1712466480.305846,2805244.70636571,140.6,0.0,142.9,BID
969,1712466510.2861345,2805244.70636571,140.6,0.0,142.9,BID
970,1712466540.3595407,2805244.70636571,140.6,0.0,142.9,BID
971,1712466563.2942464,2805315.93143694,140.4,6.81967246085469e-08,142.9,BID
972,1712466563.2990034,2805885.73200674,140.4,5.455737968300311e-07,142.9,BID
973,1712466563.374368,2806669.20779021,140.4,-7.501639706369456e-07,142.9,ASK
974,1712466570.346561,2806669.20779021,140.4,-0.0,142.9,ASK
975,1712466600.3316927,2806669.20779021,140.4,-0.0,142.9,ASK
976,1712466630.3844578,2806669.20779021,140.4,-0.0,142.9,ASK
977,1712466660.3731985,2806669.20779021,140.4,-0.0,142.9,ASK
978,1712466683.6905236,2806729.22771836,140.3,5.747103757397885e-08,142.9,BID
1178,1712466683.6905236,2806729.22771836,140.3,5.7471037573978854e-08,142.9,BID
979,1712466690.3489454,2806729.22771836,140.3,0.0,142.9,BID
980,1712466720.2931364,2806729.22771836,140.3,0.0,142.9,BID
981,1712466750.288647,2806729.22771836,140.3,0.0,142.9,BID
982,1712466780.383422,2806729.22771836,140.3,0.0,142.9,BID
983,1712466810.366607,2806729.22771836,140.3,0.0,142.9,BID
984,1712466840.3134098,2806729.22771836,140.3,0.0,142.9,BID
985,1712466870.2911031,2806729.22771836,140.3,0.0,142.9,BID
986,1712466875.7247822,2809107.3676372,140.2,2.27712812767961e-06,142.9,BID
987,1712466900.3172812,2809107.3676372,140.2,0.0,142.9,BID
988,1712466930.2785966,2809107.3676372,140.2,0.0,142.9,BID
989,1712466960.3267477,2809107.3676372,140.2,0.0,142.9,BID
990,1712466990.282459,2809107.3676372,140.2,0.0,142.9,BID
991,1712467020.3827388,2809107.3676372,140.2,0.0,142.9,BID
992,1712467027.9693313,2809167.21675096,140.5,5.7640807203017056e-08,142.9,BID
993,1712467050.3543825,2809167.21675096,140.5,0.0,142.9,BID
994,1712467080.32117,2809167.21675096,140.5,0.0,142.9,BID
995,1712467110.2931242,2809167.21675096,140.5,0.0,142.9,BID
996,1712467140.3719923,2809167.21675096,140.5,0.0,142.9,BID
997,1712467170.3472538,2809167.21675096,140.5,0.0,142.9,BID
998,1712467200.3363452,2809167.21675096,140.5,0.0,142.9,BID
999,1712467230.291576,2809167.21675096,140.5,0.0,142.9,BID
1000,1712467260.3776937,2809167.21675096,140.5,0.0,142.9,BID
1201,1712467290.344283,2809167.21675096,140.5,0.0,142.9,BID
1202,1712467320.323191,2809167.21675096,140.5,0.0,142.9,BID
1203,1712467350.2929878,2809167.21675096,140.5,0.0,142.9,BID
1204,1712467354.3746102,2809273.67266396,140.2,-1.0262932608368258e-07,142.9,ASK
1205,1712467378.5048487,2812120.64775292,140.5,2.7446397905229222e-06,142.9,BID
1206,1712467380.3877375,2812120.64775292,140.5,0.0,142.9,BID
1207,1712467389.7342465,2822796.80433654,140.5,1.028828379270864e-05,142.9,BID
1208,1712467410.3699768,2822796.80433654,140.5,0.0,142.9,BID
1209,1712467440.2900364,2822796.80433654,140.5,0.0,142.9,BID
1210,1712467470.299689,2822796.80433654,140.5,0.0,142.9,BID
1211,1712467500.3086016,2822796.80433654,140.5,0.0,142.9,BID
1212,1712467530.320499,2822796.80433654,140.5,0.0,142.9,BID
1213,1712467560.3844268,2822796.80433654,140.5,0.0,142.9,BID
1214,1712467582.6340427,2823602.31275883,140.5,7.768463520268887e-07,142.9,BID
1215,1712467582.784,2825725.56059897,140.5,-2.047697197718387e-06,142.9,ASK
1216,1712467590.415658,2825725.56059897,140.5,-0.0,142.9,ASK
1217,1712467620.3065722,2825725.56059897,140.5,-0.0,142.9,ASK
1218,1712467621.5441864,2825786.79758611,140.2,-5.9034589184332e-08,142.9,ASK
1219,1712467649.8742812,2827334.33334058,140.5,-1.4918783855956796e-06,142.9,ASK
1220,1712467650.2811391,2827334.33334058,140.5,-0.0,142.9,ASK
1221,1712467680.3507516,2827334.33334058,140.5,-0.0,142.9,ASK
1222,1712467710.3650343,2827334.33334058,140.5,-0.0,142.9,ASK
1223,1712467740.452765,2827334.33334058,140.5,-0.0,142.9,ASK
1224,1712467770.3014998,2827334.33334058,140.5,-0.0,142.9,ASK
1225,1712467800.3553145,2827334.33334058,140.5,-0.0,142.9,ASK
1226,1712467830.356917,2827334.33334058,140.5,-0.0,142.9,ASK
1227,1712467860.345012,2827334.33334058,140.5,-0.0,142.9,ASK
1228,1712467890.346572,2827334.33334058,140.5,-0.0,142.9,ASK
1229,1712467918.8041685,2827409.01328368,140.6,7.27197058795641e-08,142.9,BID
1230,1712467920.3146904,2827409.01328368,140.6,0.0,142.9,BID
1231,1712467941.744183,2830253.96349705,140.6,2.770246185651008e-06,142.9,BID
1232,1712467950.2951212,2830253.96349705,140.6,0.0,142.9,BID
1233,1712467955.4042847,2830348.76331436,140.6,9.227457891840581e-08,142.9,BID
1234,1712467955.4071565,2830965.20105039,140.6,6.000173221406961e-07,142.9,BID
1235,1712467978.854391,2833810.15126376,140.6,2.76916760424638e-06,142.9,BID
1236,1712467980.307521,2833810.15126376,140.6,0.0,142.9,BID
1237,1712468010.3041446,2833810.15126376,140.6,0.0,142.9,BID
1238,1712468040.3608675,2833810.15126376,140.6,0.0,142.9,BID
1239,1712468070.380633,2833810.15126376,140.6,0.0,142.9,BID
1240,1712468100.278455,2833810.15126376,140.6,0.0,142.9,BID
1241,1712468130.315128,2833810.15126376,140.6,0.0,142.9,BID
1242,1712468141.2742596,2833860.15126376,140.6,4.8653190567654575e-08,142.9,BID
1243,1712468155.4040675,2837982.77676651,140.6,4.01157768448764e-06,142.9,BID
1244,1712468155.407004,2838285.87770258,140.6,2.949365520765931e-07,142.9,BID
1245,1712468160.352049,2838285.87770258,140.6,0.0,142.9,BID
1246,1712468190.3444374,2838285.87770258,140.6,0.0,142.9,BID
1247,1712468220.3009455,2838285.87770258,140.6,0.0,142.9,BID
1248,1712468250.2754817,2838285.87770258,140.6,0.0,142.9,BID
1249,1712468280.3476024,2838285.87770258,140.6,0.0,142.9,BID
1250,1712468310.4674983,2838285.87770258,140.6,0.0,142.9,BID
1251,1712468318.0338438,2838328.95579832,140.6,-4.189208397300203e-08,142.9,ASK
1252,1712468340.2984202,2838328.95579832,140.6,-0.0,142.9,ASK
1253,1712468349.214183,2843614.20579832,140.7,5.139707986391498e-06,142.9,BID
1254,1712468370.2719865,2843614.20579832,140.7,0.0,142.9,BID
1255,1712468400.3210812,2843614.20579832,140.7,0.0,142.9,BID
1256,1712468420.6340249,2844537.50125287,140.8,8.973164362588968e-07,142.9,BID
1257,1712468420.6369565,2845229.14103932,140.8,6.721789274424267e-07,142.9,BID
1258,1712468420.6539974,2845229.14103983,140.8,4.960044968808245e-16,142.9,BID
1259,1712468430.3073912,2845229.14103983,140.8,0.0,142.9,BID
1260,1712468447.4139426,2845354.18033774,140.9,1.214941843885005e-07,142.9,BID
1261,1712468447.4168828,2845398.39813774,140.9,4.29641371650446e-08,142.9,BID
1262,1712468460.371839,2845398.39813774,140.9,0.0,142.9,BID
1263,1712468490.353923,2845398.39813774,140.9,0.0,142.9,BID
1264,1712468520.2912462,2845398.39813774,140.9,0.0,142.9,BID
1265,1712468545.013837,2851819.97688774,140.9,-6.2393696030310834e-06,142.9,ASK
1266,1712468550.2735517,2851819.97688774,140.9,-0.0,142.9,ASK
1267,1712468561.4739792,2855030.76626274,140.9,-3.1169446107983243e-06,142.9,ASK
1268,1712468561.5739503,2855786.04853356,140.9,-7.332069247500124e-07,142.9,ASK
1269,1712468561.576198,2856507.45203016,140.9,-7.003183573632379e-07,142.9,ASK
1270,1712468561.8152936,2857915.2181574,140.9,-1.3666200211483138e-06,142.9,ASK
1271,1712468580.3569424,2857915.2181574,140.9,-0.0,142.9,ASK
1272,1712468610.3883078,2857915.2181574,140.9,-0.0,142.9,ASK
1273,1712468640.2906578,2857915.2181574,140.9,-0.0,142.9,ASK
1274,1712468670.305051,2857915.2181574,140.9,-0.0,142.9,ASK
1275,1712468700.333577,2857915.2181574,140.9,-0.0,142.9,ASK
1276,1712468730.3308885,2857915.2181574,140.9,-0.0,142.9,ASK
1277,1712468741.6741369,2858767.76780239,141.1,8.292114720713149e-07,142.9,BID
1278,1712468741.677318,2868229.66315765,141.0,9.20288011639826e-06,142.9,BID
1279,1712468760.3860245,2868229.66315765,141.0,0.0,142.9,BID
1280,1712468790.349706,2868229.66315765,141.0,0.0,142.9,BID
1281,1712468820.2936628,2868229.66315765,141.0,0.0,142.9,BID
1282,1712468850.3018787,2868229.66315765,141.0,0.0,142.9,BID
1283,1712468875.2376156,2875321.86173921,141.0,6.8883084982332685e-06,142.9,BID
1284,1712468880.3763115,2875321.86173921,141.0,0.0,142.9,BID
1285,1712468910.357186,2875321.86173921,141.0,0.0,142.9,BID
1286,1712468935.314326,2875677.73362533,140.5,-3.4530572387793346e-07,142.9,ASK
1287,1712468935.3178809,2888960.57247248,140.6,-1.2888459196015816e-05,142.9,ASK
1288,1712468935.321318,2966167.65099955,140.5,-7.491472965157791e-05,142.9,ASK
1289,1712468940.3159275,2966167.65099955,140.5,-0.0,142.9,ASK
1290,1712468964.9044456,2967925.10135456,141.1,1.6844067260201437e-06,142.9,BID
1291,1712468964.907508,2972889.64036166,141.0,4.758201488485847e-06,142.9,BID
1292,1712468964.9098113,2976801.92778127,141.1,3.749683867273005e-06,142.9,BID
1293,1712468970.2738376,2976801.92778127,141.1,0.0,142.9,BID
1294,1712469000.3313956,2976801.92778127,141.1,0.0,142.9,BID
1295,1712469030.2895737,2976801.92778127,141.1,0.0,142.9,BID
1296,1712469060.3475022,2976801.92778127,141.1,0.0,142.9,BID
1297,1712469090.3555813,2976801.92778127,141.1,0.0,142.9,BID
1298,1712469120.2900429,2976801.92778127,141.1,0.0,142.9,BID
1299,1712469150.2923467,2976801.92778127,141.1,0.0,142.9,BID
1300,1712469180.3927066,2976801.92778127,141.1,0.0,142.9,BID
1301,1712469210.354558,2976801.92778127,141.1,0.0,142.9,BID
1302,1712469218.7599163,2976872.79950345,140.7,6.782899490038645e-08,142.9,BID
1303,1712469240.2828038,2976872.79950345,140.7,0.0,142.9,BID
1304,1712469270.296768,2976872.79950345,140.7,0.0,142.9,BID
1305,1712469300.3445735,2976872.79950345,140.7,0.0,142.9,BID
1306,1712469319.056984,2981248.89498544,140.5,-4.2023896559969e-06,142.9,ASK
1307,1712469327.074226,2987401.40513826,140.5,-5.908290879628413e-06,142.9,ASK
1308,1712469329.933889,2987614.1710957,141.0,2.043203724354185e-07,142.9,BID
1309,1712469330.2873557,2987614.1710957,141.0,0.0,142.9,BID
1310,1712469360.3511765,2987614.1710957,141.0,0.0,142.9,BID
1311,1712469364.144037,2987826.93705314,140.5,-2.0402466728694002e-07,142.9,ASK
1312,1712469386.0640757,2987986.54698221,141.0,1.530525045741159e-07,142.9,BID
1313,1712469386.7938118,2988199.31293965,141.0,2.0402466728694002e-07,142.9,BID
1314,1712469390.3636198,2988199.31293965,141.0,0.0,142.9,BID
1315,1712469395.1021297,2988270.23492546,141.0,6.800284929327585e-08,142.9,BID
1316,1712469402.8542771,2988483.0008829,140.5,-2.0400854788875745e-07,142.9,ASK
1317,1712469420.3034215,2988483.0008829,140.5,-0.0,142.9,ASK
1318,1712469450.2930875,2988483.0008829,140.5,-0.0,142.9,ASK
1319,1712469480.3827226,2988483.0008829,140.5,-0.0,142.9,ASK
1320,1712469510.391974,2988483.0008829,140.5,-0.0,142.9,ASK
1321,1712469535.9438777,2991961.05618149,141.0,3.3347715911801828e-06,142.9,BID
1322,1712469540.326786,2991961.05618149,141.0,0.0,142.9,BID
1323,1712469553.2839406,2994892.96611304,141.0,2.809804324270143e-06,142.9,BID
1324,1712469570.2848067,2994892.96611304,141.0,0.0,142.9,BID
1325,1712469600.4154296,2994892.96611304,141.0,0.0,142.9,BID
1326,1712469630.2765155,2994892.96611304,141.0,0.0,142.9,BID
1327,1712469660.437739,2994892.96611304,141.0,0.0,142.9,BID
1328,1712469690.3798857,2994892.96611304,141.0,0.0,142.9,BID
1329,1712469720.286754,2994892.96611304,141.0,0.0,142.9,BID
1330,1712469750.3126478,2994892.96611304,141.0,0.0,142.9,BID
1331,1712469780.365562,2994892.96611304,141.0,0.0,142.9,BID
1332,1712469810.3580787,2994892.96611304,141.0,0.0,142.9,BID
1333,1712469840.2813652,2994892.96611304,141.0,0.0,142.9,BID
1334,1712469870.275164,2994892.96611304,141.0,0.0,142.9,BID
1335,1712469900.3885489,2994892.96611304,141.0,0.0,142.9,BID
1336,1712469930.3740942,2994892.96611304,141.0,0.0,142.9,BID
1337,1712469960.3428676,2994892.96611304,141.0,0.0,142.9,BID
1338,1712469990.307999,2994892.96611304,141.0,0.0,142.9,BID
1339,1712470020.3658743,2994892.96611304,141.0,0.0,142.9,BID
1340,1712470050.3990643,2994892.96611304,141.0,0.0,142.9,BID
1341,1712470067.9641063,3049009.36567685,140.5,-5.200733945087047e-05,142.9,ASK
1342,1712470067.9678278,3049151.7144313,140.5,-1.3680104465093564e-07,142.9,ASK
1343,1712470068.6055918,3049436.41194019,140.4,-2.73602089292921e-07,142.9,ASK
1344,1712470068.6959343,3049649.93507186,140.3,-2.052015669719284e-07,142.9,ASK
1345,1712470080.2920804,3049649.93507186,140.3,-0.0,142.9,ASK
1346,1712470110.324016,3049649.93507186,140.3,-0.0,142.9,ASK
1347,1712470140.3747437,3049649.93507186,140.3,-0.0,142.9,ASK
1348,1712470170.3845344,3049649.93507186,140.3,-0.0,142.9,ASK
1349,1712470200.3432963,3049649.93507186,140.3,-0.0,142.9,ASK
1350,1712470217.4249806,3084648.20215357,140.3,-3.339735582761206e-05,142.9,ASK
1351,1712470222.5586631,3086777.37177673,140.3,2.0317758978178585e-06,142.9,BID
1352,1712470222.560741,3087417.02344057,140.3,6.103923423729189e-07,142.9,BID
1353,1712470222.671025,3087417.02344125,140.3,6.487666740680479e-16,142.9,BID
1354,1712470230.280404,3087417.02344125,140.3,0.0,142.9,BID
1355,1712470260.362635,3087417.02344125,140.3,0.0,142.9,BID
1356,1712470290.4544632,3087417.02344125,140.3,0.0,142.9,BID
1357,1712470307.7938132,3087559.57511623,140.3,-1.3534663337440785e-07,142.9,ASK
1358,1712470307.798091,3090296.99033087,140.2,-2.599057033183261e-06,142.9,ASK
1359,1712470320.3113365,3090296.99033087,140.2,-0.0,142.9,ASK
1360,1712470324.6692576,3092105.56345723,140.2,-1.716503683421562e-06,142.9,ASK
1361,1712470324.6729674,3125276.55112542,140.1,-3.148234466458364e-05,142.9,ASK
1362,1712470324.6753707,3281020.34731167,140.0,-0.0001478153113785,142.9,ASK
1363,1712470324.6835754,3284020.34731167,140.0,2.84727831858693e-06,142.9,BID
1364,1712470324.8734436,3284020.34731194,140.0,2.5633434218361035e-16,142.9,BID
1365,1712470324.8758388,3287658.67061094,140.0,3.453106348417495e-06,142.9,BID
1366,1712470350.2864351,3287658.67061094,140.0,0.0,142.9,BID
1367,1712470380.371987,3287658.67061094,140.0,0.0,142.9,BID
1368,1712470410.3945456,3287658.67061094,140.0,0.0,142.9,BID
1369,1712470440.2929332,3287658.67061094,140.0,0.0,142.9,BID
1370,1712470464.3240654,3288370.41438318,140.5,6.582466871098988e-07,142.9,BID
1371,1712470470.3091776,3288370.41438318,140.5,0.0,142.9,BID
1372,1712470482.0240648,3290339.42407204,140.5,1.8208438186394435e-06,142.9,BID
1373,1712470482.1636434,3293038.39356085,140.5,-2.495874925451709e-06,142.9,ASK
1374,1712470498.136454,3293109.56793807,141.0,6.581858156378218e-08,142.9,BID
1375,1712470500.4456654,3293109.56793807,141.0,0.0,142.9,BID
1376,1712470530.292148,3293109.56793807,141.0,0.0,142.9,BID
1377,1712470560.3881507,3293109.56793807,141.0,0.0,142.9,BID
1378,1712470569.583597,3294602.47070599,140.9,1.3797138342145474e-06,142.9,BID
1379,1712470590.3917596,3294602.47070599,140.9,0.0,142.9,BID
1380,1712470620.4774888,3294602.47070599,140.9,0.0,142.9,BID
1381,1712470650.3301015,3294602.47070599,140.9,0.0,142.9,BID
1382,1712470680.3764856,3294602.47070599,140.9,0.0,142.9,BID
1383,1712470710.378658,3294602.47070599,140.9,0.0,142.9,BID
1384,1712470740.290962,3294602.47070599,140.9,0.0,142.9,BID
1385,1712470770.3080404,3294602.47070599,140.9,0.0,142.9,BID
1386,1712470795.3936665,3295341.0305041,140.2,-6.824309899497684e-07,142.9,ASK
1387,1712470795.473747,3298330.8791541,140.2,2.7626271823099583e-06,142.9,BID
1388,1712470795.5738611,3300912.85833045,140.2,2.3857548296775747e-06,142.9,BID
1389,1712470800.3563063,3300912.85833045,140.2,0.0,142.9,BID
1390,1712470802.703583,3301389.4731541,140.2,-4.411223432529245e-07,142.9,ASK
1391,1712470802.7058747,3303052.65861575,140.2,-1.5393316189546535e-06,142.9,ASK
1392,1712470802.783699,3303473.8483541,140.2,-3.898246447983577e-07,142.9,ASK
1393,1712470830.2851827,3303473.8483541,140.2,-0.0,142.9,ASK
1394,1712470860.3918364,3303473.8483541,140.2,-0.0,142.9,ASK
1395,1712470890.4383864,3303473.8483541,140.2,-0.0,142.9,ASK
1396,1712470904.545718,3304877.63393582,140.1,-1.298817076061412e-06,142.9,ASK
1397,1712470904.5476894,3306295.60631269,140.1,-1.3119430491695962e-06,142.9,ASK
1398,1712470904.5506198,3306366.60631269,140.0,-6.56909528073139e-08,142.9,ASK
1399,1712470920.308304,3306366.60631269,140.0,-0.0,142.9,ASK
1400,1712470933.9940112,3313313.87606594,139.9,-6.4253761997022455e-06,142.9,ASK
1401,1712470933.9958763,3313351.47706594,139.9,-3.47763335907074e-08,142.9,ASK
1402,1712470933.997614,3314785.82724463,139.9,-1.3265987686576577e-06,142.9,ASK
1403,1712470934.34138,3315977.3209998,139.9,1.1019862317829705e-06,142.9,BID
1404,1712470934.344498,3319551.80226532,139.9,3.3059586953575254e-06,142.9,BID
1405,1712470950.3067417,3319551.80226532,139.9,0.0,142.9,BID
1406,1712470980.3662453,3319551.80226532,139.9,0.0,142.9,BID
1407,1712470994.173669,3320453.87870376,139.9,8.328896128475429e-07,142.9,BID
1408,1712470994.1962595,3320875.97167276,139.9,3.897195786910625e-07,142.9,BID
1409,1712470994.199236,3321355.95514219,139.9,4.431700341474516e-07,142.9,BID
1410,1712471010.4054046,3321355.95514219,139.9,0.0,142.9,BID
1411,1712471040.291494,3321355.95514219,139.9,0.0,142.9,BID
1412,1712471070.3081949,3321355.95514219,139.9,0.0,142.9,BID
1413,1712471100.3796425,3321355.95514219,139.9,0.0,142.9,BID
1414,1712471120.9440682,3321791.48845,140.0,-4.023999729068349e-07,142.9,ASK
1415,1712471120.9480655,3322769.38270402,140.0,-9.035006376485432e-07,142.9,ASK
1416,1712471130.36243,3322769.38270402,140.0,-0.0,142.9,ASK
1417,1712471160.310316,3322769.38270402,140.0,-0.0,142.9,ASK
1418,1712471173.793748,3322969.38270402,140.0,-1.847511590633881e-07,142.9,ASK
1419,1712471190.313378,3322969.38270402,140.0,-0.0,142.9,ASK
1420,1712471192.8335738,3323040.81127544,140.2,6.598085019484443e-08,142.9,BID
1421,1712471204.933735,3323112.23984686,140.2,6.598085019527459e-08,142.9,BID
1422,1712471213.0438747,3323183.36273255,140.2,6.5698478534059e-08,142.9,BID
1423,1712471220.3523295,3323183.36273255,140.2,0.0,142.9,BID
1424,1712471237.8459227,3323254.68940872,140.7,6.588490050221525e-08,142.9,BID
1425,1712471242.764332,3324154.40172941,140.0,-8.310699434262411e-07,142.9,ASK
1426,1712471242.76845,3324325.91418967,140.0,-1.584271409505873e-07,142.9,ASK
1427,1712471242.772356,3324326.11798015,140.2,-1.8824255155216262e-10,142.9,ASK
1428,1712471250.3296802,3324326.11798015,140.2,-0.0,142.9,ASK
1429,1712471259.623788,3324397.44465632,140.7,6.587516244118217e-08,142.9,BID
1430,1712471280.372405,3324397.44465632,140.7,0.0,142.9,BID
1431,1712471310.414804,3324397.44465632,140.7,0.0,142.9,BID
1432,1712471340.2906835,3324397.44465632,140.7,0.0,142.9,BID
1433,1712471370.3403645,3324397.44465632,140.7,0.0,142.9,BID
1434,1712471400.4218102,3324397.44465632,140.7,0.0,142.9,BID
1435,1712471430.304673,3324397.44465632,140.7,0.0,142.9,BID
1436,1712471460.3814805,3324397.44465632,140.7,0.0,142.9,BID
1437,1712471490.368748,3324397.44465632,140.7,0.0,142.9,BID
1438,1712471520.3063438,3324397.44465632,140.7,0.0,142.9,BID
1439,1712471550.3331523,3324397.44465632,140.7,0.0,142.9,BID
1440,1712471580.3543174,3324397.44465632,140.7,0.0,142.9,BID
1441,1712471610.3506258,3324397.44465632,140.7,0.0,142.9,BID
1442,1712471640.3025212,3324397.44465632,140.7,0.0,142.9,BID
1443,1712471670.2993152,3324397.44465632,140.7,0.0,142.9,BID
1444,1712471700.3587885,3324397.44465632,140.7,0.0,142.9,BID
1445,1712471730.3609016,3324397.44465632,140.7,0.0,142.9,BID
1446,1712471760.2774556,3324397.44465632,140.7,0.0,142.9,BID
1447,1712471790.3124914,3324397.44465632,140.7,0.0,142.9,BID
1448,1712471811.7845123,3324575.19024896,141.0,1.6415893591992017e-07,142.9,BID
1449,1712471811.7885184,3325575.19024896,140.7,9.23561217364044e-07,142.9,BID
1450,1712471811.7916932,3326559.52069204,141.0,9.090894222994989e-07,142.9,BID
1451,1712471811.794865,3330065.74664686,140.9,3.238214311186908e-06,142.9,BID
1452,1712471811.798045,3330135.94369121,140.6,6.483126773500476e-08,142.9,BID
1453,1712471811.8006947,3330495.93187524,140.7,3.324711254795733e-07,142.9,BID
1454,1712471811.8025374,3331495.93187524,140.9,9.23561217364044e-07,142.9,BID
1455,1712471820.3816674,3331495.93187524,140.9,0.0,142.9,BID
1456,1712471850.3534713,3331495.93187524,140.9,0.0,142.9,BID
1457,1712471880.2995677,3331495.93187524,140.9,0.0,142.9,BID
1458,1712471910.2868702,3331495.93187524,140.9,0.0,142.9,BID
1459,1712471940.3773348,3331495.93187524,140.9,0.0,142.9,BID
1460,1712471970.401465,3331495.93187524,140.9,0.0,142.9,BID
1461,1712472000.333728,3331495.93187524,140.9,0.0,142.9,BID
1462,1712472030.3427434,3331495.93187524,140.9,0.0,142.9,BID
1463,1712472060.372079,3331495.93187524,140.9,0.0,142.9,BID
1464,1712472090.3645391,3331495.93187524,140.9,0.0,142.9,BID
1465,1712472120.3188865,3331495.93187524,140.9,0.0,142.9,BID
1466,1712472150.3122132,3331495.93187524,140.9,0.0,142.9,BID
1467,1712472180.3938031,3331495.93187524,140.9,0.0,142.9,BID
1468,1712472210.3646414,3331495.93187524,140.9,0.0,142.9,BID
1469,1712472240.3171172,3331495.93187524,140.9,0.0,142.9,BID
1470,1712472270.3115723,3331495.93187524,140.9,0.0,142.9,BID
1471,1712472300.3246815,3331495.93187524,140.9,0.0,142.9,BID
1472,1712472330.2822697,3331495.93187524,140.9,0.0,142.9,BID
1473,1712472351.1940172,3332495.93187524,140.9,9.396556049776508e-07,142.9,BID
1474,1712472351.198349,3336896.63838489,140.8,4.135148537654026e-06,142.9,BID
1475,1712472351.2016406,3355758.18564964,140.9,1.772335860587333e-05,142.9,BID
1476,1712472351.2049377,3355832.86559274,140.8,7.017342711340563e-08,142.9,BID
1477,1712472351.2539308,3356254.79789274,140.9,-3.964710506160984e-07,142.9,ASK
1478,1712472351.2581382,3367351.80483478,140.9,-1.042736477156362e-05,142.9,ASK
1479,1712472360.3726926,3367351.80483478,140.9,-0.0,142.9,ASK
1480,1712472390.3647573,3367351.80483478,140.9,-0.0,142.9,ASK
1481,1712472420.336389,3367351.80483478,140.9,-0.0,142.9,ASK
1482,1712472450.2927735,3367351.80483478,140.9,-0.0,142.9,ASK
1483,1712472480.3718574,3367351.80483478,140.9,-0.0,142.9,ASK
1484,1712472507.8314474,3367422.77715557,140.9,6.637447225249921e-08,142.9,BID
1485,1712472510.4609675,3367422.77715557,140.9,0.0,142.9,BID
1486,1712472540.2801454,3367422.77715557,140.9,0.0,142.9,BID
1487,1712472570.295414,3367422.77715557,140.9,0.0,142.9,BID
1488,1712472583.7438955,3367493.79988284,140.8,6.642099203430153e-08,142.9,BID
1489,1712472600.3143332,3367493.79988284,140.8,0.0,142.9,BID
1490,1712472630.2889209,3367493.79988284,140.8,0.0,142.9,BID
1491,1712472660.333155,3367493.79988284,140.8,0.0,142.9,BID
1492,1712472690.2718973,3367493.79988284,140.8,0.0,142.9,BID
1493,1712472710.659207,3368857.81818162,139.9,-1.2819644160914146e-06,142.9,ASK
1494,1712472710.6613002,3368957.81818162,140.2,-9.398440015342533e-08,142.9,ASK
1495,1712472710.6632988,3369250.84675304,140.0,-2.7540114512712897e-07,142.9,ASK
1496,1712472710.665346,3369466.19273191,139.9,-2.0239162649554468e-07,142.9,ASK
1497,1712472710.6701324,3369666.19273191,139.9,-1.8796880030685065e-07,142.9,ASK
1498,1712472710.6721425,3370102.38633979,140.0,-4.099539458738542e-07,142.9,ASK
1499,1712472720.4068842,3370102.38633979,140.0,-0.0,142.9,ASK
1500,1712472743.7341597,3377035.00319151,139.9,-6.513343735282093e-06,142.9,ASK
1501,1712472743.7386258,3377312.37531946,139.8,-2.6059712379387817e-07,142.9,ASK
1502,1712472750.5406857,3377312.37531946,139.8,-0.0,142.9,ASK
1503,1712472766.2018068,3377454.37036752,139.8,-1.3328112051512605e-07,142.9,ASK
1504,1712472780.3630986,3377454.37036752,139.8,-0.0,142.9,ASK
1505,1712472805.0340705,3377554.37036752,139.8,-9.386146840682996e-08,142.9,ASK
1506,1712472805.8488383,3378586.64414131,139.8,-9.689073220577715e-07,142.9,ASK
1507,1712472805.852445,3389714.59926595,139.8,-1.0444862083640102e-05,142.9,ASK
1508,1712472810.2808857,3389714.59926595,139.8,-0.0,142.9,ASK
1509,1712472840.3576982,3389714.59926595,139.8,-0.0,142.9,ASK
1510,1712472870.415097,3389714.59926595,139.8,-0.0,142.9,ASK
1511,1712472900.3203394,3389714.59926595,139.8,-0.0,142.9,ASK
1512,1712472907.054161,3389764.59926595,139.9,-4.6859642951032753e-08,142.9,ASK
1513,1712472907.0565054,3396605.0131075,139.9,-6.41078700504693e-06,142.9,ASK
1514,1712472930.3048418,3396605.0131075,139.9,-0.0,142.9,ASK
1515,1712472939.6740854,3402326.64223546,139.9,-5.357429925811483e-06,142.9,ASK
1516,1712472960.3969393,3402326.64223546,139.9,-0.0,142.9,ASK
1517,1712472980.1542375,3409546.50883957,139.9,-6.755236921894664e-06,142.9,ASK
1518,1712472990.3845952,3409546.50883957,139.9,-0.0,142.9,ASK
1519,1712473020.2944214,3409546.50883957,139.9,-0.0,142.9,ASK
1520,1712473050.2901838,3409546.50883957,139.9,-0.0,142.9,ASK
1521,1712473080.361659,3409546.50883957,139.9,-0.0,142.9,ASK
1522,1712473110.3525674,3409546.50883957,139.9,-0.0,142.9,ASK
1523,1712473140.287739,3409546.50883957,139.9,-0.0,142.9,ASK
1524,1712473170.333882,3409546.50883957,139.9,-0.0,142.9,ASK
1525,1712473194.6848276,3410869.76298242,140.0,-1.2369280399932356e-06,142.9,ASK
1526,1712473194.689586,3411384.00883957,139.9,-4.806976222941632e-07,142.9,ASK
1527,1712473200.4032166,3411384.00883957,139.9,-0.0,142.9,ASK
1528,1712473230.2649584,3411384.00883957,139.9,-0.0,142.9,ASK
1529,1712473237.1542482,3411426.59223204,139.9,-3.9795780722267294e-08,142.9,ASK
1530,1712473260.3604145,3411426.59223204,139.9,-0.0,142.9,ASK
1531,1712473290.3479333,3411426.59223204,139.9,-0.0,142.9,ASK
1532,1712473320.347222,3411426.59223204,139.9,-0.0,142.9,ASK
1533,1712473350.2832108,3411426.59223204,139.9,-0.0,142.9,ASK
1534,1712473380.365995,3411426.59223204,139.9,-0.0,142.9,ASK
1535,1712473410.3442905,3411426.59223204,139.9,-0.0,142.9,ASK
1536,1712473440.2949898,3411426.59223204,139.9,-0.0,142.9,ASK
1537,1712473470.3583138,3411426.59223204,139.9,-0.0,142.9,ASK
1538,1712473500.3759184,3411426.59223204,139.9,-0.0,142.9,ASK
1539,1712473506.7338977,3415632.52928009,140.6,-3.931339560368398e-06,142.9,ASK
1540,1712473506.823992,3415703.60248549,140.5,6.643297340881323e-08,142.9,BID
1541,1712473530.0646565,3419513.18814787,140.9,3.5608651893806044e-06,142.9,BID
1542,1712473530.0695572,3426661.15097846,140.7,6.681286174973198e-06,142.9,BID
1543,1712473530.074401,3428820.86657846,140.6,2.018711949424654e-06,142.9,BID
1544,1712473530.0769265,3429898.06664446,140.9,1.0068717590198015e-06,142.9,BID
1545,1712473530.4078815,3429898.06664446,140.9,0.0,142.9,BID
1546,1712473560.2724051,3429898.06664446,140.9,0.0,142.9,BID
1547,1712473567.466895,3430646.36011949,140.9,6.977436311164042e-07,142.9,BID
1548,1712473567.54379,3435994.41931724,140.9,-4.986779076102428e-06,142.9,ASK
1549,1712473567.5644577,3436265.09501724,140.9,-2.523906088656197e-07,142.9,ASK
1550,1712473567.5681567,3470029.47921759,140.9,-3.148348184302597e-05,142.9,ASK
1551,1712473567.5839937,3470426.66631759,140.9,-3.703557208963189e-07,142.9,ASK
1552,1712473567.6642792,3472514.78926472,140.9,-1.947062931812284e-06,142.9,ASK
1553,1712473567.6690545,3475270.26426472,140.9,-2.5693330172008844e-06,142.9,ASK
1554,1712473567.6742263,3506279.17346507,140.9,-2.8914148825825085e-05,142.9,ASK
1555,1712473583.61451,3506990.41101841,140.9,6.631909666647525e-07,142.9,BID
1556,1712473583.6190636,3508448.06281841,140.9,1.3591823178657968e-06,142.9,BID
1557,1712473583.6227534,3510832.73237533,141.0,2.223576779941036e-06,142.9,BID
1558,1712473583.626474,3514876.09247533,140.9,3.7702169699825777e-06,142.9,BID
1559,1712473583.630011,3524970.96615191,141.0,9.41292961892522e-06,142.9,BID
1560,1712473583.6322172,3529480.29515191,140.9,4.204708039492583e-06,142.9,BID
1561,1712473590.3046336,3529480.29515191,140.9,0.0,142.9,BID
1562,1712473620.3801763,3529480.29515191,140.9,0.0,142.9,BID
1563,1712473650.334058,3529480.29515191,140.9,0.0,142.9,BID
1564,1712473680.314755,3529480.29515191,140.9,0.0,142.9,BID
1565,1712473710.304779,3529480.29515191,140.9,0.0,142.9,BID
1566,1712473740.3917518,3529480.29515191,140.9,0.0,142.9,BID
1567,1712473740.7859795,3529551.2674727,140.9,-6.532317442387353e-08,142.9,ASK
1568,1712473770.3633206,3529551.2674727,140.9,-0.0,142.9,ASK
1569,1712473800.3290226,3529551.2674727,140.9,-0.0,142.9,ASK
1570,1712473830.3310409,3529551.2674727,140.9,-0.0,142.9,ASK
1571,1712473857.094202,3533099.88351244,140.9,3.271628135659009e-06,142.9,BID
1572,1712473860.3871143,3533099.88351244,140.9,0.0,142.9,BID
1573,1712473890.335454,3533099.88351244,140.9,0.0,142.9,BID
1574,1712473911.8343303,3533170.85583323,140.9,6.54024140006683e-08,142.9,BID
1575,1712473920.296302,3533170.85583323,140.9,0.0,142.9,BID
1576,1712473950.2902713,3533170.85583323,140.9,0.0,142.9,BID
1577,1712473978.324794,3543695.53904271,140.9,9.698616836837914e-06,142.9,BID
1578,1712473978.3305528,3544052.68189985,140.9,3.2911125764752897e-07,142.9,BID
1579,1712473978.4672709,3545750.44559985,140.9,-1.5645088101997335e-06,142.9,ASK
1580,1712473978.4841182,3549979.37419985,140.9,-3.89700642816543e-06,142.9,ASK
1581,1712473978.5843587,3554173.55419985,140.9,-3.864985192912147e-06,142.9,ASK
1582,1712473978.5876024,3555574.67549985,140.9,-1.2911494208576405e-06,142.9,ASK
1583,1712473980.3668036,3555574.67549985,140.9,-0.0,142.9,ASK
1584,1712473989.204361,3555645.59748566,141.0,6.51658638651704e-08,142.9,BID
1585,1712473989.954763,3555998.54318566,141.0,3.243001613007008e-07,142.9,BID
1586,1712473989.9599354,3560752.11596178,141.0,4.367766537600712e-06,142.9,BID
1587,1712473989.9644089,3565568.75161073,141.0,4.425711144465037e-06,142.9,BID
1588,1712474003.0641534,3566369.19220975,141.1,7.354757838778599e-07,142.9,BID
1589,1712474003.146758,3568170.18355751,141.1,1.6548205136927736e-06,142.9,BID
1590,1712474003.2645178,3568878.90077934,141.1,6.511967970031661e-07,142.9,BID
1591,1712474003.2695963,3569283.72297934,141.1,3.7196629611306034e-07,142.9,BID
1592,1712474003.274587,3570171.28505506,141.1,8.155263665782093e-07,142.9,BID
1593,1712474003.444332,3570594.69390282,141.1,3.89044427017181e-07,142.9,BID
1594,1712474003.4496992,3571165.00922894,141.1,5.240277817608604e-07,142.9,BID
1595,1712474010.3463173,3571165.00922894,141.1,0.0,142.9,BID
1596,1712474040.308319,3571165.00922894,141.1,0.0,142.9,BID
1597,1712474050.2644472,3571796.63502894,141.0,-5.791920521383926e-07,142.9,ASK
1598,1712474066.8946342,3571821.09295112,141.1,2.2427573633488173e-08,142.9,BID
1599,1712474066.9001012,3571867.50675112,141.1,4.2560807474398174e-08,142.9,BID
1600,1712474067.0746875,3572122.71555112,141.0,-2.340229113437861e-07,142.9,ASK
1601,1712474067.079601,3572497.20665112,141.0,-3.434031173463896e-07,142.9,ASK
1602,1712474067.1742852,3572551.40555112,141.0,-4.969963563038903e-08,142.9,ASK
1603,1712474070.2682097,3572551.40555112,141.0,-0.0,142.9,ASK
1604,1712474071.185314,3572586.84141221,141.1,3.248836666772414e-08,142.9,BID
1605,1712474071.8447647,3577365.67665945,141.0,-4.381339890791129e-06,142.9,ASK
1606,1712474100.290723,3577365.67665945,141.0,-0.0,142.9,ASK
1607,1712474130.2949102,3577365.67665945,141.0,-0.0,142.9,ASK
1608,1712474144.067016,3577436.54838163,141.1,6.497903177810586e-08,142.9,BID
1609,1712474144.1842463,3577762.33528163,141.0,-2.986990675104133e-07,142.9,ASK
1610,1712474145.6643276,3577840.7335807,141.1,7.187980494802256e-08,142.9,BID
1611,1712474148.7244809,3577914.1904807,141.1,6.734926276110337e-08,142.9,BID
1612,1712474148.7313824,3578508.94575945,141.1,5.453038386730084e-07,142.9,BID
1613,1712474160.3705957,3578508.94575945,141.1,0.0,142.9,BID
1614,1712474168.914315,3578567.51392626,141.2,5.369052675658524e-08,142.9,BID
1615,1712474190.338367,3578567.51392626,141.2,0.0,142.9,BID
1616,1712474220.2977405,3578567.51392626,141.2,0.0,142.9,BID
1617,1712474220.7944748,3578638.335456,141.2,6.49229200440818e-08,142.9,BID
1618,1712474231.9943624,3578821.05770224,141.1,-1.6750360838657697e-07,142.9,ASK
1619,1712474232.134106,3588448.93682124,141.0,-8.825988771093432e-06,142.9,ASK
1620,1712474232.3543704,3588530.33232124,141.0,-7.461620156828937e-08,142.9,ASK
1621,1712474232.534258,3594909.94754124,141.0,-5.848267474038015e-06,142.9,ASK
1622,1712474232.6142988,3606668.64776976,141.0,-1.0779337265957391e-05,142.9,ASK
1623,1712474238.4746342,3607751.84356976,141.0,-9.929781886056312e-07,142.9,ASK
1624,1712474244.2746117,3608548.99241501,141.0,-7.307556181485919e-07,142.9,ASK
1625,1712474244.3542638,3610940.43895073,141.0,-2.1922668544188828e-06,142.9,ASK
1626,1712474244.4542792,3611737.58779598,141.0,-7.307556181485919e-07,142.9,ASK
1627,1712474244.5746567,3613331.88548645,141.0,-1.4615112362702903e-06,142.9,ASK
1628,1712474244.7541766,3614129.0343317,141.0,-7.307556181485919e-07,142.9,ASK
1629,1712474250.3142557,3614129.0343317,141.0,-0.0,142.9,ASK
1630,1712474280.3917005,3614129.0343317,141.0,-0.0,142.9,ASK
1631,1712474310.3997476,3614129.0343317,141.0,-0.0,142.9,ASK
1632,1712474340.3031144,3614129.0343317,141.0,-0.0,142.9,ASK
1633,1712474370.347406,3614129.0343317,141.0,-0.0,142.9,ASK
