,time,acc_trade_volume,trade_price,dev,high,ask_bid
0,1712451675.0586271,4738429.23914206,182.7,0.0,183.7,BID
1,1712451677.0645144,4738458.35659252,182.7,4.242040803450683e-09,183.7,BID
2,1712451677.066013,4738469.23914206,182.7,1.5854485356980583e-09,183.7,BID
3,1712451678.3777,4738617.87585446,182.7,2.165447142282761e-08,183.7,BID
4,1712451678.379052,4739363.60573074,182.7,1.0864332259777129e-07,183.7,BID
5,1712451679.096073,4739413.60573074,182.7,7.284361673935926e-09,183.7,BID
6,1712451683.374753,4739463.60573074,182.7,7.284361673935926e-09,183.7,BID
7,1712451689.574484,4741148.07003882,182.7,2.454049449377217e-07,183.7,BID
8,1712451689.5868938,4741346.65411158,182.7,2.893116417338557e-08,183.7,BID
9,1712451690.9559956,4741346.65411158,182.7,0.0,183.7,BID
10,1712451710.524293,4742062.06094283,182.7,1.0421741056368149e-07,183.7,BID
11,1712451720.6343632,4742062.06094283,182.7,0.0,183.7,BID
12,1712451736.4453893,4753014.96346199,182.7,1.5955416622032383e-06,183.7,BID
13,1712451736.5442166,4763967.86598115,182.7,1.595541662203374e-06,183.7,BID
14,1712451747.44458,4764037.86598115,182.7,1.0197106763148e-08,183.7,BID
15,1712451750.7471774,4764037.86598115,182.7,0.0,183.7,BID
16,1712451752.1544003,4764097.86598115,182.7,8.73526819487498e-09,183.7,BID
17,1712451758.996859,4764157.86598115,182.7,8.73526819487498e-09,183.7,BID
18,1712451763.1545286,4764217.86598115,182.7,8.73526819487498e-09,183.7,BID
19,1712451769.42543,4764277.86598115,182.7,8.73526819487498e-09,183.7,BID
20,1712451780.9813173,4764277.86598115,182.7,0.0,183.7,BID
21,1712451783.8649156,4764377.86598115,182.7,1.4558687386004016e-08,183.7,BID
22,1712451791.1742575,4764477.86598115,182.7,1.4558687386004016e-08,183.7,BID
23,1712451810.9643316,4764477.86598115,182.7,0.0,183.7,BID
24,1712451839.6446016,4770000.79993606,182.6,-8.04062411624246e-07,183.7,ASK
25,1712451839.6459036,4778188.47412444,182.6,-1.192011548074082e-06,183.7,ASK
26,1712451839.6471872,4790429.48836251,182.6,-1.7821215153659191e-06,183.7,ASK
27,1712451840.604657,4790429.48836251,182.6,-0.0,183.7,ASK
28,1712451852.6943283,4792241.81417413,182.6,-2.6366754187800185e-07,183.7,ASK
29,1712451852.704356,4792396.79888295,182.6,-2.2548063345655367e-08,183.7,ASK
30,1712451852.7055366,4792478.94565184,182.6,-1.195118255650288e-08,183.7,ASK
31,1712451856.7569838,4803480.94565184,182.7,1.6006339903910309e-06,183.7,BID
32,1712451857.0940866,4804510.94565184,182.7,1.4985030086373036e-07,183.7,BID
33,1712451857.684322,4809510.94565184,182.6,-7.274286449695649e-07,183.7,ASK
34,1712451859.947129,4810933.45036882,182.7,2.069541357470191e-07,183.7,BID
35,1712451861.6942086,4822340.45036882,182.7,1.6595557106335654e-06,183.7,BID
36,1712451863.3018627,4822388.92605903,182.6,-7.052521128719581e-09,183.7,ASK
37,1712451870.2028885,4834529.03215477,182.7,1.7662121854021282e-06,183.7,BID
38,1712451870.2136495,4834829.03215477,182.7,4.36457186981739e-08,183.7,BID
39,1712451870.214309,4834829.61986069,182.7,8.550282427076353e-11,183.7,BID
40,1712451870.21559,4926752.51376495,182.7,1.3373469230891436e-05,183.7,BID
41,1712451870.518939,4937574.58680471,182.7,-1.574457185414838e-06,183.7,ASK
42,1712451870.525881,4959480.39184304,182.7,-3.1869820151998577e-06,183.7,ASK
43,1712451870.53534,4967613.22432464,182.7,-1.1832110623710005e-06,183.7,ASK
44,1712451870.604219,4967613.22432464,182.7,-0.0,183.7,ASK
45,1712451874.0751212,4968091.38920477,182.7,-6.924008114969226e-08,183.7,ASK
46,1712451877.6746314,4971377.10349048,182.6,-4.757838419985906e-07,183.7,ASK
47,1712451877.6796277,4971721.93861035,182.7,-4.9933428144113966e-08,183.7,ASK
48,1712451877.6810987,4986518.47821132,182.6,-2.142594835543617e-06,183.7,ASK
49,1712451877.6825151,4986578.47821132,182.6,-8.688226679985871e-09,183.7,ASK
50,1712451877.6839588,4989503.22297042,182.6,-4.235140908026272e-07,183.7,ASK
51,1712451895.6649551,5002969.22297042,182.8,1.9499276745448294e-06,183.7,BID
52,1712451895.666506,5006235.22297042,182.8,4.72929138947231e-07,183.7,BID
53,1712451895.6843038,5018451.22297042,182.8,1.7689229520451235e-06,183.7,BID
54,1712451895.6858528,5033852.22297042,182.8,2.2301229849743737e-06,183.7,BID
55,1712451895.7150743,5040178.22297042,182.8,9.160286996265104e-07,183.7,BID
56,1712451895.715791,5065016.22297042,182.8,3.5966362379581514e-06,183.7,BID
57,1712451898.5265515,5075969.12548959,182.8,1.5860216648389825e-06,183.7,BID
58,1712451901.0621765,5075969.12548959,182.8,0.0,183.7,BID
59,1712451902.2186213,5077853.12548959,182.8,2.746077030404249e-07,183.7,BID
60,1712451902.2234714,5086759.12548959,182.8,1.29811900386307e-06,183.7,BID
61,1712451902.2401612,5092940.12548959,182.8,9.009289875227528e-07,183.7,BID
62,1712451902.25467,5094249.12548959,182.8,1.9079696564751385e-07,183.7,BID
63,1712451902.2601252,5100657.12548959,182.8,9.340160090674322e-07,183.7,BID
64,1712451902.2743144,5101657.12548959,182.8,1.457578041615843e-07,183.7,BID
65,1712451902.316093,5109469.12548959,182.8,1.1386599661102966e-06,183.7,BID
66,1712451902.5347276,5116889.06037832,182.8,1.0815134164031889e-06,183.7,BID
67,1712451902.5365496,5118040.03775306,182.8,1.677639347818951e-07,183.7,BID
68,1712451905.0045788,5118040.07874252,183.3,5.974533609362927e-12,183.7,BID
69,1712451905.0143015,5123510.49727165,183.3,7.973561926507724e-07,183.7,BID
70,1712451930.9545612,5123510.49727165,183.3,0.0,183.7,BID
71,1712451931.3847694,5126236.77862388,183.4,3.96873898151056e-07,183.7,BID
72,1712451951.5207438,5127661.079301,183.2,2.0734021505347005e-07,183.7,BID
73,1712451960.591631,5127661.079301,183.2,0.0,183.7,BID
74,1712451986.8442464,5128008.8494975,183.2,5.062046378903984e-08,183.7,BID
75,1712451990.614635,5128008.8494975,183.2,0.0,183.7,BID
76,1712452014.964657,5138008.8494975,183.1,-1.4555587242777142e-06,183.7,ASK
77,1712452014.974761,5138786.92601638,183.0,-1.1325360652117137e-07,183.7,ASK
78,1712452014.9765162,5144257.34454552,183.1,-7.962515415539943e-07,183.7,ASK
79,1712452014.9782546,5147553.16934054,183.2,-4.797266534081898e-07,183.7,ASK
80,1712452020.9749348,5147553.16934054,183.2,-0.0,183.7,ASK
81,1712452027.224399,5148098.1284686,183.5,7.92807025937173e-08,183.7,BID
82,1712452036.3309405,5148553.16934054,183.5,6.619938666709327e-08,183.7,BID
83,1712452036.3327563,5148662.4350081,183.5,1.5895979069845095e-08,183.7,BID
84,1712452050.972278,5148662.4350081,183.5,0.0,183.7,BID
85,1712452070.0272424,5153548.51496886,183.4,7.10806300069153e-07,183.7,BID
86,1712452080.5778153,5153548.51496886,183.4,0.0,183.7,BID
87,1712452107.0344217,5156109.82287076,183.5,3.725597007460422e-07,183.7,BID
88,1712452110.665408,5156109.82287076,183.5,0.0,183.7,BID
89,1712452112.2341354,5171558.33628221,183.4,-2.246938013017133e-06,183.7,ASK
90,1712452117.76435,5173887.76271275,183.5,3.388077969642043e-07,183.7,BID
91,1712452124.8343406,5174160.09386743,183.6,3.960971565895936e-08,183.7,BID
92,1712452140.9443054,5174160.09386743,183.6,0.0,183.7,BID
93,1712452149.5143542,5174160.09386744,183.6,1.3539276298554417e-18,183.7,BID
94,1712452149.5162318,5174735.19302808,183.6,8.360611722735595e-08,183.7,BID
95,1712452159.8844025,5175405.76659754,183.5,-9.748588816472313e-08,183.7,ASK
96,1712452159.8865929,5179161.18589061,183.5,-5.459511109434074e-07,183.7,ASK
97,1712452161.020497,5185030.18589061,183.5,8.53216863437718e-07,183.7,BID
98,1712452161.754274,5186414.91404022,183.5,2.0130744735454973e-07,183.7,BID
99,1712452161.9374006,5187473.50220947,183.5,1.538942370828949e-07,183.7,BID
100,1712452170.9764938,5187473.50220947,183.5,0.0,183.7,BID
101,1712452179.691496,5188300.26763213,183.5,1.201498981514883e-07,183.7,BID
102,1712452179.6935377,5189137.83566293,183.5,1.2171978996397493e-07,183.7,BID
103,1712452186.8145978,5194038.83566293,183.5,7.122390882602961e-07,183.7,BID
104,1712452189.2442703,5195128.75391906,183.5,1.5839265150465877e-07,183.7,BID
105,1712452198.8842578,5197176.34048,183.5,2.975660447454685e-07,183.7,BID
106,1712452200.7053478,5197176.34048,183.5,0.0,183.7,BID
107,1712452205.4186685,5199621.2689837,183.4,-3.56047941961296e-07,183.7,ASK
108,1712452214.8543718,5201465.7805441,183.4,-2.686109405695264e-07,183.7,ASK
109,1712452230.6344514,5201465.7805441,183.4,-0.0,183.7,ASK
110,1712452234.4043908,5221526.00537156,183.4,-2.920978505936684e-06,183.7,ASK
111,1712452251.2342677,5223026.00537156,183.5,2.184156855962715e-07,183.7,BID
112,1712452252.424608,5224226.00537156,183.5,1.7473254847701717e-07,183.7,BID
113,1712452260.9746337,5224226.00537156,183.5,0.0,183.7,BID
114,1712452268.3643064,5226950.80101188,183.5,3.965177152371927e-07,183.7,BID
115,1712452270.8143637,5229026.00537156,183.5,3.019878919265403e-07,183.7,BID
116,1712452283.9368722,5231025.95821812,183.6,2.910371411218785e-07,183.7,BID
117,1712452283.9389267,5232450.00537156,183.6,2.072301919882511e-07,183.7,BID
118,1712452285.284829,5232450.49152937,183.6,7.074665746276626e-11,183.7,BID
119,1712452290.976742,5232450.49152937,183.6,0.0,183.7,BID
120,1712452297.1844325,5234570.49152937,183.6,-3.084388881928165e-07,183.7,ASK
121,1712452297.4443443,5235323.6938282,183.6,1.0958343379032073e-07,183.7,BID
122,1712452297.8449695,5245617.81147525,183.6,1.4976916047085557e-06,183.7,BID
123,1712452297.9242358,5285968.81147525,183.6,5.87066866861714e-06,183.7,BID
124,1712452298.1441755,5294239.18689992,183.6,1.2032572645860491e-06,183.7,BID
125,1712452320.6167052,5294239.18689992,183.6,0.0,183.7,BID
126,1712452322.8152442,5295329.69944081,183.6,-1.583972805643176e-07,183.7,ASK
127,1712452322.8175402,5296474.50285609,183.6,-1.6628304669755854e-07,183.7,ASK
128,1712452334.294211,5296514.48375394,183.6,5.80723765803595e-09,183.7,BID
129,1712452342.3704822,5296596.61553526,183.6,-1.1929666391904892e-08,183.7,ASK
130,1712452344.0768237,5307631.43741137,183.6,-1.602811257228688e-06,183.7,ASK
131,1712452350.6884396,5307631.43741137,183.6,-0.0,183.7,ASK
132,1712452380.9654863,5307631.43741137,183.6,-0.0,183.7,ASK
133,1712452383.4542103,5308138.2486495,183.7,7.35882059810289e-08,183.7,BID
134,1712452383.4651232,5313072.40956111,183.8,7.164325140981221e-07,183.8,BID
135,1712452397.9744182,5314708.23416513,183.8,2.375191962070957e-07,183.8,BID
136,1712452397.9767363,5321316.70854131,183.9,9.5954023318131e-07,183.9,BID
137,1712452404.1043055,5331921.56422359,183.9,1.539808602558395e-06,183.9,BID
138,1712452404.1064508,5350803.42784758,183.9,2.7416173224436743e-06,183.9,BID
139,1712452404.2043307,5356501.66636147,183.9,-8.27375397269962e-07,183.9,ASK
140,1712452410.9643636,5356501.66636147,183.9,-0.0,183.9,ASK
141,1712452420.594595,5356531.55766582,184.0,4.334515273110417e-09,184.0,BID
142,1712452420.6034074,5356581.7601557,184.1,7.279824813978784e-09,184.1,BID
143,1712452423.6043649,5356636.13753471,183.9,-7.885222306291899e-09,184.1,ASK
144,1712452427.7846773,5356676.13753471,183.9,-5.800369528597022e-09,184.1,ASK
145,1712452440.6678293,5356676.13753471,183.9,-0.0,184.1,ASK
146,1712452450.5944352,5363466.51613551,183.9,9.84663044932679e-07,184.1,BID
147,1712452470.654167,5363466.51613551,183.9,0.0,184.1,BID
148,1712452500.6061702,5363466.51613551,183.9,0.0,184.1,BID
149,1712452530.5938756,5363466.51613551,183.9,0.0,184.1,BID
150,1712452545.3255064,5363520.89351452,183.9,-7.941427371361403e-09,184.1,ASK
151,1712452545.326792,5376287.02895602,183.9,-1.86440279521248e-06,184.1,ASK
152,1712452560.94388,5376287.02895602,183.9,-0.0,184.1,ASK
153,1712452585.1343763,5377236.69542713,184.0,1.3864425882402008e-07,184.1,BID
154,1712452590.9653776,5377236.69542713,184.0,0.0,184.1,BID
155,1712452615.306018,5377263.86934017,184.0,3.967088487080702e-09,184.1,BID
156,1712452615.5244677,5378263.86934017,184.0,1.459888563421906e-07,184.1,BID
157,1712452615.528744,5378508.43455756,184.0,3.5703796387805195e-08,184.1,BID
158,1712452620.6169472,5378508.43455756,184.0,0.0,184.1,BID
159,1712452622.3541431,5379275.0776796,184.0,-1.1191752935055265e-07,184.1,ASK
160,1712452650.6337912,5379275.0776796,184.0,-0.0,184.1,ASK
161,1712452654.343912,5379322.66424054,184.0,-6.946727241439421e-09,184.1,ASK
162,1712452656.0740635,5380181.94764238,184.0,-1.254389327096181e-07,184.1,ASK
163,1712452665.4342148,5380957.45091254,184.0,-1.1320863677021793e-07,184.1,ASK
164,1712452669.5040336,5381208.83994901,184.1,3.669798853576128e-08,184.1,BID
165,1712452669.5145574,5382025.15918076,184.1,1.1916698607444313e-07,184.1,BID
166,1712452669.5165002,5382053.54868076,184.2,4.1443237149470035e-09,184.2,BID
167,1712452669.518424,5382103.54868076,184.2,7.299043158576079e-09,184.2,BID
168,1712452669.5203807,5393003.54868076,184.1,1.5911914085695853e-06,184.2,BID
169,1712452669.5223093,5396383.03615308,184.2,4.933404982866137e-07,184.2,BID
170,1712452669.5242832,5420883.97852501,184.3,3.576668715970048e-06,184.3,BID
171,1712452669.5262322,5422278.43366801,184.2,2.0356376542910745e-07,184.3,BID
172,1712452669.5281837,5438227.9988854,184.4,2.3283312976450293e-06,184.4,BID
173,1712452669.530116,5454487.9988854,184.5,2.373648835168941e-06,184.5,BID
174,1712452669.5320785,5454515.9988854,184.2,4.087464168802604e-09,184.5,BID
175,1712452669.5340357,5496278.49905064,184.4,6.096525822322534e-06,184.5,BID
176,1712452669.5354247,6453434.16648429,184.5,0.0001397264105214,184.5,BID
177,1712452669.6839683,6464303.73170169,184.0,-1.5867485127351952e-06,184.5,ASK
178,1712452676.9141526,6464977.45980834,184.1,-9.835141055175842e-08,184.5,ASK
179,1712452676.916773,6465040.45980834,184.1,-9.196794379805861e-09,184.5,ASK
180,1712452680.983998,6465040.45980834,184.1,-0.0,184.5,ASK
181,1712452686.527195,6465705.3569246,184.1,-9.430478318811797e-08,184.5,ASK
182,1712452700.417256,6466337.00918504,184.2,-8.958954402782046e-08,184.5,ASK
183,1712452710.9800029,6466337.00918504,184.2,-0.0,184.5,ASK
184,1712452713.8143125,6466907.07535009,184.2,-8.085182552689953e-08,184.5,ASK
185,1712452722.0440044,6467449.96351513,184.2,-7.69972011873604e-08,184.5,ASK
186,1712452723.029668,6472583.85742388,184.2,-7.281342413082913e-07,184.5,ASK
187,1712452725.863946,6472990.02956648,184.2,-5.7606925688185054e-08,184.5,ASK
188,1712452726.3041472,6473806.70256014,184.2,-1.1582778709588282e-07,184.5,ASK
189,1712452726.3068552,6474650.08997084,184.2,-1.1961666199852028e-07,184.5,ASK
190,1712452727.5146208,6475192.97813588,184.2,-7.69972011873604e-08,184.5,ASK
191,1712452729.7646725,6475249.9504636,184.3,-8.080319413990385e-09,184.5,ASK
192,1712452733.95414,6475735.57173328,184.3,6.88751035853448e-08,184.5,BID
193,1712452733.957477,6476664.02886615,184.3,1.3168200240319682e-07,184.5,BID
194,1712452740.603804,6476664.02886615,184.3,0.0,184.5,BID
195,1712452743.074689,6477206.62246355,184.3,-7.693466503093177e-08,184.5,ASK
196,1712452744.7543032,6477806.69211097,184.5,8.508422793901257e-08,184.5,BID
197,1712452744.757624,6484237.79718589,184.5,9.1187016781733e-07,184.5,BID
198,1712452744.7603288,6486146.48857385,184.5,2.7063447354291885e-07,184.5,BID
199,1712452747.0240903,6486321.03654132,184.5,2.4749258880867296e-08,184.5,BID
200,1712452754.8775897,6486863.63013872,184.3,-7.693466503093177e-08,184.5,ASK
201,1712452754.8940804,6487405.63555878,184.5,7.685126702023537e-08,184.5,BID
202,1712452754.9031982,6489415.272827,184.5,2.849476492259612e-07,184.5,BID
203,1712452754.9052582,6490351.59889147,184.5,1.327622229139031e-07,184.5,BID
204,1712452763.2440624,6490499.28366712,184.5,2.094031112656763e-08,184.5,BID
205,1712452763.246782,6490918.10295651,184.5,5.93846331621167e-08,184.5,BID
206,1712452763.7239091,6491460.69655391,184.3,-7.693466503093177e-08,184.5,ASK
207,1712452765.8239486,6492003.29015131,184.3,-7.693466503093177e-08,184.5,ASK
208,1712452767.963993,6492545.88374871,184.3,-7.693466503093177e-08,184.5,ASK
209,1712452770.2754917,6493088.47734611,184.3,-7.693466503093177e-08,184.5,ASK
210,1712452770.615396,6493088.47734611,184.3,-0.0,184.5,ASK
211,1712452775.7540362,6493631.07094351,184.3,-7.690162984259845e-08,184.5,ASK
212,1712452777.9678004,6494173.66454091,184.3,-7.690162984259845e-08,184.5,ASK
213,1712452780.0539546,6494716.25813831,184.3,-7.690162984259845e-08,184.5,ASK
214,1712452787.964028,6495258.85173571,184.3,-7.690162984259845e-08,184.5,ASK
215,1712452790.2742198,6495801.44533311,184.3,-7.690162984259845e-08,184.5,ASK
216,1712452792.1241367,6496344.03893051,184.3,-7.690162984259845e-08,184.5,ASK
217,1712452794.254083,6496886.63252791,184.3,-7.690162984259845e-08,184.5,ASK
218,1712452796.3002565,6497429.22612531,184.3,-7.690162984259845e-08,184.5,ASK
219,1712452798.264167,6497971.81972271,184.3,-7.690162984259845e-08,184.5,ASK
220,1712452800.200009,6498338.79870241,184.3,-5.201182209328181e-08,184.5,ASK
221,1712452800.2016082,6498514.41332011,184.3,-2.4889807749316644e-08,184.5,ASK
222,1712452800.6542094,6498514.41332011,184.3,-0.0,184.5,ASK
223,1712452810.3168497,6498560.14405228,184.3,-6.506751435949289e-09,184.5,ASK
224,1712452830.582065,6498560.14405228,184.3,-0.0,184.5,ASK
225,1712452832.8441749,6498668.4367352,184.5,1.540829747663593e-08,184.5,BID
226,1712452842.2440422,6498803.93809021,184.5,1.9279651498077064e-08,184.5,BID
227,1712452847.584194,6501603.36420208,184.4,-3.983130635665022e-07,184.5,ASK
228,1712452847.5939496,6504582.25978682,184.4,-4.238486671861572e-07,184.5,ASK
229,1712452849.6743438,6504618.54344034,184.5,5.16257711881503e-09,184.5,BID
230,1712452851.264075,6507475.23906338,184.4,-4.064615888468281e-07,184.5,ASK
231,1712452851.266961,6510101.74892546,184.4,-3.7370987761253225e-07,184.5,ASK
232,1712452851.3875592,6515611.31597543,184.4,-7.8392229082005e-07,184.5,ASK
233,1712452852.214369,6516695.32681555,184.5,1.5423721199018202e-07,184.5,BID
234,1712452852.2218175,6519233.77738072,184.5,3.611804637519938e-07,184.5,BID
235,1712452852.2233648,6519775.78280078,184.5,7.711860599509101e-08,184.5,BID
236,1712452852.2964904,6527716.73650819,184.5,-1.12986929193316e-06,184.5,ASK
237,1712452852.3019805,6540951.65935387,184.5,-1.883115486554825e-06,184.5,ASK
238,1712452861.005218,6540951.65935387,184.5,-0.0,184.5,ASK
239,1712452872.6240184,6559039.48254106,184.5,2.5707445227982847e-06,184.5,BID
240,1712452872.6342895,6559370.31228978,184.5,4.7019409450154754e-08,184.5,BID
241,1712452872.6364994,6571332.87184867,184.6,1.7001871450426112e-06,184.6,BID
242,1712452872.6387372,6577422.01073682,184.6,8.654231237928505e-07,184.6,BID
243,1712452890.973788,6577422.01073682,184.6,0.0,184.6,BID
244,1712452896.3039918,6577692.8780132,184.5,3.846041031611253e-08,184.6,BID
245,1712452901.7437418,6577991.45186142,184.5,4.2394462947539743e-08,184.6,BID
246,1712452901.7538898,6584280.34724544,184.5,8.92959460209366e-07,184.6,BID
247,1712452906.0074112,6585277.16175208,184.5,-1.4153756572889124e-07,184.6,ASK
248,1712452906.0117238,6586280.34724544,184.5,-1.424421813275918e-07,184.6,ASK
249,1712452920.6039374,6586280.34724544,184.5,-0.0,184.6,ASK
250,1712452940.8745186,6586312.849954,184.5,-4.613984742561652e-09,184.6,ASK
251,1712452940.8775094,6586579.56754371,184.5,-3.7862410365832984e-08,184.6,ASK
252,1712452946.6942658,6589083.91620277,184.4,-3.555096487321383e-07,184.6,ASK
253,1712452946.6971471,6595753.26245116,184.4,-9.467599223696656e-07,184.6,ASK
254,1712452950.5938218,6595753.26245116,184.4,-0.0,184.6,ASK
255,1712452963.8064318,6597126.26245116,184.5,1.948585455542542e-07,184.6,BID
256,1712452964.7263606,6604497.95374648,184.5,1.0462032367669658e-06,184.6,BID
257,1712452964.7336907,6606664.38362737,184.6,3.0746349281537805e-07,184.6,BID
258,1712452974.048248,6647369.38362737,184.6,5.77692432395187e-06,184.6,BID
259,1712452974.083918,6688061.38362737,184.6,5.7750793413646844e-06,184.6,BID
260,1712452974.0876803,6698161.38362737,184.6,1.4334095485054388e-06,184.6,BID
261,1712452974.1694832,6709323.38362737,184.6,1.5841304337047235e-06,184.6,BID
262,1712452977.2687285,6709372.38362737,184.6,6.954165136313514e-09,184.6,BID
263,1712452979.3141308,6711207.38362737,184.6,2.6042638826806733e-07,184.6,BID
264,1712452980.9540837,6711207.38362737,184.6,0.0,184.6,BID
265,1712453003.4975913,6715373.75307482,184.6,5.895153252881743e-07,184.6,BID
266,1712453010.9543233,6715373.75307482,184.6,0.0,184.6,BID
267,1712453013.26397,6715424.75307482,184.6,7.215397118467988e-09,184.6,BID
268,1712453014.9338465,6716020.63606506,184.6,8.430455707299307e-08,184.6,BID
269,1712453016.493816,6719494.0367432,184.5,-4.914110832222924e-07,184.6,ASK
270,1712453021.2342951,6719961.06971023,184.5,-6.607506518702602e-08,184.6,ASK
271,1712453038.1739542,6720244.71486604,184.5,-4.012965568426621e-08,184.6,ASK
272,1712453040.5838008,6720244.71486604,184.5,-0.0,184.6,ASK
273,1712453047.0259657,6729284.92646755,184.5,1.278831836402144e-06,184.6,BID
274,1712453059.776991,6729554.38936557,184.5,3.8118325975824564e-08,184.6,BID
275,1712453059.779976,6736284.92646755,184.5,9.52104386656262e-07,184.6,BID
276,1712453070.6053774,6736284.92646755,184.5,0.0,184.6,BID
277,1712453074.6739497,6738229.92646755,184.4,-2.7502531697030885e-07,184.6,ASK
278,1712453086.6439118,6738428.2383745,184.4,-2.8041539880619444e-08,184.6,ASK
279,1712453089.833892,6760790.17449131,184.5,3.162004405447535e-06,184.6,BID
280,1712453089.8371673,6761591.86258436,184.4,1.1335965136375529e-07,184.6,BID
281,1712453089.8402925,6765284.28290336,184.5,5.221126316815708e-07,184.6,BID
282,1712453093.46062,6765472.51584444,184.5,2.6616362100127905e-08,184.6,BID
283,1712453100.2997017,6772006.50332709,184.3,-9.239136136225724e-07,184.6,ASK
284,1712453100.3014488,6790322.5813163,184.3,-2.589915246599087e-06,184.6,ASK
285,1712453100.963972,6790322.5813163,184.3,-0.0,184.6,ASK
286,1712453130.9740045,6790322.5813163,184.3,-0.0,184.6,ASK
287,1712453134.7539198,6790349.71099616,184.3,3.88700549537869e-09,184.6,BID
288,1712453147.863941,6790458.3476067,184.1,-1.5564912831165998e-08,184.6,ASK
289,1712453148.8941803,6802230.00309542,184.1,-1.6865842062847375e-06,184.6,ASK
290,1712453148.8976831,6804837.28174832,184.1,-3.73557907940645e-07,184.6,ASK
291,1712453148.9011004,6812025.08656268,184.0,-1.0298328972822471e-06,184.6,ASK
292,1712453148.904489,6829164.08656268,184.1,-2.455590612485455e-06,184.6,ASK
293,1712453148.9074087,7007986.57749112,184.0,-2.562079643066361e-05,184.6,ASK
294,1712453148.9089184,7013663.25312211,184.0,-8.133258293706007e-07,184.6,ASK
295,1712453154.0575948,7013717.54193862,184.2,-7.778231412820619e-09,184.6,ASK
296,1712453156.6040723,7013886.24674967,184.2,-2.417118561741521e-08,184.6,ASK
297,1712453160.1853611,7014293.34163005,184.2,-5.832652819017271e-08,184.6,ASK
298,1712453160.6894426,7014293.34163005,184.2,-0.0,184.6,ASK
299,1712453190.6445086,7014293.34163005,184.2,-0.0,184.6,ASK
300,1712453198.1839683,7014836.22979508,184.2,7.732571160258699e-08,184.6,BID
301,1712453198.8639507,7015379.11796011,184.2,7.732571160271963e-08,184.6,BID
302,1712453220.978181,7015379.11796011,184.2,0.0,184.6,BID
303,1712453223.925156,7015900.11796011,184.1,-7.420597967300955e-08,184.6,ASK
304,1712453223.926778,7016434.31234567,184.1,-7.608525473368349e-08,184.6,ASK
305,1712453228.8837495,7016821.05248203,184.1,-5.5083360263959177e-08,184.6,ASK
306,1712453229.2555678,7028980.6090747,184.1,-1.731884470918292e-06,184.6,ASK
307,1712453229.7136652,7032521.11796011,184.1,-5.042743385468133e-07,184.6,ASK
308,1712453230.3138382,7032745.11796011,184.1,3.1904298362292014e-08,184.6,BID
309,1712453230.974165,7034038.11796011,184.1,1.8416186510019454e-07,184.6,BID
310,1712453231.3959074,7034387.11796011,184.1,4.9708036287678186e-08,184.6,BID
311,1712453231.4553308,7034387.42337121,184.1,4.34996733937851e-11,184.6,BID
312,1712453232.0838406,7037995.52337121,184.2,5.139013344687663e-07,184.6,BID
313,1712453233.2440896,7039290.70348525,184.2,1.844723785322084e-07,184.6,BID
314,1712453233.2465994,7040049.38985966,184.2,1.080596270204643e-07,184.6,BID
315,1712453233.9506054,7041144.77262947,184.2,1.5601526209345188e-07,184.6,BID
316,1712453233.957094,7042738.6394992,184.2,2.2701430429302026e-07,184.6,BID
317,1712453234.0640242,7045427.6394992,184.2,-3.829940102509073e-07,184.6,ASK
318,1712453234.1105208,7046912.6394992,184.2,2.115084065535877e-07,184.6,BID
319,1712453234.2479749,7047931.6394992,184.2,1.4513607156774808e-07,184.6,BID
320,1712453236.4596417,7048298.89105448,184.2,5.2307603543272966e-08,184.6,BID
321,1712453236.4637716,7048681.6394992,184.2,5.4514824009044054e-08,184.6,BID
322,1712453240.2337036,7048681.79107347,184.2,2.158870874840296e-11,184.6,BID
323,1712453243.2638783,7054764.86927548,184.3,8.66412240705609e-07,184.6,BID
324,1712453243.2667513,7076607.79107347,184.3,3.1110852417290644e-06,184.6,BID
325,1712453245.5459628,7076608.04771952,184.3,3.655407199761371e-11,184.6,BID
326,1712453250.973842,7076608.04771952,184.3,0.0,184.6,BID
327,1712453251.7393806,7079322.48854471,184.4,3.859974380947396e-07,184.6,BID
328,1712453280.9737608,7079322.48854471,184.4,0.0,184.6,BID
329,1712453284.9140313,7079671.52151778,184.4,4.9629464507829984e-08,184.6,BID
330,1712453284.922362,7086000.99228619,184.4,8.999959003628556e-07,184.6,BID
331,1712453310.9968953,7086000.99228619,184.4,0.0,184.6,BID
332,1712453312.3936143,7086271.99499621,184.5,3.8527490625908454e-08,184.6,BID
333,1712453340.5842795,7086271.99499621,184.5,0.0,184.6,BID
334,1712453362.107899,7086814.29434545,184.4,-7.709622009537602e-08,184.6,ASK
335,1712453362.1096644,7090981.77758878,184.4,-5.924720467060363e-07,184.6,ASK
336,1712453370.635013,7090981.77758878,184.4,-0.0,184.6,ASK
337,1712453392.6242173,7091001.55620272,184.4,2.811488022825326e-09,184.6,BID
338,1712453392.632078,7101847.54318754,184.4,1.5417340464922418e-06,184.6,BID
339,1712453400.7541566,7101847.54318754,184.4,0.0,184.6,BID
340,1712453413.8546326,7102760.05812507,184.1,-1.3024140534253178e-07,184.6,ASK
341,1712453413.8574915,7140317.50634545,184.0,-5.360498372268391e-06,184.6,ASK
342,1712453413.8599844,7140957.50634545,184.1,-9.13459013008816e-08,184.6,ASK
343,1712453413.8615844,7202982.53250916,184.0,-8.852706122085746e-06,184.6,ASK
344,1712453413.9116142,7213831.54578598,184.0,1.5484576499943126e-06,184.6,BID
345,1712453413.9191,7236447.05453407,184.0,3.2278656718316302e-06,184.6,BID
346,1712453413.9424005,7239834.84728896,184.0,4.835327853374607e-07,184.6,BID
347,1712453413.9442456,7244801.00770702,184.0,7.088099990507956e-07,184.6,BID
348,1712453426.500734,7246919.41997111,183.9,-3.023566837346017e-07,184.6,ASK
349,1712453426.5335124,7248348.08596861,183.9,-2.0391059874925626e-07,184.6,ASK
350,1712453430.6382103,7248348.08596861,183.9,-0.0,184.6,ASK
351,1712453434.5736177,7253785.82386964,183.9,7.731427370733482e-07,184.6,BID
352,1712453440.0604312,7255001.73566018,183.7,-1.72879492702307e-07,184.6,ASK
353,1712453440.0636256,7269914.8561277,183.7,-2.1203616258110392e-06,184.6,ASK
354,1712453440.9797156,7270314.8561277,183.9,5.687237973914753e-08,184.6,BID
355,1712453440.9836836,7271192.28985926,183.9,1.247543609431285e-07,184.6,BID
356,1712453444.154245,7273335.22895659,183.9,3.046851152530408e-07,184.6,BID
357,1712453445.3180702,7273932.07534054,183.7,-8.486018548481687e-08,184.6,ASK
358,1712453456.1638236,7275359.1008979,183.9,2.0289584848907097e-07,184.6,BID
359,1712453457.92364,7277475.95519312,183.7,-3.0097635332552545e-07,184.6,ASK
360,1712453457.926752,7278737.97640627,183.7,-1.7943537418276657e-07,184.6,ASK
361,1712453458.0237694,7280149.52005958,183.7,2.006946166736141e-07,184.6,BID
362,1712453460.9541209,7280149.52005958,183.7,0.0,184.6,BID
363,1712453464.6338985,7280812.68270841,183.9,9.421081496295505e-08,184.6,BID
364,1712453464.6376886,7286320.93080548,183.9,7.825177475827258e-07,184.6,BID
365,1712453465.233652,7287027.79941626,183.9,1.0041981105362425e-07,184.6,BID
366,1712453475.103795,7289126.11750815,183.9,2.980931719199412e-07,184.6,BID
367,1712453480.228425,7293608.34095037,183.9,-6.367577005171523e-07,184.6,ASK
368,1712453490.953789,7293608.34095037,183.9,-0.0,184.6,ASK
369,1712453491.283612,7294753.10928096,183.9,-1.6257195604554584e-07,184.6,ASK
370,1712453493.0278704,7297903.27521832,183.9,-4.47364435772643e-07,184.6,ASK
371,1712453493.0297918,7300394.73748066,183.9,-3.538199673933587e-07,184.6,ASK
372,1712453493.0316558,7303074.77321048,183.9,-3.805998464722298e-07,184.6,ASK
373,1712453501.31377,7306074.77321048,183.9,4.260389242994963e-07,184.6,BID
374,1712453506.5355933,7307262.26670688,183.8,1.6863948393967777e-07,184.6,BID
375,1712453506.5373058,7315832.87656533,183.8,1.2171378015615013e-06,184.6,BID
376,1712453507.4138422,7317415.03607252,183.8,-2.2468717817113217e-07,184.6,ASK
377,1712453512.6388474,7322870.57344295,183.8,-7.7475709092461e-07,184.6,ASK
378,1712453512.8937657,7323006.44895272,183.9,1.9296085340303282e-08,184.6,BID
379,1712453520.6136491,7323006.44895272,183.9,0.0,184.6,BID
380,1712453535.053866,7333726.2165784,183.8,-1.5211785423012371e-06,184.6,ASK
381,1712453550.6487868,7333726.2165784,183.8,-0.0,184.6,ASK
382,1712453553.2039995,7344204.55604488,183.9,1.4865032911045326e-06,184.6,BID
383,1712453556.2935436,7344741.71779044,183.9,-7.620412615795288e-08,184.6,ASK
384,1712453560.4336746,7345148.55604488,183.9,-5.7715862910124654e-08,184.6,ASK
385,1712453560.4378066,7345225.16336144,183.9,-1.0867850631636592e-08,184.6,ASK
386,1712453569.95378,7346312.9158962,183.9,-1.543133554700528e-07,184.6,ASK
387,1712453575.0593982,7349576.17350049,183.9,-4.62940066412008e-07,184.6,ASK
388,1712453578.933666,7355724.08458049,184.0,8.721696871028722e-07,184.6,BID
389,1712453580.936674,7355724.08458049,184.0,0.0,184.6,BID
390,1712453597.623962,7357354.51936309,184.0,2.311679570435935e-07,184.6,BID
391,1712453604.9442513,7357463.21501526,184.0,1.541119713564976e-08,184.6,BID
392,1712453609.5336385,7372161.68784134,184.0,2.0839937733954204e-06,184.6,BID
393,1712453610.9737191,7372161.68784134,184.0,0.0,184.6,BID
394,1712453620.8239636,7374418.72270525,183.7,-3.1987203566800215e-07,184.6,ASK
395,1712453620.8307228,7374685.70535639,183.8,-3.783737924208747e-08,184.6,ASK
396,1712453640.6838417,7374685.70535639,183.8,-0.0,184.6,ASK
397,1712453642.5138502,7375229.7749973,183.7,-7.710170124524727e-08,184.6,ASK
398,1712453648.403805,7376301.87624934,183.7,-1.5193060634913116e-07,184.6,ASK
399,1712453648.4069436,7378891.17185339,183.7,-3.669366586332077e-07,184.6,ASK
400,1712453648.4881,7381723.54921563,183.7,4.013844860600024e-07,184.6,BID
401,1712453649.053882,7385473.02781563,183.7,5.313495867173966e-07,184.6,BID
402,1712453650.728337,7387924.28371563,183.7,3.473746481453947e-07,184.6,BID
403,1712453653.9637043,7387956.92789408,183.7,4.626102074083969e-09,184.6,BID
404,1712453655.4961202,7394456.26940459,183.7,9.210407083120084e-07,184.6,BID
405,1712453663.5941973,7395864.26940459,183.7,1.995318010611097e-07,184.6,BID
406,1712453663.6036415,7399852.44468849,183.7,5.6517599243173e-07,184.6,BID
407,1712453663.6068022,7408892.26940459,183.7,1.2810600190910946e-06,184.6,BID
408,1712453664.4741633,7408892.65629,183.7,5.482666384689598e-11,184.6,BID
409,1712453670.6554055,7408892.65629,183.7,0.0,184.6,BID
410,1712453677.5395234,7409363.6865283,183.7,-6.669168490556911e-08,184.6,ASK
411,1712453679.314593,7409907.16478916,184.0,7.694937177947212e-08,184.6,BID
412,1712453692.653957,7410413.16478916,183.8,-7.164294310284079e-08,184.6,ASK
413,1712453692.6591325,7419003.55557824,183.8,-1.2162863212119672e-06,184.6,ASK
414,1712453692.6633484,7424518.72796353,183.7,-7.808758525725478e-07,184.6,ASK
415,1712453692.6671712,7426455.5474631,183.7,-2.74228160490439e-07,184.6,ASK
416,1712453697.16389,7426727.28659353,184.0,3.8474685889736055e-08,184.6,BID
417,1712453700.9936545,7426727.28659353,184.0,0.0,184.6,BID
418,1712453731.0081432,7426727.28659353,184.0,0.0,184.6,BID
419,1712453760.586014,7426727.28659353,184.0,0.0,184.6,BID
420,1712453775.0086849,7427068.14690154,183.9,-4.850713736200732e-08,184.6,ASK
421,1712453775.9544184,7427339.88603197,183.9,-3.8670643124587414e-08,184.6,ASK
422,1712453784.674059,7430079.74417307,183.9,-3.8990364110919953e-07,184.6,ASK
423,1712453790.6482103,7430079.74417307,183.9,-0.0,184.6,ASK
424,1712453820.9637003,7430079.74417307,183.9,-0.0,184.6,ASK
425,1712453828.4138258,7430622.33777046,183.9,-7.720861767034914e-08,184.6,ASK
426,1712453848.213841,7430839.8472865,183.9,-3.095062150451663e-08,184.6,ASK
427,1712453850.985151,7430839.8472865,183.9,-0.0,184.6,ASK
428,1712453871.195509,7438809.41250389,184.0,1.1340105708522772e-06,184.6,BID
429,1712453877.084119,7439774.09137141,183.9,-1.372667144825246e-07,184.6,ASK
430,1712453877.0876353,7439958.68096894,183.9,-2.6265743382384924e-08,184.6,ASK
431,1712453877.091079,7451209.26334167,183.7,-1.6008752034654232e-06,184.6,ASK
432,1712453877.0930245,7454554.2737689,183.7,-4.7597040498683174e-07,184.6,ASK
433,1712453877.0950096,7464554.2737689,183.8,-1.422926520982408e-06,184.6,ASK
434,1712453880.6351857,7464554.2737689,183.8,-0.0,184.6,ASK
435,1712453882.444271,7465428.2737689,184.0,1.2425421280597525e-07,184.6,BID
436,1712453885.4936345,7465988.2737689,184.0,7.961368326240976e-08,184.6,BID
437,1712453887.8838985,7467796.29367199,184.0,2.57041292672729e-07,184.6,BID
438,1712453890.6335258,7469344.10487199,184.0,2.200481261193534e-07,184.6,BID
439,1712453890.6537018,7472297.37041564,184.0,4.198577635391641e-07,184.6,BID
440,1712453890.6581511,7487847.37041564,184.0,2.2107013834472714e-06,184.6,BID
441,1712453890.6735675,7494480.45177272,184.0,9.43007211100584e-07,184.6,BID
442,1712453890.6768703,7495597.37041564,184.0,1.587892983345511e-07,184.6,BID
443,1712453890.6933558,7498498.8896009,184.1,4.125011239198035e-07,184.6,BID
444,1712453890.6954565,7503097.4747651,184.1,6.537683977103611e-07,184.6,BID
445,1712453890.6974857,7506248.8896009,184.1,4.480281117247741e-07,184.6,BID
446,1712453890.7736864,7506515.30413149,184.1,-3.7875432240910535e-08,184.6,ASK
447,1712453895.5362585,7508779.76859161,184.3,3.219327790838321e-07,184.6,BID
448,1712453895.5403578,7508809.76859161,184.2,4.2650187462005235e-09,184.6,BID
449,1712453910.605494,7508809.76859161,184.2,0.0,184.6,BID
450,1712453914.953899,7513295.93245487,184.3,6.370481420241934e-07,184.6,BID
451,1712453941.0039651,7513295.93245487,184.3,0.0,184.6,BID
452,1712453956.2744646,7515351.93245487,184.3,2.919236257115395e-07,184.6,BID
453,1712453959.3238585,7515405.93245487,184.3,7.667254760906192e-09,184.6,BID
454,1712453970.9695847,7515405.93245487,184.3,0.0,184.6,BID
455,1712453971.113537,7515548.57239273,184.2,-2.025178444754352e-08,184.6,ASK
456,1712453971.2135322,7516260.71413873,184.2,1.0110871718309636e-07,184.6,BID
457,1712453971.3936124,7517000.71413873,184.2,1.0506398639836324e-07,184.6,BID
458,1712453971.6397135,7517668.11413873,184.2,9.475635746244448e-08,184.6,BID
459,1712453972.2197497,7518162.71413873,184.2,7.022249685498536e-08,184.6,BID
460,1712453973.203611,7518203.71413873,184.2,5.821112759909314e-09,184.6,BID
461,1712453974.7901633,7519062.82060258,184.2,1.219745268008574e-07,184.6,BID
462,1712453974.9434156,7519893.71847884,184.2,1.179695177970216e-07,184.6,BID
463,1712453977.4371693,7520168.71847884,184.2,3.904404899939175e-08,184.6,BID
464,1712453981.8840115,7520804.34862397,184.2,9.024572557067768e-08,184.6,BID
465,1712453983.4241142,7523497.55132667,184.2,3.8237650287097945e-07,184.6,BID
466,1712453994.4462578,7523860.67286183,184.2,5.155540004197816e-08,184.6,BID
467,1712453994.4550123,7523915.13909276,184.2,7.733026142677952e-09,184.6,BID
468,1712453994.457186,7524322.76222873,184.2,5.7873664342172344e-08,184.6,BID
469,1712453994.4943244,7524979.99142327,184.2,9.331232318339956e-08,184.6,BID
470,1712453994.5537727,7532987.79142327,184.2,1.1369343111902615e-06,184.6,BID
471,1712453995.2199445,7533866.81942727,184.2,1.2480295440017624e-07,184.6,BID
472,1712454000.2565515,7533915.13909276,184.2,6.860346861871928e-09,184.6,BID
473,1712454000.2591937,7537367.12354124,184.3,4.90107090732987e-07,184.6,BID
474,1712454000.7541287,7537367.12354124,184.3,0.0,184.6,BID
475,1712454007.775046,7538159.12354124,184.3,1.1251939297120685e-07,184.6,BID
476,1712454007.783691,7539718.33587523,184.3,2.215172037042965e-07,184.6,BID
477,1712454009.0636282,7540019.50725159,184.4,4.2787399555922456e-08,184.6,BID
478,1712454009.067112,7541168.57281363,184.3,1.6324767616782925e-07,184.6,BID
479,1712454021.7561617,7541847.62282333,184.4,9.647259455616689e-08,184.6,BID
480,1712454021.7634284,7542168.57281363,184.4,4.5597346064043776e-08,184.6,BID
481,1712454025.0945382,7542618.18661454,184.4,6.387660599735376e-08,184.6,BID
482,1712454030.117412,7543266.60697848,184.4,-9.21210426018013e-08,184.6,ASK
483,1712454030.1195774,7544618.18661454,184.3,-1.920188386386201e-07,184.6,ASK
484,1712454030.642474,7544618.18661454,184.3,-0.0,184.6,ASK
485,1712454060.9335024,7544618.18661454,184.3,-0.0,184.6,ASK
486,1712454064.2370386,7545157.99826765,184.5,7.667644924190422e-08,184.6,BID
487,1712454069.093073,7545562.78959556,184.5,5.7497761542042273e-08,184.6,BID
488,1712454069.734157,7545618.18661454,184.5,7.868756981300263e-09,184.6,BID
489,1712454069.7388427,7545671.19067957,184.5,7.528854700387184e-09,184.6,BID
490,1712454079.6936011,7545917.03349799,184.5,3.49202435322035e-08,184.6,BID
491,1712454087.0691965,7546248.84650612,184.5,4.713170441784188e-08,184.6,BID
492,1712454090.9664476,7546248.84650612,184.5,0.0,184.6,BID
493,1712454093.0734684,7546414.67035435,184.5,2.3553104996636733e-08,184.6,BID
494,1712454101.6437402,7546538.89550464,184.5,1.764455498565378e-08,184.6,BID
495,1712454108.4334972,7546809.89821466,184.5,3.8492384247466e-08,184.6,BID
496,1712454118.813362,7546918.3580845,184.4,-1.5405303456271994e-08,184.6,ASK
497,1712454119.4937432,7547418.3580845,184.3,-7.101844893863509e-08,184.6,ASK
498,1712454119.4984555,7547539.90718922,184.3,-1.7264457774238547e-08,184.6,ASK
499,1712454120.6685548,7547539.90718922,184.3,-0.0,184.6,ASK
500,1712454131.5434408,7552962.90068162,184.4,7.702391279333294e-07,184.6,BID
501,1712454150.618622,7552962.90068162,184.4,0.0,184.6,BID
502,1712454165.7097754,7553126.79253482,184.4,2.3274597554799608e-08,184.6,BID
503,1712454165.713761,7561097.39092023,184.4,1.1319200196346843e-06,184.6,BID
504,1712454171.5634472,7561275.45806886,184.4,2.52876585454386e-08,184.6,BID
505,1712454180.923466,7561275.45806886,184.4,0.0,184.6,BID
506,1712454190.813413,7561571.86084361,184.4,4.2083567809552294e-08,184.6,BID
507,1712454208.223919,7561681.30818345,184.2,-1.5539444769444114e-08,184.6,ASK
508,1712454208.2278671,7583575.94415539,184.2,-3.1086227123446056e-06,184.6,ASK
509,1712454208.231815,7584575.94415539,184.2,-1.4198101837950516e-07,184.6,ASK
510,1712454208.2434807,7586787.51770761,184.2,-3.1400146516526137e-07,184.6,ASK
511,1712454210.4337275,7586891.72717539,184.1,-1.4795766360300852e-08,184.6,ASK
512,1712454210.4396238,7588265.36482564,184.1,-1.9503047246685826e-07,184.6,ASK
513,1712454210.9539416,7588265.36482564,184.1,-0.0,184.6,ASK
514,1712454229.3935523,7593337.58916024,184.1,-7.19651609046711e-07,184.6,ASK
515,1712454240.595219,7593578.17122545,184.0,-3.413399307970776e-08,184.6,ASK
516,1712454240.603817,7593578.17122545,184.0,-0.0,184.6,ASK
517,1712454240.607497,7593907.93136557,184.0,-4.6780458223994534e-08,184.6,ASK
518,1712454241.2269545,7594619.71877979,184.0,-1.0097564060704565e-07,184.6,ASK
519,1712454241.2307873,7610230.57980022,184.0,-2.2145891602937345e-06,184.6,ASK
520,1712454253.2169034,7611249.71877979,184.0,-1.4457717188275838e-07,184.6,ASK
521,1712454253.2207806,7638981.20064755,184.0,-3.934045602151598e-06,184.6,ASK
522,1712454267.7935247,7641514.88489238,184.0,-3.594337081641214e-07,184.6,ASK
523,1712454270.563861,7641514.88489238,184.0,-0.0,184.6,ASK
524,1712454283.693627,7642058.36315324,184.0,-7.700212031295329e-08,184.6,ASK
525,1712454293.054004,7644774.27841668,184.1,3.848014703373012e-07,184.6,BID
526,1712454300.6932008,7644774.27841668,184.1,0.0,184.6,BID
527,1712454308.6270192,7654774.27841668,184.0,1.4349840450363083e-06,184.6,BID
528,1712454311.9037085,7654804.27841668,184.1,4.304952135108925e-09,184.6,BID
529,1712454311.9079866,7665604.92822671,184.1,1.5498760153417665e-06,184.6,BID
530,1712454330.613544,7665604.92822671,184.1,0.0,184.6,BID
531,1712454351.5434794,7671039.7108354,184.0,-7.794538074765981e-07,184.6,ASK
532,1712454360.964208,7671039.7108354,184.0,-0.0,184.6,ASK
533,1712454390.9434454,7671039.7108354,184.0,-0.0,184.6,ASK
534,1712454420.6437583,7671039.7108354,184.0,-0.0,184.6,ASK
535,1712454436.7541687,7671228.16567761,183.8,-2.7024223550187418e-08,184.6,ASK
536,1712454437.2936947,7671771.64393847,183.7,-7.793420346181256e-08,184.6,ASK
537,1712454437.3022704,7676772.79061608,183.7,-7.171591042089056e-07,184.6,ASK
538,1712454446.3137105,7676881.87608151,183.7,-1.5642739498208738e-08,184.6,ASK
539,1712454450.6571825,7676881.87608151,183.7,-0.0,184.6,ASK
540,1712454473.8237357,7676909.07956355,183.8,3.900350074641272e-09,184.6,BID
541,1712454480.9834106,7676909.07956355,183.8,0.0,184.6,BID
542,1712454483.5639594,7698935.10548811,183.8,3.15802036474454e-06,184.6,BID
543,1712454483.5692828,7716074.10548811,183.9,2.457334392356409e-06,184.6,BID
544,1712454483.5745025,7755467.64704906,184.0,5.648118590025288e-06,184.6,BID
545,1712454483.578675,7760709.34953428,184.0,7.515383506289821e-07,184.6,BID
546,1712454483.581204,7766092.59233711,184.1,7.718319436256658e-07,184.6,BID
547,1712454483.583603,7772644.72044363,183.8,9.394229382855266e-07,184.6,BID
548,1712454483.5859892,7783526.11326191,184.0,1.5601389117860255e-06,184.6,BID
549,1712454483.703937,7815813.2396508,184.1,-4.629223764850746e-06,184.6,ASK
550,1712454489.2660823,7816610.12054507,183.6,-1.1425420550212361e-07,184.6,ASK
551,1712454489.2734354,7817991.88888827,183.6,-1.981134763997103e-07,184.6,ASK
552,1712454489.50362,7818019.60627927,184.0,-3.974029883365873e-09,184.6,ASK
553,1712454510.9836862,7818019.60627927,184.0,-0.0,184.6,ASK
554,1712454515.5340836,7821280.47584449,183.6,-4.6579921273447307e-07,184.6,ASK
555,1712454540.6434023,7821280.47584449,183.6,-0.0,184.6,ASK
556,1712454550.0641012,7827233.47584449,183.8,8.502841151881815e-07,184.6,BID
557,1712454550.0689256,7828870.47584449,183.8,2.3381741921099497e-07,184.6,BID
558,1712454550.0796626,7835461.47584449,183.8,9.414114905434746e-07,184.6,BID
559,1712454550.0820348,7838196.47584449,183.8,3.90647917863208e-07,184.6,BID
560,1712454550.1004229,7842311.47584449,183.8,5.877572877539673e-07,184.6,BID
561,1712454550.213657,7842322.84938359,183.8,1.6245153082060892e-09,184.6,BID
562,1712454570.6333954,7842322.84938359,183.8,0.0,184.6,BID
563,1712454600.66483,7842322.84938359,183.8,0.0,184.6,BID
564,1712454609.4502842,7842885.64408359,184.0,8.063205438286077e-08,184.6,BID
565,1712454613.4540343,7843129.28788115,184.1,3.4907045028786395e-08,184.6,BID
566,1712454613.4594915,7843160.23992935,184.0,4.434525118548776e-09,184.6,BID
567,1712454614.7037048,7843324.66954019,183.9,-2.3557964073572293e-08,184.6,ASK
568,1712454614.8536706,7843489.09915103,183.9,-2.3557964073572293e-08,184.6,ASK
569,1712454630.6433637,7843489.09915103,183.9,-0.0,184.6,ASK
570,1712454660.9434593,7843489.09915103,183.9,-0.0,184.6,ASK
571,1712454690.9637182,7843489.09915103,183.9,-0.0,184.6,ASK
572,1712454715.093574,7845118.64830909,184.1,2.334596558567841e-07,184.6,BID
573,1712454720.6981847,7845118.64830909,184.1,0.0,184.6,BID
574,1712454726.7437403,7845711.00955637,184.1,8.486182126224793e-08,184.6,BID
575,1712454737.4835858,7845810.35025822,184.1,-1.4231573930918861e-08,184.6,ASK
576,1712454749.5938232,7846366.71520448,184.1,-7.970498212523047e-08,184.6,ASK
577,1712454749.5994112,7846534.2305777,184.1,-2.399829449704044e-08,184.6,ASK
578,1712454749.6037128,7850911.58337012,183.9,-6.271006619323894e-07,184.6,ASK
579,1712454749.6077778,7851997.4065639,184.1,-1.5555530382200729e-07,184.6,ASK
580,1712454750.643594,7851997.4065639,184.1,-0.0,184.6,ASK
581,1712454780.9758034,7851997.4065639,184.1,-0.0,184.6,ASK
582,1712454787.1237612,7867468.12211596,184.1,-2.215936859425246e-06,184.6,ASK
583,1712454787.3635356,7871105.95198596,184.1,-5.210619554165871e-07,184.6,ASK
584,1712454791.1537066,7874320.99233533,184.1,-4.6050400130067053e-07,184.6,ASK
585,1712454793.805747,7877639.87240105,184.1,-4.75377408685053e-07,184.6,ASK
586,1712454810.9656756,7877639.87240105,184.1,-0.0,184.6,ASK
587,1712454820.8204558,7878454.64698009,184.1,-1.1662479412053961e-07,184.6,ASK
588,1712454840.633347,7878454.64698009,184.1,-0.0,184.6,ASK
589,1712454858.3936508,7883334.85525221,184.2,6.985258006673892e-07,184.6,BID
590,1712454858.399093,7894190.53582177,184.2,1.5538215868699856e-06,184.6,BID
591,1712454861.3036127,7894767.45893218,184.1,-8.257755717613074e-08,184.6,ASK
592,1712454861.3107786,7900021.69440516,184.1,-7.520619686716695e-07,184.6,ASK
593,1712454870.6495144,7900021.69440516,184.1,-0.0,184.6,ASK
594,1712454900.633504,7900021.69440516,184.1,-0.0,184.6,ASK
595,1712454902.363229,7903441.1541974,184.1,-4.939811621625329e-07,184.6,ASK
596,1712454902.3675003,7904557.03997,184.1,-1.6120281690118245e-07,184.6,ASK
597,1712454909.7283154,7905231.95687195,184.1,9.749968002104941e-08,184.6,BID
598,1712454910.763528,7905696.02141762,184.1,6.70395786224729e-08,184.6,BID
599,1712454914.8237374,7906239.2044703,184.1,7.84691769849037e-08,184.6,BID
600,1712454916.6539216,7906289.2044703,184.1,7.223087741570768e-09,184.6,BID
601,1712454926.914062,7908789.2044703,184.0,3.6115438707853844e-07,184.6,BID
602,1712454926.9207883,7909289.2044703,184.0,7.22308774157077e-08,184.6,BID
603,1712454930.6637754,7909289.2044703,184.0,0.0,184.6,BID
604,1712454951.993531,7910039.15299806,184.0,-1.0831218899340277e-07,184.6,ASK
605,1712454960.973466,7910039.15299806,184.0,-0.0,184.6,ASK
606,1712454969.3241131,7911723.98707899,184.0,-2.43329273714656e-07,184.6,ASK
607,1712454969.3294585,7916039.15299806,184.0,-6.232104400844432e-07,184.6,ASK
608,1712454977.2934482,7924741.99532368,184.0,-1.2568930830136247e-06,184.6,ASK
609,1712454978.3837304,7926973.99532368,184.0,3.223527735332649e-07,184.6,BID
610,1712454978.4439003,7926974.09012217,184.0,1.3691109322863173e-11,184.6,BID
611,1712454978.7435384,7927819.99532368,184.2,1.2216840853635014e-07,184.6,BID
612,1712454990.9436626,7927819.99532368,184.2,0.0,184.6,BID
613,1712454995.073774,7928362.61204463,184.2,7.832947661343115e-08,184.6,BID
614,1712455002.5237858,7929362.61204463,184.2,1.4435507346031457e-07,184.6,BID
615,1712455020.8767543,7929362.61204463,184.2,0.0,184.6,BID
616,1712455027.2476723,7929610.26541053,184.2,3.5748553475464823e-08,184.6,BID
617,1712455039.9595723,7931974.09012217,184.2,3.412160937256821e-07,184.6,BID
618,1712455039.9639108,7939511.0621603,184.2,1.0879555259352854e-06,184.6,BID
619,1712455043.3090706,7941007.5621603,184.2,-2.160185066795139e-07,184.6,ASK
620,1712455043.404585,7942967.45083112,184.2,-2.829082685790799e-07,184.6,ASK
621,1712455047.143877,7944592.28620874,184.2,-2.3454360967165498e-07,184.6,ASK
622,1712455049.8135085,7949362.49027529,184.2,-6.885749141413645e-07,184.6,ASK
623,1712455050.6334834,7949362.49027529,184.2,-0.0,184.6,ASK
624,1712455080.973548,7949362.49027529,184.2,-0.0,184.6,ASK
625,1712455098.0794644,7952076.93110048,184.2,-3.91618977796949e-07,184.6,ASK
626,1712455098.0838003,7952346.23184641,184.2,-3.885267339858296e-08,184.6,ASK
627,1712455110.9546611,7952346.23184641,184.2,-0.0,184.6,ASK
628,1712455118.8050249,7965364.2400911,184.2,1.87799079041708e-06,184.6,BID
629,1712455118.8114443,7968738.2954492,184.2,4.867445748817306e-07,184.6,BID
630,1712455140.656001,7968738.2954492,184.2,0.0,184.6,BID
631,1712455164.8162434,7975503.21401597,184.2,-9.754889593384804e-07,184.6,ASK
632,1712455170.843861,7975503.21401597,184.2,-0.0,184.6,ASK
633,1712455187.2841356,8002647.62226787,184.2,3.913471131606793e-06,184.6,BID
634,1712455197.543672,8013642.2606707,184.2,1.5851220477026995e-06,184.6,BID
635,1712455201.373946,8013642.2606707,184.2,0.0,184.6,BID
636,1712455216.283662,8021531.64005974,184.2,1.1420108865258964e-06,184.6,BID
637,1712455220.19355,8035179.06816608,184.3,1.975505385400856e-06,184.6,BID
638,1712455230.9964633,8035179.06816608,184.3,0.0,184.6,BID
639,1712455247.2237802,8037892.03615305,184.3,3.924846404354369e-07,184.6,BID
640,1712455260.638599,8037892.03615305,184.3,0.0,184.6,BID
641,1712455290.6545022,8037892.03615305,184.3,0.0,184.6,BID
642,1712455290.763851,8038403.32661507,184.2,-7.396295844443324e-08,184.6,ASK
643,1712455294.1136105,8043277.83274796,184.2,-7.051430083788915e-07,184.6,ASK
644,1712455296.8041966,8043413.65924476,184.3,1.9648576073070826e-08,184.6,BID
645,1712455321.0145397,8043413.65924476,184.3,0.0,184.6,BID
646,1712455329.4337397,8043456.74430023,184.2,-6.231740284561044e-09,184.6,ASK
647,1712455344.724424,8044023.63240883,184.1,-8.199361529480577e-08,184.6,ASK
648,1712455351.1592717,8044023.63240883,184.1,-0.0,184.6,ASK
649,1712455380.647743,8044023.63240883,184.1,-0.0,184.6,ASK
650,1712455382.2040598,8045252.29563482,184.1,1.777086201401224e-07,184.6,BID
651,1712455385.233703,8047106.65492782,184.1,2.682066364748133e-07,184.6,BID
652,1712455390.8238144,8048420.62613765,184.1,1.9004720387441546e-07,184.6,BID
653,1712455395.2057734,8049272.66898216,184.1,1.2323585096011374e-07,184.6,BID
654,1712455398.8538096,8049544.40811259,184.0,-3.9303191375225374e-08,184.6,ASK
655,1712455398.8600082,8049816.14724303,184.0,-3.930319137670709e-08,184.6,ASK
656,1712455410.2639265,8050290.02922181,184.1,6.854027269386996e-08,184.6,BID
657,1712455410.653786,8050290.02922181,184.1,0.0,184.6,BID
658,1712455425.5437036,8050945.02922181,184.1,9.47206083355678e-08,184.6,BID
659,1712455433.3135972,8051216.62074816,184.0,-3.927528945749313e-08,184.6,ASK
660,1712455440.9636817,8051216.62074816,184.0,-0.0,184.6,ASK
661,1712455451.323621,8051759.80380084,184.1,7.854864153198917e-08,184.6,BID
662,1712455453.143627,8052031.69053535,184.0,-3.931701024353709e-08,184.6,ASK
663,1712455470.9440594,8052031.69053535,184.0,-0.0,184.6,ASK
664,1712455500.1892805,8055753.38959635,184.0,5.381759646101265e-07,184.6,BID
665,1712455500.6335585,8055753.38959635,184.0,0.0,184.6,BID
666,1712455501.0837424,8068295.38959635,184.0,1.818893504992219e-06,184.6,BID
667,1712455501.1039176,8071820.913061,184.0,5.112862168355199e-07,184.6,BID
668,1712455501.1093311,8072485.38959635,184.0,9.636517735339716e-08,184.6,BID
669,1712455501.2138171,8072485.913061,184.0,7.591504174124224e-11,184.6,BID
670,1712455501.2940233,8072794.89077787,184.1,4.480924592581535e-08,184.6,BID
671,1712455501.30118,8072879.913061,184.1,1.2330288515815527e-08,184.6,BID
672,1712455501.333715,8073338.07383056,184.1,6.644439866001496e-08,184.6,BID
673,1712455506.9740777,8073427.07383056,184.2,1.2907153719048597e-08,184.6,BID
674,1712455512.6337051,8073810.07383056,184.2,5.5544268251636095e-08,184.6,BID
675,1712455530.6136258,8073810.07383056,184.2,0.0,184.6,BID
676,1712455538.3483284,8073951.83107693,184.2,2.0548329726964573e-08,184.6,BID
677,1712455554.8886828,8079966.5420306,184.2,8.718585261273256e-07,184.6,BID
678,1712455554.8936148,8083174.33208857,184.2,4.649831278029221e-07,184.6,BID
679,1712455555.1635594,8091823.02135923,184.2,-1.25366514509739e-06,184.6,ASK
680,1712455560.9541094,8091823.02135923,184.2,-0.0,184.6,ASK
681,1712455590.923811,8091823.02135923,184.2,-0.0,184.6,ASK
682,1712455603.5460508,8100364.39906972,184.3,1.2375146769297172e-06,184.6,BID
683,1712455605.813866,8108021.04280428,184.3,1.109330288239567e-06,184.6,BID
684,1712455612.003838,8108749.23702371,183.9,-1.0550417798445841e-07,184.6,ASK
685,1712455612.010139,8114100.82110062,183.9,-7.753624841886435e-07,184.6,ASK
686,1712455614.4998388,8114230.82110062,184.3,1.8835006886920875e-08,184.6,BID
687,1712455620.6077237,8114230.82110062,184.3,0.0,184.6,BID
688,1712455650.653932,8114230.82110062,184.3,0.0,184.6,BID
689,1712455680.9792416,8114230.82110062,184.3,0.0,184.6,BID
690,1712455683.4741716,8117230.82110062,184.3,4.3439424332078265e-07,184.6,BID
691,1712455690.9044724,8122656.75707458,184.0,-7.856651172384524e-07,184.6,ASK
692,1712455711.165688,8122656.75707458,184.0,-0.0,184.6,ASK
693,1712455721.4704597,8123200.23533544,184.2,7.867693678482248e-08,184.6,BID
694,1712455722.3836424,8129270.63491825,184.0,-8.787848174072276e-07,184.6,ASK
695,1712455722.3936107,8133209.06460373,184.0,-5.701489934578122e-07,184.6,ASK
696,1712455731.123883,8133263.35342023,184.2,7.85915112242185e-09,184.6,BID
697,1712455740.6712914,8133263.35342023,184.2,0.0,184.6,BID
698,1712455742.283981,8135977.79424542,184.2,3.9284655980461643e-07,184.6,BID
699,1712455760.6339023,8137714.64317835,184.2,2.51364893229572e-07,184.6,BID
700,1712455770.6366608,8137714.64317835,184.2,0.0,184.6,BID
701,1712455783.0938182,8138630.61500505,184.2,-1.32547994117239e-07,184.6,ASK
702,1712455783.0991623,8153163.67671941,184.2,-2.103043043978206e-06,184.6,ASK
703,1712455792.0040374,8153382.99501095,184.2,-3.1737001913588904e-08,184.6,ASK
704,1712455796.26556,8153718.00044446,184.2,4.8477799137264056e-08,184.6,BID
705,1712455796.2710736,8158549.99501095,184.2,6.992258590325765e-07,184.6,BID
706,1712455797.7038095,8159367.59172511,184.2,1.1831237741153021e-07,184.6,BID
707,1712455800.6832516,8159367.59172511,184.2,0.0,184.6,BID
708,1712455819.8136504,8165813.60366216,184.3,9.358156603915414e-07,184.6,BID
709,1712455821.6239705,8220072.96340172,184.3,7.87723619859366e-06,184.6,BID
710,1712455826.924024,8278318.57085143,184.3,8.455949528601242e-06,184.6,BID
711,1712455826.9348872,8288368.31980172,184.3,1.458997057797608e-06,184.6,BID
712,1712455827.003925,8290105.56566567,184.3,2.5220894737882066e-07,184.6,BID
713,1712455829.555329,8291911.7472119,184.3,2.6221685485205924e-07,184.6,BID
714,1712455829.558225,8298985.30740508,184.3,1.0269215242144626e-06,184.6,BID
715,1712455830.6353877,8298985.30740508,184.3,0.0,184.6,BID
716,1712455832.303993,8305060.39634465,184.3,-8.786835547883399e-07,184.6,ASK
717,1712455839.57385,8305168.85621449,184.4,1.5687326544687486e-08,184.6,BID
718,1712455839.8342123,8309636.27876211,184.4,6.461552684958808e-07,184.6,BID
719,1712455839.8455777,8313967.97530734,184.4,6.265242462272066e-07,184.6,BID
720,1712455849.5945125,8329615.18636301,184.2,-2.263168024317497e-06,184.6,ASK
721,1712455849.6008651,8330615.18636301,184.3,-1.4463715075265218e-07,184.6,ASK
722,1712455849.606436,8341484.7515804,184.0,-1.5721429429635166e-06,184.6,ASK
723,1712455849.6094108,8358623.7515804,184.1,-2.478936126749705e-06,184.6,ASK
724,1712455849.6122825,8359304.59050876,184.0,-9.847460271941593e-08,184.6,ASK
725,1712455849.61522,8377128.83368955,184.0,-2.578047747991853e-06,184.6,ASK
726,1712455849.6180484,8425763.75994978,184.3,-7.034417161344891e-06,184.6,ASK
727,1712455849.6209283,8444213.59552128,184.2,-2.668531648916893e-06,184.6,ASK
728,1712455849.6238666,8446350.59552128,184.1,-3.090895911584177e-07,184.6,ASK
729,1712455851.1182847,8470302.62029228,184.4,3.464352617634288e-06,184.6,BID
730,1712455851.121259,8471450.22990037,184.4,1.6598698389044048e-07,184.6,BID
731,1712455860.9639397,8471450.22990037,184.4,0.0,184.6,BID
732,1712455890.9854348,8471450.22990037,184.4,0.0,184.6,BID
733,1712455920.6643276,8471450.22990037,184.4,0.0,184.6,BID
734,1712455925.5852516,8472965.64067324,184.0,-2.1818204092932945e-07,184.6,ASK
735,1712455925.5902588,8482337.57297324,184.0,-1.349328745229369e-06,184.6,ASK
736,1712455927.1437829,8482837.57297324,184.0,7.198775567496566e-08,184.6,BID
737,1712455935.8437788,8482864.76710048,183.9,-3.915288374991427e-09,184.6,ASK
738,1712455942.6946251,8483364.76710048,183.8,-7.198775567496566e-08,184.6,ASK
739,1712455942.9838774,8483864.76710048,183.9,7.198775567496566e-08,184.6,BID
740,1712455942.9943924,8484743.59399138,184.0,1.2652955100550306e-07,184.6,BID
741,1712455950.6736534,8484743.59399138,184.0,0.0,184.6,BID
742,1712455980.9837384,8484743.59399138,184.0,0.0,184.6,BID
743,1712455995.5489664,8485287.07225225,183.9,7.822001619101445e-08,184.6,BID
744,1712455995.5541337,8485830.55051311,183.9,7.822001618967406e-08,184.6,BID
745,1712455996.6136098,8485960.71912446,183.9,1.873449523295585e-08,184.6,BID
746,1712456002.3971157,8486944.96906746,184.0,1.4165800551854526e-07,184.6,BID
747,1712456008.553956,8487440.41599248,184.0,7.130711435423989e-08,184.6,BID
748,1712456010.96379,8487440.41599248,184.0,0.0,184.6,BID
749,1712456015.8438876,8488091.22843582,184.0,9.366138269460957e-08,184.6,BID
750,1712456016.183826,8488131.22843582,184.0,5.75658217067311e-09,184.6,BID
751,1712456016.6828084,8490020.70636482,184.0,2.719233739490167e-07,184.6,BID
752,1712456016.86375,8491813.75870582,184.0,2.580463284322665e-07,184.6,BID
753,1712456017.683721,8493305.46059682,184.0,2.146776127421701e-07,184.6,BID
754,1712456018.3152866,8493943.12683426,184.0,9.176945233217702e-08,184.6,BID
755,1712456037.460118,8493975.56186355,184.0,4.6678727829905775e-09,184.6,BID
756,1712456040.6235936,8493975.56186355,184.0,0.0,184.6,BID
757,1712456045.6803927,8499279.63640468,184.0,7.632014494815658e-07,184.6,BID
758,1712456045.685882,8506077.53629688,184.0,9.78147462092974e-07,184.6,BID
759,1712456070.645227,8506077.53629688,184.0,0.0,184.6,BID
760,1712456095.541212,8506285.35910915,184.0,-2.989397423599866e-08,184.6,ASK
761,1712456100.6937032,8506285.35910915,184.0,-0.0,184.6,ASK
762,1712456115.8440728,8507372.31563088,184.0,-1.568555785556932e-07,184.6,ASK
763,1712456115.8504734,8527766.80484182,183.9,-2.943070252194988e-06,184.6,ASK
764,1712456115.8555014,8531601.88379911,184.0,-5.534292463653643e-07,184.6,ASK
765,1712456130.8137696,8533233.20516942,183.9,-2.3541130876457045e-07,184.6,ASK
766,1712456130.8238592,8533667.98777811,183.9,-6.274223142200847e-08,184.6,ASK
767,1712456130.8289993,8535380.69400897,183.9,-2.471557246008182e-07,184.6,ASK
768,1712456130.9408298,8537025.95931897,183.9,2.3742351871348202e-07,184.6,BID
769,1712456130.9739172,8537025.95931897,183.9,0.0,184.6,BID
770,1712456131.4241614,8539029.16077776,183.9,2.888406003867794e-07,184.6,BID
771,1712456144.3936656,8539792.02078687,183.9,1.0999639705496076e-07,184.6,BID
772,1712456144.4741056,8540714.52586178,183.9,1.3301553796657764e-07,184.6,BID
773,1712456149.0037253,8541347.95371871,183.9,9.133364080525e-08,184.6,BID
774,1712456149.7936373,8542106.59148554,183.9,1.0938759408608096e-07,184.6,BID
775,1712456149.813681,8543024.21355723,183.9,1.323114602139299e-07,184.6,BID
776,1712456158.7642767,8545399.21355723,183.9,3.424500431087597e-07,184.6,BID
777,1712456160.6884778,8545399.21355723,183.9,0.0,184.6,BID
778,1712456160.755525,8546032.64141416,183.9,9.131336659345302e-08,184.6,BID
779,1712456161.1138062,8547078.45765062,183.9,1.5076223810586858e-07,184.6,BID
780,1712456161.2192025,8547977.70268331,183.9,1.2963290204074837e-07,184.6,BID
781,1712456163.9968212,8549723.10269594,183.9,2.5161247561504496e-07,184.6,BID
782,1712456164.0042431,8550826.86691144,183.9,1.5911587300747948e-07,184.6,BID
783,1712456164.0119393,8551343.15664544,183.9,7.442702942957094e-08,184.6,BID
784,1712456173.2039416,8552802.15664544,184.0,-2.103257701763105e-07,184.6,ASK
785,1712456173.2157204,8555710.51228175,183.9,-4.192612331415209e-07,184.6,ASK
786,1712456173.2239275,8558239.89454647,183.9,-3.6462938512514906e-07,184.6,ASK
787,1712456188.226668,8559035.89454647,183.9,1.1474935782066013e-07,184.6,BID
788,1712456189.318959,8559090.27192548,183.9,7.838906182551239e-09,184.6,BID
789,1712456190.63878,8559090.27192548,183.9,0.0,184.6,BID
790,1712456196.2138822,8561488.99588313,183.8,-3.456685419130016e-07,184.6,ASK
791,1712456196.2222638,8562076.54346333,183.8,-8.46686483890353e-08,184.6,ASK
792,1712456197.7814243,8572496.30420286,183.9,1.501541471843046e-06,184.6,BID
793,1712456201.3615627,8573545.30420286,183.9,1.5116633129471246e-07,184.6,BID
794,1712456204.2241266,8573764.30420286,183.9,3.155903389279507e-08,184.6,BID
795,1712456213.4220471,8574275.59466489,183.8,-7.367960283228636e-08,184.6,ASK
796,1712456220.9196143,8574275.59466489,183.8,-0.0,184.6,ASK
797,1712456223.2540526,8574323.59466489,183.9,6.914266396797858e-09,184.6,BID
798,1712456225.5637064,8574375.59466489,183.9,7.49045526319768e-09,184.6,BID
799,1712456230.2440467,8575664.59466489,183.9,1.856768621973425e-07,184.6,BID
800,1712456232.2839932,8575788.59466489,183.9,1.7861854858394473e-08,184.6,BID
801,1712456233.253827,8575912.59466489,183.9,1.7861854858394473e-08,184.6,BID
802,1712456235.2437866,8576271.59466489,183.9,5.171295075938398e-08,184.6,BID
803,1712456250.966776,8576271.59466489,183.9,0.0,184.6,BID
804,1712456255.2539704,8577267.59466489,183.9,1.434634421607003e-07,184.6,BID
805,1712456261.1159863,8577687.39466489,183.9,6.046782431616633e-08,184.6,BID
806,1712456263.2637842,8577818.39466489,183.9,1.8869187673746727e-08,184.6,BID
807,1712456276.2939265,8578270.78015825,183.9,6.516142576411467e-08,184.6,BID
808,1712456276.3008385,8579002.39466489,183.9,1.0538146130242065e-07,184.6,BID
809,1712456280.6239026,8579002.39466489,183.9,0.0,184.6,BID
810,1712456281.7538683,8580154.39466489,183.9,1.659216177688507e-07,184.6,BID
811,1712456283.0337503,8581645.59096722,183.9,2.147757837617553e-07,184.6,BID
812,1712456283.3744545,8582589.59096722,183.9,1.3596354789391933e-07,184.6,BID
813,1712456289.543828,8583533.59096722,183.9,1.3596354789391933e-07,184.6,BID
814,1712456290.7269464,8584477.59096722,183.9,1.3596354789391933e-07,184.6,BID
815,1712456293.4741952,8585267.45697036,183.9,1.1376375439387053e-07,184.6,BID
816,1712456293.4805186,8595353.06676928,183.9,1.4526221302275013e-06,184.6,BID
817,1712456295.6641097,8595896.84055938,183.9,7.831929423071983e-08,184.6,BID
818,1712456310.6038268,8595896.84055938,183.9,0.0,184.6,BID
819,1712456317.7274084,8596359.05553638,183.9,6.654266839965758e-08,184.6,BID
820,1712456320.4740305,8596862.9652754,183.8,-7.254524482214945e-08,184.6,ASK
821,1712456320.4808588,8597065.17419814,183.8,-2.9110959105393185e-08,184.6,ASK
822,1712456320.486744,8607658.49056462,183.8,-1.525064252142413e-06,184.6,ASK
823,1712456330.1336882,8608214.85551088,183.8,-8.009694616218728e-08,184.6,ASK
824,1712456331.25396,8609215.73311372,183.8,-1.440911042448306e-07,184.6,ASK
825,1712456335.2741156,8610446.73311372,183.9,1.772206200059906e-07,184.6,BID
826,1712456339.743862,8616456.93483597,183.9,8.652572506729806e-07,184.6,BID
827,1712456339.75027,8617661.04364153,183.9,1.7334923564251889e-07,184.6,BID
828,1712456340.913795,8617661.04364153,183.9,0.0,184.6,BID
829,1712456341.333525,8618198.04364153,183.9,7.726457000722348e-08,184.6,BID
830,1712456351.493744,8618361.17577856,183.9,2.3471758700205704e-08,184.6,BID
831,1712456360.0439775,8619325.88453255,183.9,1.3880410997996728e-07,184.6,BID
832,1712456360.0524662,8619992.49714886,183.9,9.59134770215538e-08,184.6,BID
833,1712456370.9847505,8619992.49714886,183.9,0.0,184.6,BID
834,1712456389.303952,8620535.97540972,183.8,-7.819185071094064e-08,184.6,ASK
835,1712456400.6772528,8620535.97540972,183.8,-0.0,184.6,ASK
836,1712456409.774077,8638030.64366043,183.8,-2.521881715336019e-06,184.6,ASK
837,1712456411.9447875,8638036.48230031,184.0,8.416483778819623e-10,184.6,BID
838,1712456411.9522755,8638066.38985877,183.9,4.311217780710067e-09,184.6,BID
839,1712456430.614797,8638066.38985877,183.9,0.0,184.6,BID
840,1712456452.80396,8638229.5219958,184.0,2.3504816074533002e-08,184.6,BID
841,1712456460.971494,8638229.5219958,184.0,0.0,184.6,BID
842,1712456468.084216,8646964.57838065,184.0,1.258580985329338e-06,184.6,BID
843,1712456481.7220566,8648532.08653282,184.0,2.2585268689182413e-07,184.6,BID
844,1712456484.8637102,8648559.80392382,184.0,3.993629776108991e-09,184.6,BID
845,1712456490.9566195,8648559.80392382,184.0,0.0,184.6,BID
846,1712456505.3739688,8648614.1517499,184.0,7.828502708168272e-09,184.6,BID
847,1712456520.6336513,8648614.1517499,184.0,0.0,184.6,BID
848,1712456539.8541918,8659484.76308197,183.8,-1.565848973317477e-06,184.6,ASK
849,1712456550.6568737,8659484.76308197,183.8,-0.0,184.6,ASK
850,1712456568.033963,8661951.01759587,183.8,-3.551475503765197e-07,184.6,ASK
851,1712456568.042936,8665469.52913203,183.8,-5.066755057094729e-07,184.6,ASK
852,1712456580.9725811,8665469.52913203,183.8,-0.0,184.6,ASK
853,1712456595.054036,8666587.47211693,183.8,-1.6096142095246104e-07,184.6,ASK
854,1712456610.965721,8666587.47211693,183.8,-0.0,184.6,ASK
1055,1712456622.2939134,8666787.47211693,183.8,-2.879514631257893e-08,184.6,ASK
855,1712456622.2939134,8666787.47211693,183.8,-2.8795146312578932e-08,184.6,ASK
856,1712456622.3010309,8674506.0366383,183.8,-1.1112859735797154e-06,184.6,ASK
857,1712456623.4245489,8674684.4366383,183.8,2.568527051060587e-08,184.6,BID
858,1712456625.4521596,8675933.83607474,183.8,1.7988319787576324e-07,184.6,BID
859,1712456625.4637735,8677190.03616853,183.8,1.808623274929201e-07,184.6,BID
860,1712456633.235035,8678411.03616853,183.8,1.757943682382944e-07,184.6,BID
861,1712456633.4140692,8688524.03616853,183.8,1.456026573295554e-06,184.6,BID
862,1712456633.4458427,8692924.03616853,183.8,6.334932188767366e-07,184.6,BID
863,1712456640.633932,8692924.03616853,183.8,0.0,184.6,BID
864,1712456646.6846702,8692924.38495172,183.8,5.0181341589725454e-11,184.6,BID
865,1712456654.4143038,8702489.18608991,183.8,-1.3761401572609869e-06,184.6,ASK
866,1712456654.4183073,8719227.84640563,183.7,-2.408282441674613e-06,184.6,ASK
867,1712456654.422126,8743852.69902998,183.7,-3.5429119825288264e-06,184.6,ASK
868,1712456654.4259546,8752924.38495172,183.6,-1.3051929789861735e-06,184.6,ASK
869,1712456670.6041503,8752924.38495172,183.6,-0.0,184.6,ASK
870,1712456676.6145556,8763841.90876677,183.7,-1.5682767622250074e-06,184.6,ASK
871,1712456676.622069,8787477.56535852,183.6,-3.395206790542529e-06,184.6,ASK
872,1712456676.630855,8787650.87962867,183.6,-2.4896189561170962e-08,184.6,ASK
873,1712456676.6369667,8812241.40238093,183.7,-3.5323710812676403e-06,184.6,ASK
874,1712456676.6405103,8812924.38495172,183.6,-9.810884894042173e-08,184.6,ASK
875,1712456677.6040008,8818233.60330671,183.6,-7.626567995420234e-07,184.6,ASK
876,1712456700.6742425,8818233.60330671,183.6,-0.0,184.6,ASK
877,1712456709.7042444,8819727.65767063,183.6,-2.1459691415296722e-07,184.6,ASK
878,1712456721.1640923,8821218.85397296,183.6,-2.1418639950749339e-07,184.6,ASK
879,1712456730.6648693,8821218.85397296,183.6,-0.0,184.6,ASK
880,1712456742.8141568,8821396.44112046,183.7,-2.5505533690975012e-08,184.6,ASK
1080,1712456742.8141568,8821396.44112046,183.7,-2.550553369097501e-08,184.6,ASK
881,1712456756.5039885,8826532.47572014,183.7,-7.376508118068944e-07,184.6,ASK
882,1712456756.5083818,8827991.88857264,183.7,-2.0960471634605293e-07,184.6,ASK
883,1712456760.9747975,8827991.88857264,183.7,-0.0,184.6,ASK
884,1712456764.9040673,8834463.80406375,184.0,9.293474717900196e-07,184.6,BID
885,1712456778.554118,8834491.52145475,184.0,3.980133437326955e-09,184.6,BID
886,1712456785.884076,8835034.70450743,183.8,-7.799944196124592e-08,184.6,ASK
887,1712456790.9589765,8835034.70450743,183.8,-0.0,184.6,ASK
888,1712456801.604391,8835603.52145475,183.8,-8.16651963021455e-08,184.6,ASK
889,1712456801.6124918,8836759.48648838,183.8,-1.6596219897192305e-07,184.6,ASK
890,1712456820.6140175,8836759.48648838,183.8,-0.0,184.6,ASK
891,1712456850.6240351,8836759.48648838,183.8,-0.0,184.6,ASK
892,1712456863.0042038,8838004.32561321,183.8,-1.787137412787358e-07,184.6,ASK
893,1712456871.1341765,8840963.82841694,184.0,4.248772454444756e-07,184.6,BID
894,1712456871.314244,8841665.68536359,184.0,1.0076119739210169e-07,184.6,BID
895,1712456871.3743043,8852519.68536359,184.0,1.5582406667235926e-06,184.6,BID
896,1712456871.422045,8854524.60261546,184.0,2.8783338817759333e-07,184.6,BID
897,1712456871.7340295,8862667.60261546,184.0,1.1690394093541748e-06,184.6,BID
898,1712456878.1690226,8862695.32000646,184.0,3.9792118878228055e-09,184.6,BID
899,1712456880.994007,8862695.32000646,184.0,0.0,184.6,BID
900,1712456881.4740756,8873635.1403482,183.8,-1.5694861340327428e-06,184.6,ASK
901,1712456886.9642382,8874979.78927573,183.8,-1.9291064944171984e-07,184.6,ASK
902,1712456905.3241155,8877754.63727649,183.8,-3.980947881405087e-07,184.6,ASK
903,1712456911.0244398,8877754.63727649,183.8,-0.0,184.6,ASK
904,1712456912.4541028,8883189.41988518,184.0,7.793939798037456e-07,184.6,BID
905,1712456923.8744092,8883390.37567554,184.0,2.881876691119853e-08,184.6,BID
906,1712456923.881796,8884477.33219728,184.0,1.5587879596101625e-07,184.6,BID
907,1712456923.8891065,8894764.67798643,184.2,1.4752927492260315e-06,184.6,BID
908,1712456923.8926845,8920574.83139495,184.0,3.701395185934484e-06,184.6,BID
909,1712456923.8961325,8937713.83139495,184.1,2.4578781492554084e-06,184.6,BID
910,1712456923.8996017,8948583.39661234,184.2,1.5587879596085598e-06,184.6,BID
911,1712456940.684748,8948583.39661234,184.2,0.0,184.6,BID
912,1712456970.61471,8948583.39661234,184.2,0.0,184.6,BID
913,1712456981.1989143,8948691.91995653,184.2,1.5534123113408462e-08,184.6,BID
914,1712457000.7257364,8948691.91995653,184.2,0.0,184.6,BID
915,1712457030.7469623,8948691.91995653,184.2,0.0,184.6,BID
916,1712457049.292698,8948724.49324643,184.1,4.700085002291787e-09,184.6,BID
917,1712457049.303074,8951406.37846537,184.2,3.869762168238445e-07,184.6,BID
918,1712457061.0049274,8951406.37846537,184.2,0.0,184.6,BID
919,1712457087.3139396,8962500.30461473,184.1,-1.6006560731132142e-06,184.6,ASK
920,1712457090.9540513,8962500.30461473,184.1,-0.0,184.6,ASK
921,1712457113.4239514,8964739.7315566,184.1,-3.230142601493669e-07,184.6,ASK
922,1712457113.5140033,8966370.1663392,184.0,-2.3517341654540426e-07,184.6,ASK
923,1712457113.521749,8969036.6065566,184.0,-3.846065249785905e-07,184.6,ASK
924,1712457120.6411233,8969036.6065566,184.0,-0.0,184.6,ASK
925,1712457130.934129,8977239.73155659,184.0,-1.1830109919797775e-06,184.6,ASK
926,1712457139.5194693,8979435.1381901,184.0,-3.166098504301467e-07,184.6,ASK
927,1712457139.7139668,8979957.12286093,184.0,-7.5277848775752e-08,184.6,ASK
928,1712457150.6779287,8979957.12286093,184.0,-0.0,184.6,ASK
929,1712457150.8478146,8980257.49498172,183.8,-4.3305518138465206e-08,184.6,ASK
930,1712457150.852216,8980257.68641294,183.8,-2.7599193211103032e-11,184.6,ASK
931,1712457152.207665,8981308.47574337,183.7,-1.514953394783423e-07,184.6,ASK
932,1712457152.3279462,8997307.66334337,183.7,2.3066491889930413e-06,184.6,BID
933,1712457153.5141845,8998107.62264337,183.7,1.1533244791585352e-07,184.6,BID
934,1712457153.7939894,8998149.72585034,183.7,6.070141224601357e-09,184.6,BID
935,1712457153.8039985,8998380.25107251,184.0,3.323548857937718e-08,184.6,BID
936,1712457171.1507475,8998880.25107251,184.0,7.208644734539728e-08,184.6,BID
937,1712457180.939545,8998880.25107251,184.0,0.0,184.6,BID
938,1712457203.847023,8999371.68797255,183.9,7.081638679134515e-08,184.6,BID
939,1712457211.0111964,8999371.68797255,183.9,0.0,184.6,BID
940,1712457221.314177,8999514.48898448,183.9,2.0577453580689097e-08,184.6,BID
941,1712457240.64403,8999514.48898448,183.9,0.0,184.6,BID
942,1712457257.4340143,9005193.22220011,184.0,8.182955104133284e-07,184.6,BID
943,1712457258.2442763,9005400.61523556,184.0,2.9884973171811786e-08,184.6,BID
944,1712457262.454041,9006411.61523556,183.9,1.4568332929443434e-07,184.6,BID
945,1712457265.444373,9007243.61523556,183.9,1.1988974280214577e-07,184.6,BID
946,1712457268.603994,9009176.61523556,183.9,2.785419144670045e-07,184.6,BID
947,1712457270.5840209,9010400.03829156,183.9,1.762931196179763e-07,184.6,BID
948,1712457270.6938365,9010400.03829156,183.9,0.0,184.6,BID
949,1712457276.294063,9010516.16118443,183.9,1.6728278564598925e-08,184.6,BID
950,1712457282.4540496,9022653.82128391,183.9,1.7485110321395983e-06,184.6,BID
951,1712457300.9619987,9022653.82128391,183.9,0.0,184.6,BID
952,1712457317.8747563,9025358.41262576,184.1,3.915554999243306e-07,184.6,BID
953,1712457317.8838878,9033506.1584161,184.1,1.1795847405217965e-06,184.6,BID
954,1712457326.9544194,9033533.8758071,184.0,-4.012767741316937e-09,184.6,ASK
955,1712457328.344062,9048777.84503228,183.9,-2.206935997478528e-06,184.6,ASK
956,1712457328.41718,9071396.21570762,183.9,-3.274560300559368e-06,184.6,ASK
957,1712457328.4284587,9072558.43702355,183.9,-1.6825985550570138e-07,184.6,ASK
958,1712457329.2238474,9072586.15441455,184.0,4.012767741047273e-09,184.6,BID
959,1712457330.9850967,9072586.15441455,184.0,0.0,184.6,BID
960,1712457342.5840273,9078032.11621625,184.0,7.873886718198135e-07,184.6,BID
961,1712457360.674988,9078032.11621625,184.0,0.0,184.6,BID
962,1712457372.5940888,9080109.16275428,184.0,3.002602784549824e-07,184.6,BID
963,1712457372.7166257,9094309.82518785,184.0,-2.0528643814556306e-06,184.6,ASK
964,1712457390.604019,9094309.82518785,184.0,-0.0,184.6,ASK
965,1712457398.8439033,9095760.43213295,184.0,2.096106815616796e-07,184.6,BID
966,1712457420.9766746,9095760.43213295,184.0,0.0,184.6,BID
967,1712457450.9572797,9095760.43213295,184.0,0.0,184.6,BID
968,1712457480.6558518,9095760.43213295,184.0,0.0,184.6,BID
969,1712457487.753924,9099744.60779654,184.0,-5.756856265813562e-07,184.6,ASK
970,1712457487.759663,9107669.95329945,184.0,-1.1451572111668517e-06,184.6,ASK
971,1712457493.69365,9126891.36050714,184.0,-2.777359430523352e-06,184.6,ASK
972,1712457493.6992953,9133781.07869152,184.0,-9.955162786094004e-07,184.6,ASK
973,1712457510.6740844,9133781.07869152,184.0,-0.0,184.6,ASK
974,1712457510.9078052,9135647.70552024,184.1,2.6944220830659e-07,184.6,BID
975,1712457511.9239476,9141928.82448186,184.1,9.066614374201852e-07,184.6,BID
976,1712457540.9538836,9141928.82448186,184.1,0.0,184.6,BID
977,1712457548.8642893,9144354.38712196,183.9,-3.50047190926898e-07,184.6,ASK
978,1712457548.8718145,9196365.40586454,183.8,-7.506015596995825e-06,184.6,ASK
979,1712457570.965887,9196365.40586454,183.8,-0.0,184.6,ASK
980,1712457580.3939378,9198577.0875574,183.9,-3.187205493289813e-07,184.6,ASK
981,1712457600.7338998,9198577.0875574,183.9,-0.0,184.6,ASK
982,1712457630.596339,9198577.0875574,183.9,-0.0,184.6,ASK
983,1712457660.9440389,9198577.0875574,183.9,-0.0,184.6,ASK
984,1712457663.9140584,9203485.44859427,184.0,-7.158030961446263e-07,184.6,ASK
985,1712457663.9225004,9206206.89765234,184.0,-3.968782343296382e-07,184.6,ASK
986,1712457678.2840576,9208924.28895669,184.0,3.962864782113373e-07,184.6,BID
987,1712457690.9789326,9208924.28895669,184.0,0.0,184.6,BID
988,1712457709.7654016,9210088.1272719,184.0,-1.696794149653412e-07,184.6,ASK
989,1712457720.7154903,9210088.1272719,184.0,-0.0,184.6,ASK
990,1712457742.9425166,9210134.47299147,184.0,6.7566679738597276e-09,184.6,BID
991,1712457742.946591,9210631.60553276,184.0,7.247615425195807e-08,184.6,BID
992,1712457750.256956,9210733.40926068,184.0,1.4841801884653564e-08,184.6,BID
993,1712457750.624548,9210733.40926068,184.0,0.0,184.6,BID
994,1712457780.9347932,9210733.40926068,184.0,0.0,184.6,BID
995,1712457808.0439887,9216214.61640232,184.0,-7.9908254841747e-07,184.6,ASK
996,1712457808.143598,9233202.92844364,184.0,2.4766558403096984e-06,184.6,BID
997,1712457810.9956112,9233202.92844364,184.0,0.0,184.6,BID
998,1712457821.1216362,9235384.30072624,184.0,3.178216921368459e-07,184.6,BID
999,1712457834.8373768,9235927.50738378,184.0,7.914415180594604e-08,184.6,BID
1000,1712457840.0650387,9236199.11064464,184.0,3.957206600859216e-08,184.6,BID
1201,1712457840.614144,9236199.11064464,184.0,0.0,184.6,BID
1202,1712457846.557067,9276199.11064464,184.0,5.827453999267636e-06,184.6,BID
1203,1712457870.635603,9276199.11064464,184.0,0.0,184.6,BID
1204,1712457877.0338433,9281535.72494618,184.0,7.766391063768218e-07,184.6,BID
1205,1712457877.6441505,9311469.08231766,184.0,4.35621062461556e-06,184.6,BID
1206,1712457877.6468678,9349921.56455561,184.0,5.596001463818449e-06,184.6,BID
1207,1712457877.6496763,9403691.14777647,184.1,7.825103839873254e-06,184.6,BID
1208,1712457900.4541264,9403745.46608173,184.1,7.904959525465973e-09,184.6,BID
1209,1712457900.6949449,9403745.46608173,184.1,0.0,184.6,BID
1210,1712457930.643718,9403745.46608173,184.1,0.0,184.6,BID
1211,1712457960.9840922,9403745.46608173,184.1,0.0,184.6,BID
1212,1712457983.6731098,9414609.1271355,184.0,-1.5818404725245306e-06,184.6,ASK
1213,1712457990.9839404,9414609.1271355,184.0,-0.0,184.6,ASK
1214,1712458020.645578,9414609.1271355,184.0,-0.0,184.6,ASK
1215,1712458037.1836848,9425472.78818927,183.9,-1.581380198143483e-06,184.6,ASK
1216,1712458050.6351438,9425472.78818927,183.9,-0.0,184.6,ASK
1217,1712458070.5838473,9438086.30988452,183.9,-1.835566683116101e-06,184.6,ASK
1218,1712458077.3041182,9449936.76713579,183.9,-1.7245227015633574e-06,184.6,ASK
1219,1712458077.307125,9460812.24293785,183.9,-1.58263976767199e-06,184.6,ASK
1220,1712458077.3097925,9462556.13043916,183.9,-2.537770080273078e-07,184.6,ASK
1221,1712458080.6468313,9462556.13043916,183.9,-0.0,184.6,ASK
1222,1712458090.2338707,9464558.71651496,184.0,2.911348613364888e-07,184.6,BID
1223,1712458099.4237492,9466360.47826525,184.0,2.6193913144167215e-07,184.6,BID
1224,1712458110.691337,9466360.47826525,184.0,0.0,184.6,BID
1225,1712458128.2440746,9469434.03611424,184.1,4.467866806640611e-07,184.6,BID
1226,1712458130.918339,9472200.08174161,184.1,4.020852722275317e-07,184.6,BID
1227,1712458139.9040122,9475833.10260001,184.0,-5.281128287990594e-07,184.6,ASK
1228,1712458140.993647,9475833.10260001,184.0,-0.0,184.6,ASK
1229,1712458170.96401,9475833.10260001,184.0,-0.0,184.6,ASK
1230,1712458196.163844,9476032.08922661,183.9,-2.8918293261114812e-08,184.6,ASK
1231,1712458200.7040143,9476032.08922661,183.9,-0.0,184.6,ASK
1232,1712458210.374044,9476195.22136364,184.0,-2.3753161344550682e-08,184.6,ASK
1233,1712458213.4678628,9476628.82890025,184.0,-6.313624013518938e-08,184.6,ASK
1234,1712458230.635627,9476628.82890025,184.0,-0.0,184.6,ASK
1235,1712458260.9740236,9476628.82890025,184.0,-0.0,184.6,ASK
1236,1712458265.0838096,9485417.9767133,184.0,-1.2797399224690324e-06,184.6,ASK
1237,1712458265.0964725,9489861.42890025,184.0,-6.469868613175948e-07,184.6,ASK
1238,1712458265.103865,9490989.42890025,184.0,-1.6424193371758965e-07,184.6,ASK
1239,1712458265.1839504,9491342.60788032,184.0,-5.1424466875251e-08,184.6,ASK
1240,1712458277.0137396,9495684.10788032,184.0,-6.321421588962016e-07,184.6,ASK
1241,1712458278.7039423,9496546.29854142,184.0,-1.255388842305986e-07,184.6,ASK
1242,1712458282.9237568,9497644.29854142,184.0,-1.598737971825474e-07,184.6,ASK
1243,1712458285.473804,9501985.79854142,184.0,-6.321421588962016e-07,184.6,ASK
1244,1712458286.2737288,9502622.29854142,184.0,-9.267729681848033e-08,184.6,ASK
1245,1712458289.1838925,9504239.22295117,184.0,-2.354315529544785e-07,184.6,ASK
1246,1712458290.947063,9504239.22295117,184.0,-0.0,184.6,ASK
1247,1712458291.5166311,9510907.81440749,184.0,-9.702595488047203e-07,184.6,ASK
1248,1712458291.6339517,9523454.6394213,183.9,-1.8255244539373368e-06,184.6,ASK
1249,1712458291.6369944,9525670.24638481,183.9,-3.223639994781709e-07,184.6,ASK
1250,1712458320.6373708,9525670.24638481,183.9,-0.0,184.6,ASK
1251,1712458339.3375535,9526214.02017491,183.9,7.9072064416175e-08,184.6,BID
1252,1712458350.653978,9526214.02017491,183.9,0.0,184.6,BID
1253,1712458368.8239107,9527592.84706581,183.9,-2.0049716508731905e-07,184.6,ASK
1254,1712458371.358642,9529215.18106581,183.9,-2.359058776496804e-07,184.6,ASK
1255,1712458380.98479,9529215.18106581,183.9,-0.0,184.6,ASK
1256,1712458381.4742436,9531651.75807594,183.9,-3.542776710661628e-07,184.6,ASK
1257,1712458381.4779065,9531681.75807594,183.9,-4.3619922899230364e-09,184.6,ASK
1258,1712458410.97409,9531681.75807594,183.9,-0.0,184.6,ASK
1259,1712458411.6136324,9537119.49597697,183.9,7.905935506213157e-07,184.6,BID
1260,1712458424.6838014,9538750.81734728,183.9,2.371780651866926e-07,184.6,BID
1261,1712458433.4647276,9538850.81734728,183.8,-1.4539015395934184e-08,184.6,ASK
1262,1712458433.4674048,9539020.56925152,183.7,-2.468025549232732e-08,184.6,ASK
1263,1712458440.6337402,9539020.56925152,183.7,-0.0,184.6,ASK
1264,1712458470.6582253,9539020.56925152,183.7,-0.0,184.6,ASK
1265,1712458479.6838946,9540109.73488282,183.7,-1.583228937748859e-07,184.6,ASK
1266,1712458500.9694548,9540109.73488282,183.7,-0.0,184.6,ASK
1267,1712458512.0443957,9545544.51749151,183.8,-7.93646884757394e-07,184.6,ASK
1268,1712458512.543874,9547183.8617538,183.8,-2.393951258936608e-07,184.6,ASK
1269,1712458513.0941396,9550492.94761404,183.8,-4.832292059252855e-07,184.6,ASK
1270,1712458513.0968366,9552856.01149855,183.7,-3.450806454383641e-07,184.6,ASK
1271,1712458519.1927874,9557971.54409482,183.7,-7.470264776392019e-07,184.6,ASK
1272,1712458524.6938486,9559071.4244562,183.7,-1.606166585245564e-07,184.6,ASK
1273,1712458529.5337262,9560051.67352437,183.7,-1.4314677794033094e-07,184.6,ASK
1274,1712458530.9540126,9560051.67352437,183.7,-0.0,184.6,ASK
1275,1712458553.264141,9565604.31440692,183.7,-8.104241817429263e-07,184.6,ASK
1276,1712458558.6639493,9570025.31440692,183.7,-6.452578841800037e-07,184.6,ASK
1277,1712458558.6671562,9602025.31440692,183.7,-4.6704936199412165e-06,184.6,ASK
1278,1712458558.67425,9619245.31440692,183.7,-2.513309379230868e-06,184.6,ASK
1279,1712458558.703924,9622678.31440692,183.7,-5.010563936643187e-07,184.6,ASK
1280,1712458558.707034,9624647.31440692,183.7,-2.87381310552008e-07,184.6,ASK
1281,1712458558.7155137,9637687.31440692,183.7,-1.903226150126045e-06,184.6,ASK
1282,1712458558.7474194,9643130.97254518,183.7,-7.945178313714237e-07,184.6,ASK
1283,1712458558.750522,9664890.79645262,183.7,-3.17590996033552e-06,184.6,ASK
1284,1712458558.7638826,9664911.7655167,183.7,-3.060496250214332e-09,184.6,ASK
1285,1712458558.7663436,9664940.0574167,183.7,-4.129285576380114e-09,184.6,ASK
1286,1712458560.6537683,9664940.0574167,183.7,-0.0,184.6,ASK
1287,1712458590.6872282,9664940.0574167,183.7,-0.0,184.6,ASK
1288,1712458617.0239122,9721055.08187168,183.6,-8.167184068931758e-06,184.6,ASK
1289,1712458620.967235,9721055.08187168,183.6,-0.0,184.6,ASK
1290,1712458650.9701624,9721055.08187168,183.6,-0.0,184.6,ASK
1291,1712458654.6441338,9721082.35013776,183.8,3.9627801202796974e-09,184.6,BID
1292,1712458654.647821,9726614.26856392,183.8,8.039299712685365e-07,184.6,BID
1293,1712458654.7042286,9728616.85463972,183.8,-2.910272426952447e-07,184.6,ASK
1294,1712458660.774509,9730986.51623747,183.8,-3.443727534350419e-07,184.6,ASK
1295,1712458680.6769483,9730986.51623747,183.8,-0.0,184.6,ASK
1296,1712458683.1741471,9731868.74039882,183.8,1.2817585022878898e-07,184.6,BID
1297,1712458683.8637838,9732227.28039882,183.8,-5.2091261330379934e-08,184.6,ASK
1298,1712458694.815801,9732227.28337566,183.8,-4.324967067375797e-13,184.6,ASK
1299,1712458694.823655,9732818.68039882,183.8,-8.592239884953894e-08,184.6,ASK
1300,1712458710.6539123,9732818.68039882,183.8,-0.0,184.6,ASK
1301,1712458720.1640651,9745734.40753268,183.9,1.8763976180219743e-06,184.6,BID
1302,1712458720.16752,9767497.19316924,183.9,3.16169881159108e-06,184.6,BID
1303,1712458720.1709323,9769491.84463236,183.9,2.8978308502421324e-07,184.6,BID
1304,1712458723.9137557,9782743.03463236,183.9,1.925133683474354e-06,184.6,BID
1305,1712458740.9838483,9782743.03463236,183.9,0.0,184.6,BID
1306,1712458753.9961722,9783003.03463236,184.0,3.7722500332391093e-08,184.6,BID
1307,1712458753.9994686,9784067.59517817,184.0,1.5445340593519936e-07,184.6,BID
1308,1712458770.9746196,9784067.59517817,184.0,0.0,184.6,BID
1309,1712458800.8540285,9784067.59517817,184.0,0.0,184.6,BID
1310,1712458830.6639795,9784067.59517817,184.0,0.0,184.6,BID
1311,1712458852.9541297,9786736.5303538,183.9,-3.892842057926545e-07,184.6,ASK
1312,1712458860.9660404,9786736.5303538,183.9,-0.0,184.6,ASK
1313,1712458885.283929,9788191.23450118,183.9,-2.121643178774849e-07,184.6,ASK
1314,1712458890.9540515,9788191.23450118,183.9,-0.0,184.6,ASK
1315,1712458910.1860983,9795945.29120285,184.1,1.1308622224882876e-06,184.6,BID
1316,1712458910.1895971,9799007.64406119,184.1,4.466177244586818e-07,184.6,BID
1317,1712458910.1927774,9799768.51362641,184.0,1.1096625684508425e-07,184.6,BID
1318,1712458920.6240897,9799768.51362641,184.0,0.0,184.6,BID
1319,1712458947.7540834,9801354.18430837,183.9,-2.3118451899156465e-07,184.6,ASK
1320,1712458950.6503427,9801354.18430837,183.9,-0.0,184.6,ASK
1321,1712458973.1939263,9802389.58382862,183.9,-1.5095074059434258e-07,184.6,ASK
1322,1712458981.034572,9802389.58382862,183.9,-0.0,184.6,ASK
1323,1712458995.394046,9802544.88488281,183.9,-2.2640688870179883e-08,184.6,ASK
1324,1712459010.985215,9802544.88488281,183.9,-0.0,184.6,ASK
1325,1712459040.6938982,9802544.88488281,183.9,-0.0,184.6,ASK
1326,1712459058.064096,9804163.68846722,183.9,-2.359975976233368e-07,184.6,ASK
1327,1712459070.6538956,9804163.68846722,183.9,-0.0,184.6,ASK
1328,1712459084.2341063,9809845.86476181,184.0,8.283412340826701e-07,184.6,BID
1329,1712459084.313845,9811190.68978271,184.0,1.960470706440277e-07,184.6,BID
1330,1712459085.4539669,9812847.40313412,184.0,2.415137987419327e-07,184.6,BID
1331,1712459085.924008,9817151.51999769,184.0,6.274492887168388e-07,184.6,BID
1332,1712459100.9555714,9817151.51999769,184.0,0.0,184.6,BID
1333,1712459120.4940424,9823096.01522772,183.9,-8.722990009093087e-07,184.6,ASK
1334,1712459122.123981,9827134.43208091,184.0,5.925998507823767e-07,184.6,BID
1335,1712459130.9742582,9827134.43208091,184.0,0.0,184.6,BID
1336,1712459133.3239405,9828134.43208091,184.0,-1.4670110512108674e-07,184.6,ASK
1337,1712459160.634137,9828134.43208091,184.0,-0.0,184.6,ASK
1338,1712459172.72354,9829834.43208091,184.0,2.493851470517396e-07,184.6,BID
1339,1712459172.7269745,9959246.20189632,184.2,1.8984337203318697e-05,184.6,BID
1340,1712459172.729992,9970103.96519708,184.2,1.5928028808314165e-06,184.6,BID
1341,1712459181.9948022,9978545.73236995,184.2,1.2383831457544453e-06,184.6,BID
1342,1712459190.6044476,9978545.73236995,184.2,0.0,184.6,BID
1343,1712459220.6942096,9978545.73236995,184.2,0.0,184.6,BID
1344,1712459225.9540298,9982685.44318772,184.2,6.048255631219661e-07,184.6,BID
1345,1712459227.2539318,9991123.00451616,183.9,-1.2327558630292112e-06,184.6,ASK
1346,1712459250.616607,9991123.00451616,183.9,-0.0,184.6,ASK
1347,1712459260.144028,9991185.1163174,183.9,-9.071674156800553e-09,184.6,ASK
1348,1712459280.9642012,9991185.1163174,183.9,-0.0,184.6,ASK
1349,1712459281.5638883,9993585.50037885,183.9,-3.505849982471404e-07,184.6,ASK
1350,1712459288.5049083,9994671.86648422,184.1,1.5866780040033648e-07,184.6,BID
1351,1712459294.1248882,9994832.86648422,184.0,-2.3514647353428146e-08,184.6,ASK
1352,1712459296.834017,9994889.37600026,184.0,-8.253424483169412e-09,184.6,ASK
1353,1712459298.8365989,9997605.2912637,184.1,3.966695010036976e-07,184.6,BID
1354,1712459303.5640628,10001042.9912637,183.9,-5.020888397944486e-07,184.6,ASK
1355,1712459310.9562435,10001042.9912637,183.9,-0.0,184.6,ASK
1356,1712459312.0441134,10001640.21982333,184.0,8.720434748469473e-08,184.6,BID
1357,1712459328.080201,10003139.67425033,183.9,-2.189428867410398e-07,184.6,ASK
1358,1712459335.1844828,10005566.95540996,183.9,-3.544195371677628e-07,184.6,ASK
1359,1712459338.7901273,10005793.75585924,184.0,3.3116274950007846e-08,184.6,BID
1360,1712459338.7922645,10005911.1288703,184.0,1.7138224012570938e-08,184.6,BID
1361,1712459338.8244407,10007940.7288703,184.0,-2.963521097596524e-07,184.6,ASK
1362,1712459338.903864,10010415.7288703,184.0,-3.613872051904814e-07,184.6,ASK
1363,1712459339.0039694,10021279.38992407,184.0,-1.586257820750854e-06,184.6,ASK
1364,1712459339.0439117,10022566.38992407,184.0,-1.879213466990504e-07,184.6,ASK
1365,1712459339.0690928,10037991.78992407,184.0,-2.2523402807860144e-06,184.6,ASK
1366,1712459339.0848598,10045736.58860346,184.0,-1.1308570301039771e-06,184.6,ASK
1367,1712459340.6142454,10045736.58860346,184.0,-0.0,184.6,ASK
1368,1712459370.6940413,10045736.58860346,184.0,-0.0,184.6,ASK
1369,1712459380.284202,10046062.49843507,184.1,4.753066383728959e-08,184.6,BID
1370,1712459400.6876867,10046062.49843507,184.1,0.0,184.6,BID
1371,1712459430.6444116,10046062.49843507,184.1,0.0,184.6,BID
1372,1712459439.2746096,10204104.17281061,184.2,2.314722108409532e-05,184.6,BID
1373,1712459439.278852,10214625.74750141,184.2,1.5410189526470054e-06,184.6,BID
1374,1712459439.2822978,10238625.74750141,184.1,3.515106431346873e-06,184.6,BID
1375,1712459443.344154,10238654.07150141,184.2,4.148411439928071e-09,184.6,BID
1376,1712459443.3467116,10324578.14914349,184.3,1.2584678246967563e-05,184.6,BID
1377,1712459445.7340455,10326207.69830156,184.1,2.386682802386904e-07,184.6,BID
1378,1712459448.7238803,10326787.31516988,184.2,-8.48922908979901e-08,184.6,ASK
1379,1712459449.414005,10327271.47329497,184.2,-7.091113913712e-08,184.6,ASK
1380,1712459460.4937654,10327344.53880478,184.2,-1.0701376810268245e-08,184.6,ASK
1381,1712459460.964053,10327344.53880478,184.2,-0.0,184.6,ASK
1382,1712459469.044324,10327615.6884794,184.4,3.94142003966282e-08,184.6,BID
1383,1712459474.5742972,10330328.65646637,184.3,-3.943558628957171e-07,184.6,ASK
1384,1712459474.5782113,10330376.59405642,184.3,-6.968187527435156e-09,184.6,ASK
1385,1712459490.96414,10330376.59405642,184.3,-0.0,184.6,ASK
1386,1712459502.5538745,10333160.93399057,184.4,4.046975841290057e-07,184.6,BID
1387,1712459520.6139505,10333160.93399057,184.4,0.0,184.6,BID
1388,1712459522.3741496,10333217.90631829,184.4,8.280182535100168e-09,184.6,BID
1389,1712459522.378494,10333324.27098087,184.4,1.5458712267664205e-08,184.6,BID
1390,1712459522.456334,10333703.23333981,184.4,-5.5077221372446487e-08,184.6,ASK
1391,1712459543.7144084,10334425.77492796,184.4,1.050119677125879e-07,184.6,BID
1392,1712459543.7186627,10336425.77492796,184.4,2.906738364540824e-07,184.6,BID
1393,1712459543.9539535,10337949.08763608,184.4,-2.213935744940937e-07,184.6,ASK
1394,1712459550.623891,10337949.08763608,184.4,-0.0,184.6,ASK
1395,1712459573.3940015,10338221.12245653,184.4,3.953162963229909e-08,184.6,BID
1396,1712459573.6939287,10338816.76659486,184.4,-8.65579760346238e-08,184.6,ASK
1397,1712459580.9821365,10338816.76659486,184.4,-0.0,184.6,ASK
1398,1712459606.4770136,10338849.29509458,184.3,-4.726875417906935e-09,184.6,ASK
1399,1712459606.4790049,10344735.20080151,184.3,-8.553097511032176e-07,184.6,ASK
1400,1712459606.4838705,10351576.00254991,184.3,-9.940703660748635e-07,184.6,ASK
1401,1712459610.9939466,10351576.00254991,184.3,-0.0,184.6,ASK
1402,1712459614.1680496,10351892.74828663,184.3,-4.60121495677702e-08,184.6,ASK
1403,1712459620.9341173,10357052.74828663,184.2,-7.495687052638668e-07,184.6,ASK
1404,1712459620.9385245,10358138.52461669,184.2,-1.5772557324228086e-07,184.6,ASK
1405,1712459625.504227,10359037.05407124,184.5,1.3052510850548894e-07,184.6,BID
1406,1712459625.508306,10359437.05407124,184.5,5.810610118324549e-08,184.6,BID
1407,1712459625.5150738,10361486.12722323,184.5,2.976591297536188e-07,184.6,BID
1408,1712459625.5172827,10383898.94521939,184.5,3.255803675716229e-06,184.6,BID
1409,1712459640.6670432,10383898.94521939,184.5,0.0,184.6,BID
1410,1712459670.6518734,10383898.94521939,184.5,0.0,184.6,BID
1411,1712459685.4939225,10385256.90285111,184.1,-1.970933720779148e-07,184.6,ASK
1412,1712459700.693974,10385256.90285111,184.1,-0.0,184.6,ASK
1413,1712459730.674018,10385256.90285111,184.1,-0.0,184.6,ASK
1414,1712459760.9050825,10385303.71983349,184.2,-6.810921109385667e-09,184.6,ASK
1415,1712459760.9083722,10386158.24820098,184.2,-1.243165407279967e-07,184.6,ASK
1416,1712459760.9742303,10386158.24820098,184.2,-0.0,184.6,ASK
1417,1712459790.954506,10386158.24820098,184.2,-0.0,184.6,ASK
1418,1712459792.004227,10386185.40346699,184.4,3.950444858576841e-09,184.6,BID
1419,1712459795.2743654,10391617.23399387,184.4,7.902020539504993e-07,184.6,BID
1420,1712459800.1742492,10392305.46765696,184.4,1.001216167333561e-07,184.6,BID
1421,1712459813.404193,10397728.46114936,184.5,7.88916475771489e-07,184.6,BID
1422,1712459819.244103,10402155.88983501,184.5,6.440854926912318e-07,184.6,BID
1423,1712459819.5038052,10403151.45464176,184.5,-1.448309830805281e-07,184.6,ASK
1424,1712459820.656672,10403151.45464176,184.5,-0.0,184.6,ASK
1425,1712459825.3346462,10404402.04144089,184.5,-1.818476878212393e-07,184.6,ASK
1426,1712459825.3366497,10406183.85988845,184.5,-2.590940229270623e-07,184.6,ASK
1427,1712459825.3939493,10413991.56304284,184.5,-1.135317250116861e-06,184.6,ASK
1428,1712459825.753745,10415171.56304284,184.4,-1.7158366918503138e-07,184.6,ASK
1429,1712459827.0439212,10415850.5418587,184.4,-9.873023434239537e-08,184.6,ASK
1430,1712459827.6038888,10415897.35884108,184.4,-6.807652217890515e-09,184.6,ASK
1431,1712459841.4341626,10416490.72960405,184.6,8.628197686234354e-08,184.6,BID
1432,1712459841.4390233,10416954.40585999,184.6,6.742311297295083e-08,184.6,BID
1433,1712459841.5174725,10417716.89585988,184.6,-1.1087358635430217e-07,184.6,ASK
1434,1712459841.5390985,10421320.35233348,184.6,-5.239782063464938e-07,184.6,ASK
1435,1712459841.5430658,10423223.55233348,184.4,-2.767441010108677e-07,184.6,ASK
1436,1712459841.8939912,10425978.78830241,184.4,-4.006385567963521e-07,184.6,ASK
1437,1712459841.8981152,10426904.55233348,184.4,-1.346152451274619e-07,184.6,ASK
1438,1712459841.9939344,10427441.89784664,184.4,-7.81353514983093e-08,184.6,ASK
1439,1712459843.7839663,10427604.58765141,184.4,-2.3656706475798322e-08,184.6,ASK
1440,1712459850.603734,10427604.58765141,184.4,-0.0,184.6,ASK
1441,1712459870.7240558,10432487.40015141,184.4,-7.095437696605646e-07,184.6,ASK
1442,1712459878.173971,10432541.63008633,184.7,7.880399350300633e-09,184.7,BID
1443,1712459880.995872,10432541.63008633,184.7,0.0,184.7,BID
1444,1712459910.964016,10432541.63008633,184.7,0.0,184.7,BID
1445,1712459924.1940396,10433570.253427,184.7,1.494541801992347e-07,184.7,BID
1446,1712459924.1985505,10434233.48038411,184.7,9.636378763889109e-08,184.7,BID
1447,1712459940.6480372,10434233.48038411,184.7,0.0,184.7,BID
1448,1712459950.2539563,10434287.65156504,184.6,7.870462927163889e-09,184.7,BID
1449,1712459967.6838057,10434343.20712059,184.4,-8.071596979256841e-09,184.7,ASK
1450,1712459970.6240537,10434343.20712059,184.4,-0.0,184.7,ASK
1451,1712459977.457188,10434397.37830152,184.6,7.87043977791855e-09,184.7,BID
1452,1712460000.6639242,10434397.37830152,184.6,0.0,184.7,BID
1453,1712460007.9167514,10442477.01849068,184.4,-1.186775808546713e-06,184.7,ASK
1454,1712460007.9214687,10461600.54564716,184.4,-2.808954219749313e-06,184.7,ASK
1455,1712460013.3747263,10462596.92701227,184.4,1.463532128308287e-07,184.7,BID
1456,1712460014.9038887,10466846.92701227,184.4,6.242601239954623e-07,184.7,BID
1457,1712460017.201234,10467346.92701227,184.4,7.344236752887792e-08,184.7,BID
1458,1712460020.306779,10472769.92050467,184.4,7.965549623511482e-07,184.7,BID
1459,1712460025.2237568,10473908.5737555,184.4,1.6725078107085337e-07,184.7,BID
1460,1712460030.6639898,10473908.5737555,184.4,0.0,184.7,BID
1461,1712460037.7140434,10473962.74493643,184.6,7.948413307685023e-09,184.7,BID
1462,1712460039.9641907,10473989.83594401,184.6,3.975001494590874e-09,184.7,BID
1463,1712460060.9788442,10473989.83594401,184.6,0.0,184.7,BID
1464,1712460064.8442383,10475300.23139364,184.6,1.9227089987904245e-07,184.7,BID
1465,1712460064.8489013,10479398.60962971,184.7,6.013443283212734e-07,184.7,BID
1466,1712460074.109553,10486026.52607662,184.7,9.724968595775034e-07,184.7,BID
1467,1712460074.1187491,10486054.58102167,184.8,4.116428771408561e-09,184.8,BID
1468,1712460074.1214397,10513167.07122875,184.7,3.978144835244374e-06,184.8,BID
1469,1712460074.1239054,10875598.05856734,184.8,5.317855163436945e-05,184.8,BID
1470,1712460074.1263714,10885646.40259724,184.7,1.4743672602550489e-06,184.8,BID
1471,1712460074.1288314,10893327.30199915,184.8,1.1269982968131547e-06,184.8,BID
1472,1712460074.1347504,10893981.46977515,184.8,-9.598432824134956e-08,184.8,ASK
1473,1712460083.6339335,10901156.78363337,184.8,-1.0528150512298928e-06,184.8,ASK
1474,1712460087.7547953,10903734.78308465,184.9,3.782631224221855e-07,184.9,BID
1475,1712460087.7601304,10910384.57302438,184.9,9.75706300016923e-07,184.9,BID
1476,1712460087.7645323,10922401.96958555,184.9,1.7632811924600806e-06,184.9,BID
1477,1712460091.0039532,10922401.96958555,184.9,0.0,184.9,BID
1478,1712460095.208362,10960384.57302438,184.9,5.506142454543606e-06,184.9,BID
1479,1712460095.2128935,10961822.05435639,185.0,2.083842673541163e-07,185.0,BID
1480,1712460095.21673,10974998.91435639,184.9,1.910181548782457e-06,185.0,BID
1481,1712460095.2206438,10976620.53597802,185.0,2.3507813703287205e-07,185.0,BID
1482,1712460108.414089,10983298.42734744,185.0,9.6805952849482e-07,185.0,BID
1483,1712460108.4187937,11091396.24302856,185.0,1.567038376197155e-05,185.0,BID
1484,1712460108.423482,11094216.00851202,185.0,4.087668836428515e-07,185.0,BID
1485,1712460120.6339192,11094216.00851202,185.0,0.0,185.0,BID
1486,1712460133.7977684,11096216.00851202,185.0,2.8860010642946745e-07,185.0,BID
1487,1712460135.644044,11096270.06256607,185.0,7.800002875854627e-09,185.0,BID
1488,1712460150.6639798,11096270.06256607,185.0,0.0,185.0,BID
1489,1712460153.817796,11097918.37802718,184.9,-2.378389670861575e-07,185.0,ASK
1490,1712460153.8541713,11099445.8451787,184.6,-2.2040150574731369e-07,185.0,ASK
1491,1712460153.863654,11100305.77802718,184.9,-1.240815519066461e-07,185.0,ASK
1492,1712460158.9838915,11100359.83208123,185.0,7.799575193790731e-09,185.0,BID
1493,1712460175.1140835,11100494.34072987,184.9,1.9408540908203616e-08,185.0,BID
1494,1712460177.474403,11101010.11951056,184.9,7.442282459785106e-08,185.0,BID
1495,1712460179.6528077,11103744.11951056,184.9,-3.944947137579706e-07,185.0,ASK
1496,1712460179.8534954,11103744.60851106,184.9,-7.05589293026142e-11,185.0,ASK
1497,1712460180.9538157,11103744.60851106,184.9,-0.0,185.0,ASK
1498,1712460184.283935,11103798.66256511,185.0,7.798020637464424e-09,185.0,BID
1499,1712460203.3039317,11103837.56976511,184.9,5.612884248446057e-09,185.0,BID
1500,1712460203.3090923,11110047.74054916,184.9,8.959002388907178e-07,185.0,BID
1501,1712460203.4936814,11110667.74054916,184.9,-8.94432967187975e-08,185.0,ASK
1502,1712460203.573948,11110668.64904428,184.9,-1.3106257846568256e-10,185.0,ASK
1503,1712460203.6440666,11111288.64904428,184.8,-8.94432967187975e-08,185.0,ASK
1504,1712460209.0839405,11111342.73233254,184.9,7.802238063467627e-09,185.0,BID
1505,1712460210.9738898,11111342.73233254,184.9,0.0,185.0,BID
1506,1712460213.2642016,11111369.80101831,184.9,3.904228893922862e-09,185.0,BID
1507,1712460219.1841075,11113369.80101831,184.9,-2.884683007584261e-07,185.0,ASK
1508,1712460222.614369,11114179.6555505,184.9,1.1680868038113169e-07,185.0,BID
1509,1712460232.0276942,11130540.59014509,184.8,-2.359805500660594e-06,185.0,ASK
1510,1712460232.0337784,11132643.88265467,184.8,-3.0336660811823857e-07,185.0,ASK
1511,1712460240.64384,11132643.88265467,184.8,-0.0,185.0,ASK
1512,1712460250.233773,11133049.72681051,184.8,5.850336810034945e-08,185.0,BID
1513,1712460253.7042348,11134049.72681051,184.8,1.441522990011943e-07,185.0,BID
1514,1712460266.8142755,11135132.02269559,184.7,-1.5601544003388237e-07,185.0,ASK
1515,1712460266.819304,11135632.02269559,184.7,-7.207614950059716e-08,185.0,ASK
1516,1712460266.823974,11136876.18243515,184.6,-1.7934848678223145e-07,185.0,ASK
1517,1712460270.677264,11136876.18243515,184.6,-0.0,185.0,ASK
1518,1712460275.8038702,11137650.53929244,184.6,-1.1161274391886865e-07,185.0,ASK
1519,1712460275.8138738,11139584.74148174,184.6,-2.787882765022041e-07,185.0,ASK
1520,1712460301.024346,11139584.74148174,184.6,-0.0,185.0,ASK
