,time,acc_trade_volume,trade_price,dev,high,ask_bid
0,1712451675.0902214,1305485.39367027,163.3,0.0,165.3,ASK
1,1712451690.3941393,1305485.39367027,163.3,-0.0,165.3,ASK
2,1712451720.2690785,1305485.39367027,163.3,-0.0,165.3,ASK
3,1712451732.934488,1311609.09238429,163.3,-4.537587666916105e-06,165.3,ASK
4,1712451732.935955,1312716.9039051,163.3,-8.208751163061662e-07,165.3,ASK
5,1712451732.9460018,1313084.55096391,163.2,-2.724220830811574e-07,165.3,ASK
6,1712451732.9474928,1313523.97227438,163.3,-3.25605947007759e-07,165.3,ASK
7,1712451732.94902,1315590.15164967,163.2,-1.5310142593212967e-06,165.3,ASK
8,1712451736.5198462,1318767.87038833,163.2,-2.3546516624764068e-06,165.3,ASK
9,1712451736.5263631,1356022.93335554,163.2,-2.7605557057071807e-05,165.3,ASK
10,1712451738.9436598,1359028.03895444,163.2,-2.226747385878124e-06,165.3,ASK
11,1712451750.2644744,1359028.03895444,163.2,-0.0,165.3,ASK
12,1712451756.894192,1359058.61999419,163.5,2.2514394877102675e-08,165.3,BID
13,1712451780.404614,1359058.61999419,163.5,0.0,165.3,BID
14,1712451810.4042137,1359058.61999419,163.5,0.0,165.3,BID
15,1712451840.2745006,1359058.61999419,163.5,0.0,165.3,BID
16,1712451853.9043596,1361951.69660047,163.2,-2.129935080198203e-06,165.3,ASK
17,1712451870.2644012,1361951.69660047,163.2,-0.0,165.3,ASK
18,1712451900.4072745,1361951.69660047,163.2,-0.0,165.3,ASK
19,1712451912.174266,1362135.182839,163.5,1.3583598221746254e-07,165.3,BID
20,1712451930.3942246,1362135.182839,163.5,0.0,165.3,BID
21,1712451960.2561364,1362135.182839,163.5,0.0,165.3,BID
22,1712451990.2566297,1362135.182839,163.5,0.0,165.3,BID
23,1712452006.104493,1362176.307639,163.3,-3.04442642863623e-08,165.3,ASK
24,1712452006.1059487,1362198.27432164,163.3,-1.6261708063799832e-08,165.3,ASK
25,1712452020.4044802,1362198.27432164,163.3,-0.0,165.3,ASK
26,1712452049.846001,1372695.39229757,163.3,-7.77084864803729e-06,165.3,ASK
27,1712452050.4085555,1372695.39229757,163.3,-0.0,165.3,ASK
28,1712452062.3743646,1384618.66443906,163.3,-8.815421191144927e-06,165.3,ASK
29,1712452080.2457588,1384618.66443906,163.3,-0.0,165.3,ASK
30,1712452095.3945608,1392794.80120911,163.3,-6.036302779108664e-06,165.3,ASK
31,1712452095.3961897,1393413.66443906,163.3,-4.568962017023887e-07,165.3,ASK
32,1712452110.2744176,1393413.66443906,163.3,-0.0,165.3,ASK
33,1712452140.394277,1393413.66443906,163.3,-0.0,165.3,ASK
34,1712452170.418463,1393413.66443906,163.3,-0.0,165.3,ASK
35,1712452187.114324,1396475.51379607,163.3,-2.2581169570181875e-06,165.3,ASK
36,1712452187.1242669,1398147.66443906,163.3,-1.2332127682834012e-06,165.3,ASK
37,1712452200.3325622,1398147.66443906,163.3,-0.0,165.3,ASK
38,1712452230.2790434,1398147.66443906,163.3,-0.0,165.3,ASK
39,1712452260.3941631,1398147.66443906,163.3,-0.0,165.3,ASK
40,1712452290.4042425,1398147.66443906,163.3,-0.0,165.3,ASK
41,1712452320.2541313,1398147.66443906,163.3,-0.0,165.3,ASK
42,1712452350.2742612,1398147.66443906,163.3,-0.0,165.3,ASK
43,1712452355.4042654,1398722.35501801,163.4,-4.302408641973818e-07,165.3,ASK
44,1712452355.5043156,1398735.65662447,163.5,9.958219028098684e-09,165.3,BID
45,1712452380.404427,1398735.65662447,163.5,0.0,165.3,BID
46,1712452410.3941967,1398735.65662447,163.5,0.0,165.3,BID
47,1712452440.3454814,1398735.65662447,163.5,0.0,165.3,BID
48,1712452461.4992151,1405413.39203546,163.5,-4.998912663920947e-06,165.3,ASK
49,1712452470.2744231,1405413.39203546,163.5,-0.0,165.3,ASK
50,1712452500.299104,1405413.39203546,163.5,-0.0,165.3,ASK
51,1712452530.2541556,1405413.39203546,163.5,-0.0,165.3,ASK
52,1712452560.3839304,1405413.39203546,163.5,-0.0,165.3,ASK
53,1712452590.403835,1405413.39203546,163.5,-0.0,165.3,ASK
54,1712452620.2640524,1405413.39203546,163.5,-0.0,165.3,ASK
55,1712452622.664036,1405613.39203546,163.6,1.5088065984078152e-07,165.3,BID
56,1712452642.2241075,1406133.35137413,163.6,3.92259040544453e-07,165.3,BID
57,1712452642.2257383,1406219.45264152,163.7,6.495508018461848e-08,165.3,BID
58,1712452642.2846074,1406933.30619487,163.7,5.385334757957357e-07,165.3,BID
59,1712452650.2640944,1406933.30619487,163.7,0.0,165.3,BID
60,1712452665.263916,1413038.31229987,163.8,4.604772667521585e-06,165.3,BID
61,1712452665.373984,1414884.71485818,163.8,1.3926708487292712e-06,165.3,BID
62,1712452665.377732,1416920.2099875,163.8,1.5352961446983686e-06,165.3,BID
63,1712452679.4063258,1493685.17304931,163.8,5.7900876371086185e-05,165.3,BID
64,1712452680.404215,1493685.17304931,163.8,0.0,165.3,BID
65,1712452710.4038637,1493685.17304931,163.8,0.0,165.3,BID
66,1712452740.2573602,1493685.17304931,163.8,0.0,165.3,BID
67,1712452767.3538458,1493746.22311036,163.8,4.5559419617347896e-08,165.3,BID
68,1712452770.2741926,1493746.22311036,163.8,0.0,165.3,BID
69,1712452789.523996,1494319.59482535,163.8,4.278830711972616e-07,165.3,BID
70,1712452796.3645563,1494350.11985587,163.8,2.2779539809594268e-08,165.3,BID
71,1712452800.2938104,1494350.11985587,163.8,0.0,165.3,BID
72,1712452830.2568378,1494350.11985587,163.8,0.0,165.3,BID
73,1712452853.7839885,1495000.48453921,163.8,4.856955011495149e-07,165.3,BID
74,1712452860.4139757,1495000.48453921,163.8,0.0,165.3,BID
75,1712452870.8239686,1501105.49064421,163.8,4.558885490380478e-06,165.3,BID
76,1712452890.3937893,1501105.49064421,163.8,0.0,165.3,BID
77,1712452920.2707927,1501105.49064421,163.8,0.0,165.3,BID
78,1712452950.257201,1501105.49064421,163.8,0.0,165.3,BID
79,1712452962.0238452,1502325.88166969,163.8,9.106414200210196e-07,165.3,BID
80,1712452980.3838024,1502325.88166969,163.8,0.0,165.3,BID
81,1712453010.438821,1502325.88166969,163.8,0.0,165.3,BID
82,1712453017.2543194,1502375.88166969,163.8,3.7303847177032144e-08,165.3,BID
83,1712453040.2480574,1502375.88166969,163.8,0.0,165.3,BID
84,1712453070.255741,1502375.88166969,163.8,0.0,165.3,BID
85,1712453100.413741,1502375.88166969,163.8,0.0,165.3,BID
86,1712453104.4979477,1505855.86939255,163.8,2.6021802153718777e-06,165.3,BID
87,1712453130.403883,1505855.86939255,163.8,0.0,165.3,BID
88,1712453160.3070445,1505855.86939255,163.8,0.0,165.3,BID
89,1712453167.8672576,1510886.2579745,163.6,-3.759898490565775e-06,165.3,ASK
90,1712453167.8690307,1510950.43890359,163.6,-4.797120033114169e-08,165.3,ASK
91,1712453190.2741916,1510950.43890359,163.6,-0.0,165.3,ASK
92,1712453220.403764,1510950.43890359,163.6,-0.0,165.3,ASK
93,1712453250.413838,1510950.43890359,163.6,-0.0,165.3,ASK
94,1712453272.435387,1510983.74171189,163.8,2.4876253633385643e-08,165.3,BID
95,1712453280.4039817,1510983.74171189,163.8,0.0,165.3,BID
96,1712453281.9939258,1511017.04452019,163.8,2.4876152269599188e-08,165.3,BID
97,1712453309.6771877,1514037.52451218,163.8,2.2562037270670344e-06,165.3,BID
98,1712453310.4037786,1514037.52451218,163.8,0.0,165.3,BID
99,1712453324.913909,1520368.57144292,163.8,4.727326973551808e-06,165.3,BID
100,1712453340.234287,1520368.57144292,163.8,0.0,165.3,BID
101,1712453345.8111567,1520399.12699847,163.8,2.279786269548499e-08,165.3,BID
102,1712453370.2636423,1520399.12699847,163.8,0.0,165.3,BID
103,1712453386.344231,1520972.61388734,163.8,4.278837773318086e-07,165.3,BID
104,1712453399.0235367,1522201.60900035,163.7,-9.169644179889164e-07,165.3,ASK
105,1712453399.0244875,1523423.3560987,163.7,-9.115566084101756e-07,165.3,ASK
106,1712453399.7326517,1525225.21792446,163.6,-1.344385476283777e-06,165.3,ASK
107,1712453399.7335994,1525836.09147363,163.7,-4.557783042012661e-07,165.3,ASK
108,1712453400.4601233,1525836.09147363,163.7,-0.0,165.3,ASK
109,1712453410.193696,1531941.09757863,163.8,4.5582705439147325e-06,165.3,BID
110,1712453429.303883,1532141.09757863,163.6,-1.4932894301879222e-07,165.3,ASK
111,1712453429.3206618,1533162.09879963,163.6,-7.623251657641195e-07,165.3,ASK
112,1712453430.2639277,1533162.09879963,163.6,-0.0,165.3,ASK
113,1712453436.7138233,1533229.02070572,163.6,-4.992216766118976e-08,165.3,ASK
114,1712453460.403689,1533229.02070572,163.6,-0.0,165.3,ASK
115,1712453472.8239152,1536266.80024394,163.7,2.2660935664993763e-06,165.3,BID
116,1712453490.3935945,1536266.80024394,163.7,0.0,165.3,BID
117,1712453493.7637832,1536468.2654454,163.8,1.502313438075603e-07,165.3,BID
118,1712453498.803937,1536967.906136,163.7,-3.725789457722411e-07,165.3,ASK
119,1712453520.268844,1536967.906136,163.7,-0.0,165.3,ASK
120,1712453538.623727,1537049.37785565,163.7,-6.074775309797991e-08,165.3,ASK
121,1712453550.2564752,1537049.37785565,163.7,-0.0,165.3,ASK
122,1712453580.3835552,1537049.37785565,163.7,-0.0,165.3,ASK
123,1712453580.418888,1542574.01932233,163.7,-4.119297098554047e-06,165.3,ASK
124,1712453580.4199774,1547250.37905375,163.7,-3.486799132507389e-06,165.3,ASK
125,1712453580.4209182,1604442.89920647,163.6,-4.2644031064276816e-05,165.3,ASK
126,1712453580.4218578,1616652.91141648,163.5,-9.104060086677383e-06,165.3,ASK
127,1712453580.4228194,1640613.36256969,163.5,-1.7865451995525985e-05,165.3,ASK
128,1712453596.1150706,1642388.30129371,163.4,-1.3234342862000704e-06,165.3,ASK
129,1712453596.1171825,1643048.3201215,163.4,-4.921249023495383e-07,165.3,ASK
130,1712453596.1193032,1651175.42667385,163.3,-6.0597536768035455e-06,165.3,ASK
131,1712453596.121488,1662646.17061142,163.4,-8.552845013612026e-06,165.3,ASK
132,1712453596.1297364,1662655.76562876,163.3,-7.154261019065027e-09,165.3,ASK
133,1712453596.1314125,1675237.79994839,163.3,-9.381448149956849e-06,165.3,ASK
134,1712453596.2338774,1676749.28894739,163.3,1.1270002380476602e-06,165.3,BID
135,1712453596.235974,1676977.56874435,163.3,1.702105577253333e-07,165.3,BID
136,1712453610.406357,1676977.56874435,163.3,0.0,165.3,BID
137,1712453640.263599,1676977.56874435,163.3,0.0,165.3,BID
138,1712453670.2871144,1676977.56874435,163.3,0.0,165.3,BID
139,1712453672.9551787,1677010.89189645,163.7,2.4429722950351973e-08,165.3,BID
140,1712453674.711525,1677044.21504855,163.7,2.4429722950351973e-08,165.3,BID
141,1712453688.5739694,1678645.22909862,163.7,1.1737283905644297e-06,165.3,BID
142,1712453688.5759428,1680098.58279442,163.7,1.0654762799974978e-06,165.3,BID
143,1712453700.4148216,1680098.58279442,163.7,0.0,165.3,BID
144,1712453730.4237309,1680098.58279442,163.7,0.0,165.3,BID
145,1712453750.6438303,1723355.02560791,163.3,-3.2331885496141004e-05,165.3,ASK
146,1712453750.6461992,1740433.84844624,163.3,-1.2765509794660098e-05,165.3,ASK
147,1712453758.2336612,1740941.8965355,163.4,-3.797388684805338e-07,165.3,ASK
148,1712453760.2580214,1740941.8965355,163.4,-0.0,165.3,ASK
149,1712453773.9538136,1744102.40802287,163.6,2.344899597086969e-06,165.3,BID
150,1712453773.9562435,1756386.21259278,163.6,9.113805946215616e-06,165.3,BID
151,1712453788.145982,1771462.91981033,163.7,1.1185963038295813e-05,165.3,BID
152,1712453790.270211,1771462.91981033,163.7,0.0,165.3,BID
153,1712453820.3935933,1771462.91981033,163.7,0.0,165.3,BID
154,1712453821.273628,1780979.73758357,163.4,-7.034807283189937e-06,165.3,ASK
155,1712453850.4040346,1780979.73758357,163.4,-0.0,165.3,ASK
156,1712453878.4162629,1783265.02279547,163.4,-1.6873373926249352e-06,165.3,ASK
157,1712453878.4186237,1802861.55119527,163.4,-1.446907150251389e-05,165.3,ASK
158,1712453879.7943408,1806029.6913792,163.4,-2.339192224054307e-06,165.3,ASK
159,1712453880.2643416,1806029.6913792,163.4,-0.0,165.3,ASK
160,1712453896.166362,1806335.68893121,163.4,2.2525214557899925e-07,165.3,BID
161,1712453896.2436044,1807349.76369521,163.4,7.464847835157134e-07,165.3,BID
162,1712453896.2637124,1808186.32834718,163.4,6.158153277175444e-07,165.3,BID
163,1712453896.3445475,1814891.83743736,163.4,4.9360862524586045e-06,165.3,BID
164,1712453896.345651,1825451.98433736,163.4,7.773577700963622e-06,165.3,BID
165,1712453910.2537932,1825451.98433736,163.4,0.0,165.3,BID
166,1712453940.403672,1825451.98433736,163.4,0.0,165.3,BID
167,1712453970.4136617,1825451.98433736,163.4,0.0,165.3,BID
168,1712454000.303524,1825451.98433736,163.4,0.0,165.3,BID
169,1712454030.2756846,1825451.98433736,163.4,0.0,165.3,BID
170,1712454037.043702,1825518.63064156,163.7,4.89815704997807e-08,165.3,BID
171,1712454037.0460503,1839526.00856065,163.7,1.029469491661957e-05,165.3,BID
172,1712454037.0485578,1885906.19557118,163.8,3.408702743705134e-05,165.3,BID
173,1712454052.223656,1892011.20167618,163.8,4.486862257740616e-06,165.3,BID
174,1712454060.4036624,1892011.20167618,163.8,0.0,165.3,BID
175,1712454070.5436244,1892111.20167618,163.8,7.291066808205978e-08,165.3,BID
176,1712454075.3637474,1892211.20167618,163.5,-7.291066808205978e-08,165.3,ASK
177,1712454090.4090388,1892211.20167618,163.5,-0.0,165.3,ASK
178,1712454120.283533,1892211.20167618,163.5,-0.0,165.3,ASK
179,1712454150.263735,1892211.20167618,163.5,-0.0,165.3,ASK
180,1712454151.414232,1898293.926737,163.8,4.434849647687302e-06,165.3,BID
181,1712454180.3935523,1898293.926737,163.8,0.0,165.3,BID
182,1712454208.987231,1898493.926737,163.8,1.4571200708000316e-07,165.3,BID
183,1712454210.3935604,1898493.926737,163.8,0.0,165.3,BID
184,1712454214.063733,1898593.926737,163.6,-7.28542646816043e-08,165.3,ASK
185,1712454233.9935396,2015779.43654619,163.8,8.537464148487462e-05,165.3,BID
186,1712454240.2433672,2015779.43654619,163.8,0.0,165.3,BID
187,1712454270.2441373,2015779.43654619,163.8,0.0,165.3,BID
188,1712454300.2836826,2015779.43654619,163.8,0.0,165.3,BID
189,1712454330.2634852,2015779.43654619,163.8,0.0,165.3,BID
190,1712454360.413782,2015779.43654619,163.8,0.0,165.3,BID
191,1712454390.3935134,2015779.43654619,163.8,0.0,165.3,BID
192,1712454420.2675383,2015779.43654619,163.8,0.0,165.3,BID
193,1712454431.43357,2018922.43159323,163.8,2.259122101250843e-06,165.3,BID
194,1712454450.2787106,2018922.43159323,163.8,0.0,165.3,BID
195,1712454458.435361,2025024.38672067,163.8,4.3843411420639e-06,165.3,BID
196,1712454467.1735585,2073225.43271781,163.8,3.463313391234962e-05,165.3,BID
197,1712454467.253812,2082588.91244979,163.8,6.7277927425574285e-06,165.3,BID
198,1712454467.2564905,2084364.88355297,163.8,1.2760603793648922e-06,165.3,BID
199,1712454480.4238014,2084364.88355297,163.8,0.0,165.3,BID
200,1712454510.4133916,2084364.88355297,163.8,0.0,165.3,BID
201,1712454540.2761912,2084364.88355297,163.8,0.0,165.3,BID
202,1712454560.8848062,2084802.26330338,163.8,3.118615556065758e-07,165.3,BID
203,1712454560.887567,2085107.51360864,163.8,2.176503026455364e-07,165.3,BID
204,1712454570.2735617,2085107.51360864,163.8,0.0,165.3,BID
205,1712454600.283417,2085107.51360864,163.8,0.0,165.3,BID
206,1712454611.0239866,2085768.06496987,163.9,4.7169889321793573e-07,165.3,BID
207,1712454630.2735002,2085768.06496987,163.9,0.0,165.3,BID
208,1712454635.1335106,2086619.26618938,164.0,6.077947268611786e-07,165.3,BID
209,1712454644.653809,2087008.06496987,164.0,2.776192552072051e-07,165.3,BID
210,1712454649.333508,2092162.04467074,164.1,3.680165879392595e-06,165.3,BID
211,1712454649.413512,2105415.13533005,164.1,9.463283689816822e-06,165.3,BID
212,1712454649.6135583,2110508.06496987,164.1,3.63657347805414e-06,165.3,BID
213,1712454649.6162355,2110569.11503092,164.1,4.359240133878761e-08,165.3,BID
214,1712454655.1334355,2112089.11503092,164.2,-1.0853461715676962e-06,165.3,ASK
215,1712454660.3835697,2112089.11503092,164.2,-0.0,165.3,ASK
216,1712454675.0737362,2113527.7274246,164.6,1.0240734537106937e-06,165.3,BID
217,1712454677.4240656,2122665.8934246,164.6,6.50498581641079e-06,165.3,BID
218,1712454677.4273975,2139901.07780894,164.6,1.2268832713627592e-05,165.3,BID
219,1712454690.4035656,2139901.07780894,164.6,0.0,165.3,BID
220,1712454690.6075504,2146243.64060613,164.6,4.500275878689342e-06,165.3,BID
221,1712454690.6168623,2147168.25866718,164.6,6.560496900379935e-07,165.3,BID
222,1712454690.775372,2148866.35426718,164.6,-1.2048597566545972e-06,165.3,ASK
223,1712454690.787857,2149160.26916718,164.6,-2.0854316735252449e-07,165.3,ASK
224,1712454714.4238498,2154578.65960743,164.6,-3.844542431709109e-06,165.3,ASK
225,1712454714.528187,2156138.65960743,164.4,-1.106875973520597e-06,165.3,ASK
226,1712454720.270347,2156138.65960743,164.4,-0.0,165.3,ASK
227,1712454750.2737353,2156138.65960743,164.4,-0.0,165.3,ASK
228,1712454780.3936253,2156138.65960743,164.4,-0.0,165.3,ASK
229,1712454784.4934754,2157969.80033244,164.4,-1.2968011049591456e-06,165.3,ASK
230,1712454795.7164972,2162244.37042152,164.4,-3.027220758641385e-06,165.3,ASK
231,1712454795.7185123,2225041.44898227,164.2,-4.447245356598074e-05,165.3,ASK
232,1712454800.193579,2225405.96903087,164.6,2.581505590193472e-07,165.3,BID
233,1712454810.4036658,2225405.96903087,164.6,0.0,165.3,BID
234,1712454840.2700589,2225405.96903087,164.6,0.0,165.3,BID
235,1712454855.1691751,2225649.13012509,164.5,1.7082884064094594e-07,165.3,BID
236,1712454870.2638772,2225649.13012509,164.5,0.0,165.3,BID
237,1712454900.2835937,2225649.13012509,164.5,0.0,165.3,BID
238,1712454911.5841238,2255634.5029267,164.2,-2.1131228672976945e-05,165.3,ASK
239,1712454913.8737805,2255734.5029267,164.5,7.047178907124509e-08,165.3,BID
240,1712454930.283871,2255734.5029267,164.5,0.0,165.3,BID
241,1712454944.3769135,2255780.14061297,164.5,3.2050116640873303e-08,165.3,BID
242,1712454944.379639,2255842.73051297,164.5,4.395519929868162e-08,165.3,BID
243,1712454944.4423258,2257558.21113338,164.5,-1.2047357890508669e-06,165.3,ASK
244,1712454960.4133985,2257558.21113338,164.5,-0.0,165.3,ASK
245,1712454990.3935351,2257558.21113338,164.5,-0.0,165.3,ASK
246,1712455020.3132534,2257558.21113338,164.5,-0.0,165.3,ASK
247,1712455037.5935316,2267558.21113338,164.5,-7.021251141776729e-06,165.3,ASK
248,1712455050.2736497,2267558.21113338,164.5,-0.0,165.3,ASK
249,1712455080.405583,2267558.21113338,164.5,-0.0,165.3,ASK
250,1712455102.8238704,2274328.70201483,164.5,-4.748247477222544e-06,165.3,ASK
251,1712455110.3960226,2274328.70201483,164.5,-0.0,165.3,ASK
252,1712455136.9537754,2286904.4740513,164.5,8.812695321198884e-06,165.3,BID
253,1712455140.286699,2286904.4740513,164.5,0.0,165.3,BID
254,1712455157.1539593,2286946.98774885,164.5,2.9749100732469183e-08,165.3,BID
255,1712455170.4728,2286946.98774885,164.5,0.0,165.3,BID
256,1712455180.5638793,2287068.56829596,164.5,8.50759743660102e-08,165.3,BID
257,1712455200.5910895,2287068.56829596,164.5,0.0,165.3,BID
258,1712455202.4984462,2287098.96343273,164.5,2.130536033199165e-08,165.3,BID
259,1712455230.3976388,2287098.96343273,164.5,0.0,165.3,BID
260,1712455256.053954,2290871.06616829,164.5,2.644032396937204e-06,165.3,BID
261,1712455260.2772124,2290871.06616829,164.5,0.0,165.3,BID
262,1712455267.8137047,2291108.06013331,164.5,1.6604725261286062e-07,165.3,BID
263,1712455274.0137,2294502.76408467,164.5,2.3784625254485324e-06,165.3,BID
264,1712455287.283745,2297835.03416401,164.5,2.334718909791113e-06,165.3,BID
265,1712455287.285914,2298442.93689958,164.5,4.259204621043649e-07,165.3,BID
266,1712455290.2737598,2298442.93689958,164.5,0.0,165.3,BID
267,1712455320.3937128,2298442.93689958,164.5,0.0,165.3,BID
268,1712455334.103887,2298742.93689958,164.5,-2.100084742729938e-07,165.3,ASK
269,1712455334.3475046,2302140.42365858,164.5,-2.3783367020676234e-06,165.3,ASK
270,1712455334.3515549,2302140.42365913,164.5,-3.8497772085853804e-16,165.3,ASK
271,1712455340.0368557,2302290.25658744,164.6,1.0488728223423045e-07,165.3,BID
272,1712455342.8440635,2313744.83409503,164.5,-8.018527819369055e-06,165.3,ASK
273,1712455343.0025434,2315760.51912454,164.2,-1.4110364588743254e-06,165.3,ASK
274,1712455343.00401,2316794.3871868,164.2,-7.237368478493971e-07,165.3,ASK
275,1712455350.888755,2316794.3871868,164.2,-0.0,165.3,ASK
276,1712455351.9553986,2316855.36279656,164.2,-4.2594662702955664e-08,165.3,ASK
277,1712455352.1137135,2325170.98426825,164.6,5.808897904381577e-06,165.3,BID
278,1712455352.116596,2328291.5402121,164.6,2.179872057001112e-06,165.3,BID
279,1712455358.2540247,2328337.71275158,164.6,3.2253941420810657e-08,165.3,BID
280,1712455380.273621,2328337.71275158,164.6,0.0,165.3,BID
281,1712455410.276002,2328337.71275158,164.6,0.0,165.3,BID
282,1712455440.3935587,2328337.71275158,164.6,0.0,165.3,BID
283,1712455470.3835847,2328337.71275158,164.6,0.0,165.3,BID
284,1712455500.28775,2328337.71275158,164.6,0.0,165.3,BID
285,1712455530.254001,2328337.71275158,164.6,0.0,165.3,BID
286,1712455560.4323668,2328337.71275158,164.6,0.0,165.3,BID
287,1712455575.3135974,2332665.05783055,164.6,3.045092153252113e-06,165.3,BID
288,1712455590.383572,2332665.05783055,164.6,0.0,165.3,BID
289,1712455620.29706,2332665.05783055,164.6,0.0,165.3,BID
290,1712455650.296497,2332665.05783055,164.6,0.0,165.3,BID
291,1712455680.4036615,2332665.05783055,164.6,0.0,165.3,BID
292,1712455690.2602742,2352138.34279201,164.2,-1.3696213173778731e-05,165.3,ASK
293,1712455710.4538567,2352138.34279201,164.2,-0.0,165.3,ASK
294,1712455740.3239045,2352138.34279201,164.2,-0.0,165.3,ASK
295,1712455770.3008747,2352138.34279201,164.2,-0.0,165.3,ASK
296,1712455800.3343077,2352138.34279201,164.2,-0.0,165.3,ASK
297,1712455830.305296,2352138.34279201,164.2,-0.0,165.3,ASK
298,1712455860.419086,2352138.34279201,164.2,-0.0,165.3,ASK
299,1712455879.5249622,2352342.97478828,164.6,1.45941463945088e-07,165.3,BID
300,1712455879.5296094,2353231.81347799,164.7,6.339107370872081e-07,165.3,BID
301,1712455879.5312057,2355459.4051047,164.8,1.588695751393988e-06,165.3,BID
302,1712455879.5327666,2355520.45516575,164.9,4.354028424659256e-08,165.3,BID
303,1712455879.534336,2359397.15376233,164.6,2.7648221137006367e-06,165.3,BID
304,1712455879.5359137,2360877.15376233,164.7,1.0555209868228787e-06,165.3,BID
305,1712455879.5375009,2362397.15376233,164.9,1.084048581061335e-06,165.3,BID
306,1712455879.5390944,2365886.18249926,164.7,2.488339902336551e-06,165.3,BID
307,1712455879.540662,2373020.12743261,164.8,5.087857159452288e-06,165.3,BID
308,1712455879.5422535,2413126.35447375,164.9,2.860335428662617e-05,165.3,BID
309,1712455890.4288018,2413126.35447375,164.9,0.0,165.3,BID
310,1712455905.1137283,2415310.15766727,164.9,1.5463785665123036e-06,165.3,BID
311,1712455905.2337544,2431170.69797727,164.9,-1.1231048503577471e-05,165.3,ASK
312,1712455905.2370667,2431170.69797816,164.9,-6.301343379094377e-16,165.3,ASK
313,1712455920.313132,2431170.69797816,164.9,-0.0,165.3,ASK
314,1712455950.338429,2431170.69797816,164.9,-0.0,165.3,ASK
315,1712455980.4137597,2431170.69797816,164.9,-0.0,165.3,ASK
316,1712456010.3936286,2431170.69797816,164.9,-0.0,165.3,ASK
317,1712456040.3149235,2431170.69797816,164.9,-0.0,165.3,ASK
318,1712456070.2925155,2431170.69797816,164.9,-0.0,165.3,ASK
319,1712456089.544417,2431231.34079198,164.8,4.2851652488246255e-08,165.3,BID
320,1712456100.346505,2431231.34079198,164.8,0.0,165.3,BID
321,1712456130.4038866,2431231.34079198,164.8,0.0,165.3,BID
322,1712456160.3095534,2431231.34079198,164.8,0.0,165.3,BID
323,1712456162.8237157,2431283.95719714,164.8,3.7285699509570495e-08,165.3,BID
324,1712456179.9337957,2431888.91787469,164.8,4.2869485229140017e-07,165.3,BID
325,1712456190.347093,2431888.91787469,164.8,0.0,165.3,BID
326,1712456220.383921,2431888.91787469,164.8,0.0,165.3,BID
327,1712456250.4005823,2431888.91787469,164.8,0.0,165.3,BID
328,1712456272.7140388,2431928.38017856,164.8,2.7962127319733924e-08,165.3,BID
329,1712456280.3279085,2431928.38017856,164.8,0.0,165.3,BID
330,1712456310.3166978,2431928.38017856,164.8,0.0,165.3,BID
331,1712456314.4543858,2432824.43914642,164.3,-6.349249037188084e-07,165.3,ASK
332,1712456340.374387,2432824.43914642,164.3,-0.0,165.3,ASK
333,1712456359.4648345,2468716.78259208,164.3,-2.54297612893257e-05,165.3,ASK
334,1712456359.4755423,2493812.45082816,164.3,-1.7780306086890384e-05,165.3,ASK
335,1712456370.403814,2493812.45082816,164.3,-0.0,165.3,ASK
336,1712456396.7437952,2498371.12387364,164.3,-3.207056199835901e-06,165.3,ASK
337,1712456400.3570678,2498371.12387364,164.3,-0.0,165.3,ASK
338,1712456404.5339105,2510860.67909299,164.3,-8.80165333800078e-06,165.3,ASK
339,1712456404.5375648,2511102.36929384,164.3,-1.7032418894957585e-07,165.3,ASK
340,1712456430.3562484,2511102.36929384,164.3,-0.0,165.3,ASK
341,1712456447.5041776,2511141.80759387,164.4,2.7752093706012843e-08,165.3,BID
342,1712456460.4137547,2511141.80759387,164.4,0.0,165.3,BID
343,1712456463.033784,2511202.63484447,164.4,4.28029569098391e-08,165.3,BID
344,1712456490.404039,2511202.63484447,164.4,0.0,165.3,BID
345,1712456508.927333,2512740.96543586,164.4,1.0824857942961474e-06,165.3,BID
346,1712456520.327715,2512740.96543586,164.4,0.0,165.3,BID
347,1712456547.8081555,2514973.94353804,164.4,1.5710127614888463e-06,165.3,BID
348,1712456550.3467083,2514973.94353804,164.4,0.0,165.3,BID
349,1712456568.903833,2515689.31411903,164.4,5.031693424828113e-07,165.3,BID
350,1712456568.905694,2516855.85539051,164.4,8.205087267323647e-07,165.3,BID
351,1712456576.383903,2520463.76553701,164.4,-2.537691406934127e-06,165.3,ASK
352,1712456580.393736,2520463.76553701,164.4,-0.0,165.3,ASK
353,1712456601.2868164,2523324.73137551,164.4,2.0110374652090454e-06,165.3,BID
354,1712456609.9739,2523399.65538766,164.5,5.26657793148402e-08,165.3,BID
355,1712456610.3936737,2523399.65538766,164.5,0.0,165.3,BID
356,1712456640.32574,2523399.65538766,164.5,0.0,165.3,BID
357,1712456670.2936454,2523399.65538766,164.5,0.0,165.3,BID
358,1712456676.5339754,2524895.32149858,164.4,-1.050980894555317e-06,165.3,ASK
359,1712456678.453916,2526903.66800313,164.5,1.4112332896484006e-06,165.3,BID
360,1712456700.3231914,2526903.66800313,164.5,0.0,165.3,BID
361,1712456725.164072,2526952.30022197,164.5,3.4360973511379764e-08,165.3,BID
362,1712456730.307347,2526952.30022197,164.5,0.0,165.3,BID
363,1712456760.4043324,2526952.30022197,164.5,0.0,165.3,BID
364,1712456772.360092,2531820.85494928,164.4,-3.4398458150213587e-06,165.3,ASK
365,1712456790.387972,2531820.85494928,164.4,-0.0,165.3,ASK
366,1712456797.0542858,2531881.71922195,164.3,-4.297895265735138e-08,165.3,ASK
367,1712456797.0583024,2534882.70430629,164.3,-2.119128188137776e-06,165.3,ASK
368,1712456804.8598628,2534982.70430629,164.4,7.061441921840968e-08,165.3,BID
369,1712456820.3313017,2534982.70430629,164.4,0.0,165.3,BID
370,1712456850.3008006,2534982.70430629,164.4,0.0,165.3,BID
371,1712456880.4342575,2534982.70430629,164.4,0.0,165.3,BID
372,1712456900.004156,2535043.53155689,164.4,4.2937058569064026e-08,165.3,BID
373,1712456902.1551816,2535107.71248598,164.3,-4.5304370724855954e-08,165.3,ASK
374,1712456910.4441118,2535107.71248598,164.3,-0.0,165.3,ASK
375,1712456912.1550224,2535307.71248598,164.4,1.4117500122383806e-07,165.3,BID
376,1712456914.9840353,2537307.71248598,164.4,1.4117500122383802e-06,165.3,BID
377,1712456915.063877,2539323.39751549,164.4,1.4228216825400195e-06,165.3,BID
378,1712456915.083985,2541382.64289677,164.4,1.453569846111827e-06,165.3,BID
379,1712456933.3743954,2552185.44452121,164.3,-7.625427662756068e-06,165.3,ASK
380,1712456936.4842856,2552602.15880747,164.4,2.9414819936361933e-07,165.3,BID
381,1712456936.4881754,2553551.93280991,164.4,6.704217297840473e-07,165.3,BID
382,1712456940.305451,2553551.93280991,164.4,0.0,165.3,BID
383,1712456963.454054,2553612.76006051,164.4,4.28447646870292e-08,165.3,BID
384,1712456970.3053632,2553612.76006051,164.4,0.0,165.3,BID
385,1712456993.3841746,2556766.09362048,164.4,2.221091392457518e-06,165.3,BID
386,1712457000.275042,2580454.73445044,164.4,-1.6685401415936393e-05,165.3,ASK
387,1712457000.367912,2580454.73445044,164.4,-0.0,165.3,ASK
388,1712457030.3296356,2580454.73445044,164.4,-0.0,165.3,ASK
389,1712457060.4209728,2580454.73445044,164.4,-0.0,165.3,ASK
390,1712457090.413724,2580454.73445044,164.4,-0.0,165.3,ASK
391,1712457120.330911,2580454.73445044,164.4,-0.0,165.3,ASK
392,1712457129.138994,2584618.66926344,164.4,2.931161252302119e-06,165.3,BID
393,1712457133.9415038,2584652.08720492,164.5,2.3524233590758792e-08,165.3,BID
394,1712457147.7440827,2586488.15239192,164.4,-1.29248015987952e-06,165.3,ASK
395,1712457150.33745,2586488.15239192,164.4,-0.0,165.3,ASK
396,1712457156.9043815,2586618.96746859,164.3,-9.202174293120145e-08,165.3,ASK
397,1712457156.909131,2616385.01543624,164.2,-2.093889851139808e-05,165.3,ASK
398,1712457156.912748,2622459.88427084,164.3,-4.273360781249318e-06,165.3,ASK
399,1712457164.208324,2651584.55470826,164.2,-2.048772208960479e-05,165.3,ASK
400,1712457164.2116096,2652706.35738791,164.2,-7.891310423383908e-07,165.3,ASK
401,1712457176.833851,2652806.35738791,164.5,7.034490616340691e-08,165.3,BID
402,1712457180.373866,2652806.35738791,164.5,0.0,165.3,BID
403,1712457210.4040215,2652806.35738791,164.5,0.0,165.3,BID
404,1712457226.333853,2654377.62790462,164.5,1.0969057806676738e-06,165.3,BID
405,1712457240.2969372,2654377.62790462,164.5,0.0,165.3,BID
406,1712457247.3338392,2659706.30162879,164.5,3.719282231954163e-06,165.3,BID
407,1712457247.3367162,2660456.65526024,164.5,5.237282433857906e-07,165.3,BID
408,1712457270.325779,2660456.65526024,164.5,0.0,165.3,BID
409,1712457300.3938394,2660456.65526024,164.5,0.0,165.3,BID
410,1712457330.4099832,2660456.65526024,164.5,0.0,165.3,BID
411,1712457332.9339364,2664130.16333443,164.5,2.563419682996844e-06,165.3,BID
412,1712457332.9438944,2666535.68261586,164.5,1.6786013122361227e-06,165.3,BID
413,1712457344.643871,2666800.38656722,164.5,1.847137138070327e-07,165.3,BID
414,1712457360.326806,2666800.38656722,164.5,0.0,165.3,BID
415,1712457371.2650445,2667284.16785387,164.5,3.3734295428186165e-07,165.3,BID
416,1712457371.2690425,2667300.38656722,164.6,1.1309384689248461e-08,165.3,BID
417,1712457390.3268888,2667300.38656722,164.6,0.0,165.3,BID
418,1712457390.9989622,2668490.76323793,164.5,8.300076163766239e-07,165.3,BID
419,1712457420.4094515,2668490.76323793,164.5,0.0,165.3,BID
420,1712457428.783945,2669112.51291791,164.5,4.334649121521285e-07,165.3,BID
421,1712457428.7871716,2673142.30689889,164.5,2.809449445978577e-06,165.3,BID
422,1712457428.8438616,2674569.79059355,164.5,-9.951980905312776e-07,165.3,ASK
423,1712457429.164153,2675569.79059355,164.1,-6.97169497805232e-07,165.3,ASK
424,1712457429.1673508,2675997.27419355,164.1,-2.980285267319166e-07,165.3,ASK
425,1712457450.424194,2675997.27419355,164.1,-0.0,165.3,ASK
426,1712457462.0813944,2676058.0644671,164.0,-4.234468766218592e-08,165.3,ASK
427,1712457480.3009553,2676058.0644671,164.0,-0.0,165.3,ASK
428,1712457510.3455417,2676058.0644671,164.0,-0.0,165.3,ASK
429,1712457540.4076974,2676058.0644671,164.0,-0.0,165.3,ASK
430,1712457554.6994314,2676158.0644671,164.4,6.96565274797145e-08,165.3,BID
431,1712457570.4105852,2676158.0644671,164.4,0.0,165.3,BID
432,1712457600.356076,2676158.0644671,164.4,0.0,165.3,BID
433,1712457630.3402472,2676158.0644671,164.4,0.0,165.3,BID
434,1712457660.422868,2676158.0644671,164.4,0.0,165.3,BID
435,1712457690.4041476,2676158.0644671,164.4,0.0,165.3,BID
436,1712457693.6246195,2676188.54831221,164.3,2.123777028817243e-08,165.3,BID
437,1712457715.0993104,2677127.75803866,164.0,-6.543374154655482e-07,165.3,ASK
438,1712457715.1013896,2677227.75803866,164.2,-6.966893517369885e-08,165.3,ASK
439,1712457715.1033368,2705862.89177037,164.0,-1.9949792756446868e-05,165.3,ASK
440,1712457715.1073172,2708946.77335182,164.1,-2.148507459814281e-06,165.3,ASK
441,1712457720.431667,2708946.77335182,164.1,-0.0,165.3,ASK
442,1712457750.3123834,2708946.77335182,164.1,-0.0,165.3,ASK
443,1712457752.3041067,2709046.77335182,164.3,6.940888946459522e-08,165.3,BID
444,1712457780.4059289,2709046.77335182,164.3,0.0,165.3,BID
445,1712457810.4164,2709046.77335182,164.3,0.0,165.3,BID
446,1712457840.3332803,2709046.77335182,164.3,0.0,165.3,BID
447,1712457841.1855218,2709107.74896157,164.0,-4.232201093659833e-08,165.3,ASK
448,1712457841.189497,2711143.34693717,164.0,-1.412869836628616e-06,165.3,ASK
449,1712457841.1914897,2714581.4709634,164.0,-2.3863364915254453e-06,165.3,ASK
450,1712457842.2646136,2716807.75101652,164.0,-1.545218639753692e-06,165.3,ASK
451,1712457842.26693,2717439.51270314,164.0,-4.384937702150524e-07,165.3,ASK
452,1712457848.7138417,2718511.60792862,164.0,-7.44120904142986e-07,165.3,ASK
453,1712457849.5140662,2718611.60792862,164.0,6.940809794293787e-08,165.3,BID
454,1712457849.8283956,2722929.33470162,164.0,2.99685202751219e-06,165.3,BID
455,1712457849.8339598,2722929.33470211,164.0,3.4001338778049967e-16,165.3,BID
456,1712457862.104013,2723029.33470211,164.3,6.940809794293787e-08,165.3,BID
457,1712457870.3328624,2723029.33470211,164.3,0.0,165.3,BID
458,1712457900.3511806,2723029.33470211,164.3,0.0,165.3,BID
459,1712457930.3348365,2723029.33470211,164.3,0.0,165.3,BID
460,1712457960.4201176,2723029.33470211,164.3,0.0,165.3,BID
461,1712457990.397082,2723029.33470211,164.3,0.0,165.3,BID
462,1712458020.3125794,2723029.33470211,164.3,0.0,165.3,BID
463,1712458050.3083355,2723059.85973263,164.1,2.119516115840273e-08,165.3,BID
464,1712458050.3158493,2723059.85973263,164.1,0.0,165.3,BID
465,1712458080.3577826,2723059.85973263,164.1,0.0,165.3,BID
466,1712458096.2340071,2723062.99710308,164.1,-2.178436512024915e-09,165.3,ASK
467,1712458102.0952857,2723123.93555524,164.1,4.2312679133392486e-08,165.3,BID
468,1712458110.3366487,2723123.93555524,164.1,0.0,165.3,BID
469,1712458116.0220292,2723157.56895182,164.1,2.3353214220292983e-08,165.3,BID
470,1712458140.425771,2723157.56895182,164.1,0.0,165.3,BID
471,1712458170.412912,2723157.56895182,164.1,0.0,165.3,BID
472,1712458193.083631,2733157.56895182,163.8,-6.943433342964041e-06,165.3,ASK
473,1712458200.3684375,2733157.56895182,163.8,-0.0,165.3,ASK
474,1712458206.4938543,2733218.61901287,164.1,4.2438851034118655e-08,165.3,BID
475,1712458230.3060498,2733218.61901287,164.1,0.0,165.3,BID
476,1712458260.4357862,2733218.61901287,164.1,0.0,165.3,BID
477,1712458290.4167712,2733218.61901287,164.1,0.0,165.3,BID
478,1712458320.3691266,2733218.61901287,164.1,0.0,165.3,BID
479,1712458350.3502462,2733218.61901287,164.1,0.0,165.3,BID
480,1712458380.4544818,2733218.61901287,164.1,0.0,165.3,BID
481,1712458410.4037905,2733218.61901287,164.1,0.0,165.3,BID
482,1712458440.3082829,2733218.61901287,164.1,0.0,165.3,BID
483,1712458470.339851,2733218.61901287,164.1,0.0,165.3,BID
484,1712458475.033891,2740765.90925677,164.0,5.246450048583226e-06,165.3,BID
485,1712458479.6540778,2747558.09279335,164.0,4.721542499876654e-06,165.3,BID
486,1712458479.7139907,2751737.13753138,164.0,2.90503594804642e-06,165.3,BID
487,1712458479.7187471,2757816.164887,164.0,4.225796588518307e-06,165.3,BID
488,1712458499.6438746,2758425.54940863,164.1,4.236097128630107e-07,165.3,BID
489,1712458499.7329953,2760517.5507313,164.1,1.454241202639412e-06,165.3,BID
490,1712458499.7515855,2762693.23182244,164.1,1.5124106530206675e-06,165.3,BID
491,1712458500.393683,2762693.23182244,164.1,0.0,165.3,BID
492,1712458522.436514,2771594.43328764,163.8,-6.177588372906675e-06,165.3,ASK
493,1712458522.440789,2777699.43939264,163.8,-4.236980241174917e-06,165.3,ASK
494,1712458522.445314,2779139.43939264,163.9,-9.993850034474606e-07,165.3,ASK
495,1712458522.4479537,2780260.27176814,163.7,-7.778771301760028e-07,165.3,ASK
496,1712458522.4500673,2805437.45145087,163.9,-1.747339986390432e-05,165.3,ASK
497,1712458522.4521549,2806877.45145087,163.8,-9.993850034474606e-07,165.3,ASK
498,1712458522.454209,2824597.94254249,163.7,-1.2298328507423283e-05,165.3,ASK
499,1712458530.4558842,2824597.94254249,163.7,-0.0,165.3,ASK
500,1712458546.324276,2824780.31336316,163.7,-1.256839687205932e-07,165.3,ASK
501,1712458560.327628,2824780.31336316,163.7,-0.0,165.3,ASK
502,1712458581.8537743,2824883.60623939,163.7,-7.118458687598734e-08,165.3,ASK
503,1712458590.3235629,2824883.60623939,163.7,-0.0,165.3,ASK
504,1712458620.4108064,2824883.60623939,163.7,-0.0,165.3,ASK
505,1712458650.4039335,2824883.60623939,163.7,-0.0,165.3,ASK
506,1712458680.3842435,2824883.60623939,163.7,-0.0,165.3,ASK
507,1712458710.344485,2824883.60623939,163.7,-0.0,165.3,ASK
508,1712458722.0223548,2840053.509152,164.1,1.0454261007964049e-05,165.3,BID
509,1712458722.0263808,2844050.18545179,164.1,2.7542890315811965e-06,165.3,BID
510,1712458740.449064,2844050.18545179,164.1,0.0,165.3,BID
511,1712458752.5080657,2844136.48987426,164.1,-5.934761403160157e-08,165.3,ASK
512,1712458770.414145,2844136.48987426,164.1,-0.0,165.3,ASK
513,1712458800.3662815,2844136.48987426,164.1,-0.0,165.3,ASK
514,1712458810.4351516,2844772.97715448,164.1,-4.381741080673482e-07,165.3,ASK
515,1712458810.4398484,2848226.97347085,164.1,-2.377819325267177e-06,165.3,ASK
516,1712458830.3577118,2848226.97347085,164.1,-0.0,165.3,ASK
517,1712458853.0741937,2849347.80584635,164.5,7.71253248669921e-07,165.3,BID
518,1712458853.236949,2852339.5406441,164.5,-2.058635378813498e-06,165.3,ASK
519,1712458860.39375,2852339.5406441,164.5,-0.0,165.3,ASK
520,1712458885.3846433,2852400.47909626,164.1,-4.191269952194479e-08,165.3,ASK
521,1712458885.389407,2853960.47909626,163.9,-1.0729483427405943e-06,165.3,ASK
522,1712458885.394112,2853990.96690114,164.0,-2.0969128025440643e-08,165.3,ASK
523,1712458885.3972445,2854151.38757019,163.8,-1.1033531474262024e-07,165.3,ASK
524,1712458890.443055,2854151.38757019,163.8,-0.0,165.3,ASK
525,1712458920.3546965,2854151.38757019,163.8,-0.0,165.3,ASK
526,1712458950.3648367,2854151.38757019,163.8,-0.0,165.3,ASK
527,1712458980.4634037,2854151.38757019,163.8,-0.0,165.3,ASK
528,1712459010.4325058,2854151.38757019,163.8,-0.0,165.3,ASK
529,1712459040.3769326,2854151.38757019,163.8,-0.0,165.3,ASK
530,1712459070.3733313,2854151.38757019,163.8,-0.0,165.3,ASK
531,1712459100.395075,2854151.38757019,163.8,-0.0,165.3,ASK
532,1712459130.428864,2854151.38757019,163.8,-0.0,165.3,ASK
533,1712459160.3415437,2854151.38757019,163.8,-0.0,165.3,ASK
534,1712459190.302719,2854151.38757019,163.8,-0.0,165.3,ASK
535,1712459220.3414955,2854151.38757019,163.8,-0.0,165.3,ASK
536,1712459250.3250008,2854151.38757019,163.8,-0.0,165.3,ASK
537,1712459280.4156637,2854151.38757019,163.8,-0.0,165.3,ASK
538,1712459310.4214418,2854151.38757019,163.8,-0.0,165.3,ASK
539,1712459340.3105514,2854151.38757019,163.8,-0.0,165.3,ASK
540,1712459370.3311586,2854151.38757019,163.8,-0.0,165.3,ASK
541,1712459400.3458116,2854151.38757019,163.8,-0.0,165.3,ASK
542,1712459430.3333757,2854151.38757019,163.8,-0.0,165.3,ASK
543,1712459431.384115,2854816.28400656,163.9,-4.619819551034397e-07,165.3,ASK
544,1712459460.3838377,2854816.28400656,163.9,-0.0,165.3,ASK
545,1712459490.4152803,2854816.28400656,163.9,-0.0,165.3,ASK
546,1712459520.30649,2854816.28400656,163.9,-0.0,165.3,ASK
547,1712459550.3626451,2854816.28400656,163.9,-0.0,165.3,ASK
548,1712459580.414212,2854816.28400656,163.9,-0.0,165.3,ASK
549,1712459610.4139423,2854816.28400656,163.9,-0.0,165.3,ASK
550,1712459640.3441117,2854816.28400656,163.9,-0.0,165.3,ASK
551,1712459670.3187842,2854816.28400656,163.9,-0.0,165.3,ASK
552,1712459700.3313143,2854816.28400656,163.9,-0.0,165.3,ASK
553,1712459729.1365032,2854889.0629701,163.9,-5.0917629498650695e-08,165.3,ASK
554,1712459730.3235362,2854889.0629701,163.9,-0.0,165.3,ASK
555,1712459760.4039896,2854889.0629701,163.9,-0.0,165.3,ASK
556,1712459790.393957,2854889.0629701,163.9,-0.0,165.3,ASK
557,1712459820.3301804,2854889.0629701,163.9,-0.0,165.3,ASK
558,1712459850.325507,2854889.0629701,163.9,-0.0,165.3,ASK
559,1712459880.4040847,2854889.0629701,163.9,-0.0,165.3,ASK
560,1712459910.4115722,2854889.0629701,163.9,-0.0,165.3,ASK
561,1712459938.074307,2856440.5642127,163.9,-1.0854524758860972e-06,165.3,ASK
562,1712459938.0793169,2857262.88881279,163.9,-5.753100601158872e-07,165.3,ASK
563,1712459940.3344295,2857262.88881279,163.9,-0.0,165.3,ASK
564,1712459970.3207474,2857262.88881279,163.9,-0.0,165.3,ASK
565,1712460000.365617,2857262.88881279,163.9,-0.0,165.3,ASK
566,1712460030.3179083,2857262.88881279,163.9,-0.0,165.3,ASK
567,1712460060.4037564,2857262.88881279,163.9,-0.0,165.3,ASK
568,1712460062.8542438,2859085.28588882,164.6,1.288156004009323e-06,165.3,BID
569,1712460062.8583508,2864091.33656491,164.6,3.5385121714687488e-06,165.3,BID
570,1712460090.3937235,2864091.33656491,164.6,0.0,165.3,BID
571,1712460103.8158064,2864337.18782914,164.6,1.7364128906680925e-07,165.3,BID
572,1712460103.8183382,2865306.40339358,164.6,6.845433173593496e-07,165.3,BID
573,1712460120.3482645,2865306.40339358,164.6,0.0,165.3,BID
574,1712460147.5741982,2866306.40339358,164.6,7.061861772196422e-07,165.3,BID
575,1712460150.359522,2866306.40339358,164.6,0.0,165.3,BID
576,1712460180.41756,2866306.40339358,164.6,0.0,165.3,BID
577,1712460181.094104,2866580.55212935,164.6,1.935775465887889e-07,165.3,BID
578,1712460181.2846062,2867990.94592091,164.6,-9.95884840130322e-07,165.3,ASK
579,1712460210.4105108,2867990.94592091,164.6,-0.0,165.3,ASK
580,1712460240.2916586,2867990.94592091,164.6,-0.0,165.3,ASK
581,1712460270.34295,2867990.94592091,164.6,-0.0,165.3,ASK
582,1712460300.4069707,2867990.94592091,164.6,-0.0,165.3,ASK
583,1712460330.4070275,2867990.94592091,164.6,-0.0,165.3,ASK
584,1712460334.1838646,2869550.94592091,164.6,1.1134373123531774e-06,165.3,BID
585,1712460334.1895847,2869626.94592091,164.6,5.4244381883872784e-08,165.3,BID
586,1712460334.3236942,2875636.34557831,164.6,-4.289160130379106e-06,165.3,ASK
587,1712460360.383663,2875636.34557831,164.6,-0.0,165.3,ASK
588,1712460378.1160128,2877151.42936701,164.7,1.0804083132432391e-06,165.3,BID
589,1712460387.5140326,2877458.74265433,164.7,2.191455237440215e-07,165.3,BID
590,1712460387.520185,2878514.92906342,164.7,7.531679668318666e-07,165.3,BID
591,1712460389.4982696,2879178.29355746,164.7,4.730461241924816e-07,165.3,BID
592,1712460389.5009727,2879742.01042346,164.7,4.019872649185504e-07,165.3,BID
593,1712460390.4136994,2879742.01042346,164.7,0.0,165.3,BID
594,1712460391.974067,2880549.68700007,164.7,5.756776743121544e-07,165.3,BID
595,1712460391.980358,2880846.32250603,164.7,2.114292318671064e-07,165.3,BID
596,1712460393.9739769,2881238.64592942,164.7,2.796315288766419e-07,165.3,BID
597,1712460393.979576,2881840.14764264,164.7,4.2872495920926614e-07,165.3,BID
598,1712460396.123761,2882318.64592942,164.7,3.410533236609492e-07,165.3,BID
599,1712460397.95385,2883123.06643912,164.8,5.733568876505571e-07,165.3,BID
600,1712460398.0350342,2883538.96159496,164.7,-2.964324619598364e-07,165.3,ASK
601,1712460400.5237632,2884263.33985846,164.7,5.163061628011306e-07,165.3,BID
602,1712460402.8142958,2884632.98859828,164.8,2.634699742630047e-07,165.3,BID
603,1712460402.8216825,2884914.8483536,164.8,2.008977022781995e-07,165.3,BID
604,1712460420.3140476,2884914.8483536,164.8,0.0,165.3,BID
605,1712460422.1032944,2886380.66146039,164.8,1.0441353787031467e-06,165.3,BID
606,1712460450.313649,2886380.66146039,164.8,0.0,165.3,BID
607,1712460480.3923705,2886380.66146039,164.8,0.0,165.3,BID
608,1712460495.4037726,2887479.83773466,164.8,7.828360772673706e-07,165.3,BID
609,1712460506.644165,2887872.77628855,164.8,2.798518157047881e-07,165.3,BID
610,1712460506.650709,2888304.08227349,164.8,3.0717719555623946e-07,165.3,BID
611,1712460510.3937275,2888304.08227349,164.8,0.0,165.3,BID
612,1712460514.9439652,2888922.16176378,164.8,4.400983968851587e-07,165.3,BID
613,1712460523.474265,2888961.24046378,164.8,2.7825665618294426e-08,165.3,BID
614,1712460523.4804842,2889385.64477348,164.8,3.021935839394804e-07,165.3,BID
615,1712460525.9035757,2889886.73335268,164.8,3.567959847688754e-07,165.3,BID
616,1712460526.0442762,2895453.60593768,164.8,-3.963845652236144e-06,165.3,ASK
617,1712460526.047577,2895453.60593852,164.8,-5.978212042739556e-16,165.3,ASK
618,1712460531.5110376,2895592.54347642,164.9,9.892932649867564e-08,165.3,BID
619,1712460540.298705,2895592.54347642,164.9,0.0,165.3,BID
620,1712460553.103763,2896060.88419993,164.9,3.331931742423431e-07,165.3,BID
621,1712460561.6140764,2925369.66086261,164.9,2.085123893607328e-05,165.3,BID
622,1712460561.6237092,2926382.29111321,164.9,7.204188544667553e-07,165.3,BID
623,1712460564.2038422,2928474.77308291,164.9,1.4886612983475485e-06,165.3,BID
624,1712460564.2138317,2936382.29111321,164.9,5.6256714409727326e-06,165.3,BID
625,1712460564.5339136,2937347.05162528,164.9,6.863627296624883e-07,165.3,BID
626,1712460564.539323,2943997.39268938,164.9,4.731273915997049e-06,165.3,BID
627,1712460564.6572132,2943997.39268952,164.9,-9.971736718599704e-17,165.3,ASK
628,1712460564.6627998,2948510.85387852,164.9,-3.2110264704553687e-06,165.3,ASK
629,1712460570.3361795,2948510.85387852,164.9,-0.0,165.3,ASK
630,1712460572.844169,2950270.63981298,164.8,-1.2442458289878351e-06,165.3,ASK
631,1712460572.863759,2954578.81504356,164.8,-3.0460688179347087e-06,165.3,ASK
632,1712460575.574241,2955791.67132009,164.9,8.575425758799146e-07,165.3,BID
633,1712460579.703992,2957235.36004356,164.9,1.0207512387498137e-06,165.3,BID
634,1712460579.710062,2960659.95754356,164.9,2.4213406141608805e-06,165.3,BID
635,1712460579.8036702,2973984.51546805,164.9,-9.421046785296584e-06,165.3,ASK
636,1712460583.093843,2975908.56266805,164.9,1.3603857472079188e-06,165.3,BID
637,1712460583.2341363,2980048.79685005,164.9,-2.927327131732689e-06,165.3,ASK
638,1712460583.2437377,2980048.7968507,164.9,-4.596231598053427e-16,165.3,ASK
639,1712460585.824748,2989145.2189237,164.9,-6.431569318410912e-06,165.3,ASK
640,1712460585.8436775,2989145.21892468,164.9,-6.92727169219514e-16,165.3,ASK
641,1712460588.6140275,2994785.19656719,164.8,-3.987711527784001e-06,165.3,ASK
642,1712460588.7158737,2995213.18008972,164.8,-3.026031191385433e-07,165.3,ASK
643,1712460589.0641155,2997347.18665348,164.7,1.508836224904726e-06,165.3,BID
644,1712460589.1239903,3004309.60216348,164.9,-4.922733094043511e-06,165.3,ASK
645,1712460589.1298816,3004309.6021637,164.9,-1.5540267294278066e-16,165.3,ASK
646,1712460593.3339286,3004309.60216376,164.9,-4.2472340698344707e-17,165.3,ASK
647,1712460593.3376417,3008192.07572376,164.9,-2.745079068192469e-06,165.3,ASK
648,1712460594.5438728,3014256.35710576,164.9,-4.287712878940608e-06,165.3,ASK
649,1712460594.5640843,3014256.35710641,164.9,-4.596231598053427e-16,165.3,ASK
650,1712460600.372079,3014256.35710641,164.9,-0.0,165.3,ASK
651,1712460608.0795343,3014316.96316702,165.0,4.2526665173857744e-08,165.3,BID
652,1712460608.084128,3034256.35710641,165.0,1.3991272841251623e-05,165.3,BID
653,1712460608.1537812,3036338.42094662,165.0,1.4609633246542525e-06,165.3,BID
654,1712460622.2637954,3050393.144779,164.9,-9.862058819090062e-06,165.3,ASK
655,1712460622.703934,3054765.61750627,165.0,3.0681202800909355e-06,165.3,BID
656,1712460629.4938736,3057189.85993051,165.0,1.7010666068379867e-06,165.3,BID
657,1712460630.3082073,3057189.85993051,165.0,0.0,165.3,BID
658,1712460643.543911,3061500.94773051,164.9,-3.010087543256572e-06,165.3,ASK
659,1712460660.3839512,3061500.94773051,164.9,-0.0,165.3,ASK
660,1712460690.4036226,3061500.94773051,164.9,-0.0,165.3,ASK
661,1712460720.357895,3061500.94773051,164.9,-0.0,165.3,ASK
662,1712460750.3263228,3061500.94773051,164.9,-0.0,165.3,ASK
663,1712460771.8336978,3062091.17693846,164.9,-4.1190535810955284e-07,165.3,ASK
664,1712460780.3937085,3062091.17693846,164.9,-0.0,165.3,ASK
665,1712460810.4038558,3062091.17693846,164.9,-0.0,165.3,ASK
666,1712460840.325283,3062091.17693846,164.9,-0.0,165.3,ASK
667,1712460854.1045024,3062697.60507672,164.9,-4.231814194268728e-07,165.3,ASK
668,1712460863.3444366,3073456.54301141,164.9,-7.507868351546173e-06,165.3,ASK
669,1712460863.3514066,3108653.45164478,164.9,-2.456132361807799e-05,165.3,ASK
670,1712460870.3597426,3108653.45164478,164.9,-0.0,165.3,ASK
671,1712460871.7939646,3109259.87978304,164.9,-4.209261005907928e-07,165.3,ASK
672,1712460881.1540122,3118938.65338132,164.9,-6.7181058598568495e-06,165.3,ASK
673,1712460881.1600504,3125167.40272204,164.9,-4.323419389922055e-06,165.3,ASK
674,1712460881.2338474,3128199.54341336,164.9,-2.104630502968509e-06,165.3,ASK
675,1712460881.2385013,3156107.44659233,164.9,-1.937107485562717e-05,165.3,ASK
676,1712460881.3139205,3158189.51043254,164.8,-1.4451753771775365e-06,165.3,ASK
677,1712460890.8539655,3158734.96497799,165.0,3.786038944772749e-07,165.3,BID
678,1712460900.4131331,3158734.96497799,165.0,0.0,165.3,BID
679,1712460930.4223328,3158734.96497799,165.0,0.0,165.3,BID
680,1712460950.3140252,3162302.37255374,165.0,2.462147018628147e-06,165.3,BID
681,1712460960.3610246,3162302.37255374,165.0,0.0,165.3,BID
682,1712460990.339794,3162302.37255374,165.0,0.0,165.3,BID
683,1712461007.0975797,3170181.16043252,165.0,5.435559592333674e-06,165.3,BID
684,1712461018.4839635,3170216.16043252,164.8,-2.4146428189045843e-08,165.3,ASK
685,1712461020.5666516,3170216.16043252,164.8,-0.0,165.3,ASK
686,1712461039.1040332,3170461.38451151,164.8,-1.6902732126030725e-07,165.3,ASK
687,1712461050.3924031,3170461.38451151,164.8,-0.0,165.3,ASK
688,1712461080.3279302,3170461.38451151,164.8,-0.0,165.3,ASK
689,1712461093.693865,3175461.38451151,164.9,-3.4462890779891905e-06,165.3,ASK
690,1712461110.353997,3175461.38451151,164.9,-0.0,165.3,ASK
691,1712461118.6839802,3176067.44511757,165.0,4.174947500800775e-07,165.3,BID
692,1712461119.9340346,3194260.28926553,165.0,1.253243791932822e-05,165.3,BID
693,1712461120.01449,3196209.11314592,165.0,1.342479169175309e-06,165.3,BID
694,1712461124.6339197,3205389.16011561,165.0,6.323825335306638e-06,165.3,BID
695,1712461135.3840396,3222012.52375197,165.0,1.1451275627316295e-05,165.3,BID
696,1712461140.4107764,3222012.52375197,165.0,0.0,165.3,BID
697,1712461141.469639,3235780.29950954,165.0,9.434239385741144e-06,165.3,BID
698,1712461146.6038592,3236386.7276478,165.0,4.155492017980056e-07,165.3,BID
699,1712461146.6140454,3294290.35269742,165.0,3.967791672666797e-05,165.3,BID
700,1712461146.6188176,3299729.34950954,165.0,3.727021622618248e-06,165.3,BID
701,1712461146.6840825,3300414.31996911,165.0,4.69369591830613e-07,165.3,BID
702,1712461146.7439172,3303498.16077987,165.1,2.1131730316154995e-06,165.3,BID
703,1712461146.7537858,3303589.56866111,165.1,6.263639447253409e-08,165.3,BID
704,1712461146.7838223,3303589.56866177,165.1,4.521505804984801e-16,165.3,BID
705,1712461146.857205,3303624.72436177,165.2,-2.4090114148682224e-08,165.3,ASK
706,1712461151.1841438,3303724.72436177,165.0,-6.852406337714845e-08,165.3,ASK
707,1712461170.4271643,3303724.72436177,165.0,-0.0,165.3,ASK
708,1712461200.3560915,3303724.72436177,165.0,-0.0,165.3,ASK
709,1712461209.1530976,3303848.66912025,165.3,8.467395771787806e-08,165.3,BID
710,1712461209.157905,3303935.65338001,165.3,5.942406619987309e-08,165.3,BID
711,1712461230.3767445,3303935.65338001,165.3,0.0,165.3,BID
712,1712461260.378532,3303935.65338001,165.3,0.0,165.3,BID
713,1712461290.418508,3303935.65338001,165.3,0.0,165.3,BID
714,1712461306.7840035,3305013.64780478,165.3,7.364238821027058e-07,165.3,BID
715,1712461306.7901795,3305758.2871327,165.3,5.086948244191203e-07,165.3,BID
716,1712461318.4066827,3308577.40389011,165.3,1.9258586676229446e-06,165.3,BID
717,1712461320.3686962,3308577.40389011,165.3,0.0,165.3,BID
718,1712461350.314428,3308577.40389011,165.3,0.0,165.3,BID
719,1712461359.8239102,3308758.89209337,165.2,1.2391736481044e-07,165.3,BID
720,1712461371.334254,3309805.11694185,165.0,-7.143462985141018e-07,165.3,ASK
721,1712461371.3409455,3313832.40026988,165.0,-2.749767358924213e-06,165.3,ASK
722,1712461371.3471386,3342188.08025039,164.9,-1.936082388537877e-05,165.3,ASK
723,1712461380.4154117,3342188.08025039,164.9,-0.0,165.3,ASK
724,1712461405.6245413,3342793.4071269,165.2,4.117495897658703e-07,165.3,BID
725,1712461405.6291702,3350903.26195926,165.3,5.516406969301668e-06,165.3,BID
726,1712461405.631925,3351021.773756,165.2,8.061294745675182e-08,165.3,BID
727,1712461405.6346762,3354030.24758275,164.9,2.0463949513155693e-06,165.3,BID
728,1712461405.637825,3354530.24758275,165.4,3.4010516114850935e-07,165.4,BID
729,1712461405.640731,3356345.12961541,165.3,1.2345014923669322e-06,165.4,BID
730,1712461405.643547,3356466.19499072,165.2,8.234991795855878e-08,165.4,BID
731,1712461405.6464334,3357755.06750195,165.4,8.767043862634877e-07,165.4,BID
732,1712461408.0145483,3367737.93596929,165.4,6.790450177617937e-06,165.4,BID
733,1712461408.021457,3368300.97350904,165.4,3.829839463788976e-07,165.4,BID
734,1712461410.437234,3368300.97350904,165.4,0.0,165.4,BID
735,1712461420.2739775,3369017.46532359,165.3,4.859383816680785e-07,165.4,BID
736,1712461440.3276913,3369017.46532359,165.3,0.0,165.4,BID
737,1712461470.3238442,3369017.46532359,165.3,0.0,165.4,BID
738,1712461478.5984187,3371406.45915744,165.3,1.620130936658169e-06,165.4,BID
739,1712461478.6052873,3372122.95097199,165.3,4.858993515040887e-07,165.4,BID
740,1712461478.6095686,3387157.19052652,165.4,1.0195688354780695e-05,165.4,BID
741,1712461500.3277743,3387157.19052652,165.4,0.0,165.4,BID
742,1712461500.6475072,3387207.19052652,165.4,3.3855706557919474e-08,165.4,BID
743,1712461530.3371613,3387207.19052652,165.4,0.0,165.4,BID
744,1712461560.4203086,3387207.19052652,165.4,0.0,165.4,BID
745,1712461590.3949127,3387207.19052652,165.4,0.0,165.4,BID
746,1712461620.3308427,3387207.19052652,165.4,0.0,165.4,BID
747,1712461650.3431787,3387207.19052652,165.4,0.0,165.4,BID
748,1712461672.6842017,3396285.44929314,165.4,6.146982875722726e-06,165.4,BID
749,1712461680.4040215,3396285.44929314,165.4,0.0,165.4,BID
750,1712461696.6540685,3396385.44929314,165.4,6.764226132310564e-08,165.4,BID
751,1712461701.5963137,3396485.44929314,165.1,-6.764226132310564e-08,165.4,ASK
752,1712461710.4084291,3396485.44929314,165.1,-0.0,165.4,ASK
753,1712461729.8746684,3396515.86823667,165.4,2.0575601290899854e-08,165.4,BID
754,1712461729.881366,3409150.55359314,165.5,8.546195829409955e-06,165.5,BID
755,1712461729.8857868,3464209.55466085,165.4,3.7242320803451885e-05,165.5,BID
756,1712461729.888955,3472521.38198335,165.5,5.622182270011701e-06,165.5,BID
757,1712461729.8920226,3473383.65036307,165.5,5.832447918317779e-07,165.5,BID
758,1712461729.934235,3475339.86401321,165.6,1.3231975681689337e-06,165.6,BID
759,1712461729.9394116,3475507.88492948,165.6,1.1365060651437182e-07,165.6,BID
760,1712461730.254097,3476234.48809376,165.6,-4.914798237555137e-07,165.6,ASK
761,1712461730.2640226,3515083.50732948,165.5,-2.627776765322865e-05,165.6,ASK
762,1712461730.3139336,3515240.10732948,165.7,1.0592541318815089e-07,165.7,BID
763,1712461730.324054,3515866.70510197,165.7,4.238354275463821e-07,165.7,BID
764,1712461730.444751,3517346.70510197,165.5,-1.0010830876013415e-06,165.7,ASK
765,1712461730.4515786,3518073.30830752,165.5,-4.914798516709612e-07,165.7,ASK
766,1712461730.4583416,3519553.30830752,165.4,-1.0010830876013415e-06,165.7,ASK
767,1712461730.4623137,3535722.14210197,165.1,-1.0936720309365433e-05,165.7,ASK
768,1712461730.6841886,3536627.3925546,165.1,-6.123181879534515e-07,165.7,ASK
769,1712461730.8845863,3561247.06315631,165.1,-1.66529296362757e-05,165.7,ASK
770,1712461730.890592,3567307.66921691,165.0,-4.0994393431626746e-06,165.7,ASK
771,1712461730.8957973,3572079.14264769,165.0,-3.2274603746575924e-06,165.7,ASK
772,1712461730.92408,3576203.01495459,165.0,2.789418122881589e-06,165.7,BID
773,1712461730.944063,3576203.0149546,165.0,6.929489232457996e-18,165.7,BID
774,1712461731.1841402,3577108.26540723,164.9,-6.123181879534515e-07,165.7,ASK
775,1712461731.3239691,3578918.76631248,164.9,-1.2246363759006036e-06,165.7,ASK
776,1712461735.6338956,3578953.4072298,165.7,2.34313759917923e-08,165.7,BID
777,1712461740.324692,3578953.4072298,165.7,0.0,165.7,BID
778,1712461770.4073613,3578953.4072298,165.7,0.0,165.7,BID
779,1712461800.3655307,3578953.4072298,165.7,0.0,165.7,BID
780,1712461830.3240137,3578953.4072298,165.7,0.0,165.7,BID
781,1712461860.4361174,3578953.4072298,165.7,0.0,165.7,BID
782,1712461862.0541728,3578983.63065975,165.6,2.0035396699601626e-08,165.7,BID
783,1712461890.3941035,3578983.63065975,165.6,0.0,165.7,BID
784,1712461899.1750958,3579011.21400217,165.7,1.8285197113740247e-08,165.7,BID
785,1712461899.181764,3579016.87897222,165.6,3.7553496028143325e-09,165.7,BID
786,1712461920.3338382,3579016.87897222,165.6,0.0,165.7,BID
787,1712461950.348194,3579016.87897222,165.6,0.0,165.7,BID
788,1712461980.3411586,3579016.87897222,165.6,0.0,165.7,BID
789,1712462010.3132498,3579016.87897222,165.6,0.0,165.7,BID
790,1712462022.804358,3579077.92903327,165.6,4.0470379065926655e-08,165.7,BID
791,1712462022.814282,3580285.65850186,165.6,8.006096728164112e-07,165.7,BID
792,1712462022.8183076,3582517.94643119,165.7,1.479794403641488e-06,165.7,BID
793,1712462040.407364,3582517.94643119,165.7,0.0,165.7,BID
794,1712462070.4084504,3582517.94643119,165.7,0.0,165.7,BID
795,1712462100.318711,3582517.94643119,165.7,0.0,165.7,BID
796,1712462130.325151,3582517.94643119,165.7,0.0,165.7,BID
797,1712462155.4849746,3583991.20734341,165.7,9.76716500510261e-07,165.7,BID
798,1712462155.4941704,3585761.24891665,165.7,1.1734709017481252e-06,165.7,BID
799,1712462155.4975328,3587266.93515404,165.8,9.98213269931726e-07,165.8,BID
800,1712462156.0755756,3588746.93515404,165.2,-9.811842619084784e-07,165.8,ASK
801,1712462156.0822637,3588774.77592605,165.1,-1.8457383334808044e-08,165.8,ASK
802,1712462156.3938787,3588841.45464817,165.9,4.4205481586933695e-08,165.9,BID
803,1712462159.124075,3588874.62709523,165.2,-2.199208309732277e-08,165.9,ASK
804,1712462159.3243835,3590401.45464817,165.2,-1.0122291659413438e-06,165.9,ASK
805,1712462160.3940244,3590401.45464817,165.2,-0.0,165.9,ASK
806,1712462163.794944,3591961.45464817,165.2,-1.0333273012570598e-06,165.9,ASK
807,1712462190.3940797,3591961.45464817,165.2,-0.0,165.9,ASK
808,1712462220.3402803,3591961.45464817,165.2,-0.0,165.9,ASK
809,1712462230.6941965,3594932.47560176,165.9,1.967636590169141e-06,165.9,BID
810,1712462230.6988225,3596407.69785036,165.9,9.770046459851435e-07,165.9,BID
811,1712462230.7047894,3598863.5852725,165.8,1.6264758911576245e-06,165.9,BID
812,1712462230.7078383,3599530.91062963,165.9,4.419537292897781e-07,165.9,BID
813,1712462230.7108562,3601004.52631026,165.9,9.759406541884622e-07,165.9,BID
814,1712462241.2542708,3602564.52631026,165.2,-1.0331509365340545e-06,165.9,ASK
815,1712462245.9939687,3602595.45414531,165.1,-2.0482770350588808e-08,165.9,ASK
1016,1712462248.1240668,3602626.19555579,165.9,2.0359305786965852e-08,165.9,BID
816,1712462248.1240668,3602626.19555579,165.9,2.035930578696585e-08,165.9,BID
817,1712462250.3406386,3602626.19555579,165.9,0.0,165.9,BID
818,1712462280.404385,3602626.19555579,165.9,0.0,165.9,BID
819,1712462310.3839102,3602626.19555579,165.9,0.0,165.9,BID
820,1712462333.6943836,3604744.69977774,165.9,1.4013941907514685e-06,165.9,BID
821,1712462333.701386,3606184.69977774,165.8,9.525624795896958e-07,165.9,BID
822,1712462340.3361766,3606184.69977774,165.8,0.0,165.9,BID
823,1712462351.9942224,3606217.95796704,165.2,-2.199176333090913e-08,165.9,ASK
824,1712462352.0010135,3607697.95796704,165.2,-9.786404616342703e-07,165.9,ASK
825,1712462370.3345566,3607697.95796704,165.2,-0.0,165.9,ASK
826,1712462373.954152,3608303.28484355,165.9,4.002023406310618e-07,165.9,BID
827,1712462397.144201,3612217.02444571,165.9,2.587507362031181e-06,165.9,BID
828,1712462400.3940847,3612217.02444571,165.9,0.0,165.9,BID
829,1712462415.8743916,3612819.79720038,165.9,3.9832563062683993e-07,165.9,BID
830,1712462430.3240964,3612819.79720038,165.9,0.0,165.9,BID
831,1712462453.5141003,3613422.56995505,165.9,3.982993101233577e-07,165.9,BID
832,1712462460.393956,3613422.56995505,165.9,0.0,165.9,BID
833,1712462462.4045663,3613670.88821906,165.9,1.640725422340258e-07,165.9,BID
834,1712462462.4139462,3614025.34270972,165.9,2.342004508640248e-07,165.9,BID
835,1712462468.4541292,3615077.69470154,165.3,-6.953256833980394e-07,165.9,ASK
836,1712462468.459847,3615112.69470154,165.4,-2.312572134429079e-08,165.9,ASK
837,1712462469.4541817,3615147.69470154,165.6,-2.312572134429079e-08,165.9,ASK
838,1712462469.893971,3615179.19470154,165.2,-2.081314920986171e-08,165.9,ASK
839,1712462479.0970604,3617600.50220759,165.2,-1.599842362107189e-06,165.9,ASK
840,1712462479.1005046,3620630.63659015,165.2,-2.00211552476703e-06,165.9,ASK
841,1712462481.204202,3620665.63659015,165.3,2.312572134429079e-08,165.9,BID
842,1712462490.4082825,3620665.63659015,165.3,0.0,165.9,BID
843,1712462497.5444262,3621235.5972677,165.3,3.762952705182097e-07,165.9,BID
844,1712462498.4486277,3629740.04675348,165.3,-5.614745448085778e-06,165.9,ASK
845,1712462507.4040031,3629861.03888899,165.4,7.98805429139164e-08,165.9,BID
846,1712462520.3489246,3629861.03888899,165.4,0.0,165.9,BID
847,1712462521.1778543,3635910.64566454,165.3,-3.990023032842157e-06,165.9,ASK
848,1712462521.184867,3635943.90385384,165.2,-2.1935465603193063e-08,165.9,ASK
849,1712462521.190636,3636898.69171381,165.1,-6.29731103871789e-07,165.9,ASK
850,1712462528.7843416,3637446.87896433,165.1,-3.615573436484564e-07,165.9,ASK
851,1712462528.7929068,3667998.0308982,165.0,-2.015003692284029e-05,165.9,ASK
852,1712462528.800356,3680716.44095271,165.1,-8.38843761940396e-06,165.9,ASK
853,1712462528.8708098,3688174.34609971,165.0,4.918867360693326e-06,165.9,BID
854,1712462528.879007,3710497.78369685,165.0,1.4723441289570713e-05,165.9,BID
855,1712462528.9443798,3712057.78369685,165.2,1.028899259434543e-06,165.9,BID
856,1712462550.349244,3712057.78369685,165.2,0.0,165.9,BID
857,1712462580.4039917,3712057.78369685,165.2,0.0,165.9,BID
858,1712462610.4039285,3712057.78369685,165.2,0.0,165.9,BID
859,1712462640.3654206,3712057.78369685,165.2,0.0,165.9,BID
860,1712462670.3262985,3712057.78369685,165.2,0.0,165.9,BID
861,1712462674.364382,3713436.45123286,165.1,-9.012374834112356e-07,165.9,ASK
862,1712462684.264295,3726661.94026862,165.1,-8.64552631011145e-06,165.9,ASK
863,1712462684.3642125,3732265.54238579,165.1,3.663084926719786e-06,165.9,BID
864,1712462700.454571,3732265.54238579,165.1,0.0,165.9,BID
865,1712462730.4039457,3732265.54238579,165.1,0.0,165.9,BID
866,1712462760.3294194,3732265.54238579,165.1,0.0,165.9,BID
867,1712462782.7239268,3732386.46137007,165.4,7.95057182852122e-08,165.9,BID
868,1712462790.338421,3732386.46137007,165.4,0.0,165.9,BID
869,1712462820.3840013,3732386.46137007,165.4,0.0,165.9,BID
870,1712462850.4027257,3732386.46137007,165.4,0.0,165.9,BID
871,1712462880.3939755,3732386.46137007,165.4,0.0,165.9,BID
872,1712462910.443544,3732386.46137007,165.4,0.0,165.9,BID
873,1712462940.3474898,3732386.46137007,165.4,0.0,165.9,BID
874,1712462970.34891,3732386.46137007,165.4,0.0,165.9,BID
875,1712463000.355168,3732386.46137007,165.4,0.0,165.9,BID
876,1712463030.331481,3732386.46137007,165.4,0.0,165.9,BID
877,1712463060.4603431,3732386.46137007,165.4,0.0,165.9,BID
878,1712463090.4241743,3732386.46137007,165.4,0.0,165.9,BID
879,1712463120.3016632,3732386.46137007,165.4,0.0,165.9,BID
880,1712463150.3622856,3732386.46137007,165.4,0.0,165.9,BID
881,1712463180.3598316,3732386.46137007,165.4,0.0,165.9,BID
882,1712463210.33918,3732386.46137007,165.4,0.0,165.9,BID
883,1712463240.4040697,3732386.46137007,165.4,0.0,165.9,BID
884,1712463270.4292471,3732386.46137007,165.4,0.0,165.9,BID
885,1712463298.7442925,3744040.62716569,164.9,-7.686954336637902e-06,165.9,ASK
886,1712463298.7517598,3744515.02413538,165.0,-3.129068100967674e-07,165.9,ASK
887,1712463300.3654673,3744515.02413538,165.0,-0.0,165.9,ASK
888,1712463330.3452048,3744515.02413538,165.0,-0.0,165.9,ASK
889,1712463360.4506888,3744515.02413538,165.0,-0.0,165.9,ASK
890,1712463380.5842538,3745581.96291785,164.9,-7.028523840217242e-07,165.9,ASK
891,1712463380.5900133,3750579.30551803,164.9,-3.292029700316335e-06,165.9,ASK
892,1712463390.3939648,3750579.30551803,164.9,-0.0,165.9,ASK
893,1712463411.194068,3750610.17718874,165.2,2.0323511793517783e-08,165.9,BID
894,1712463411.2039678,3755038.86665604,165.2,2.91550539859716e-06,165.9,BID
895,1712463420.3158116,3755038.86665604,165.2,0.0,165.9,BID
896,1712463431.1140728,3755317.31701923,165.2,1.832212442146453e-07,165.9,BID
897,1712463432.4742117,3758342.43884088,165.2,1.9905399932432505e-06,165.9,BID
898,1712463441.994024,3762355.82140746,165.2,2.64081877621906e-06,165.9,BID
899,1712463450.3409786,3762355.82140746,165.2,0.0,165.9,BID
900,1712463480.3938906,3762355.82140746,165.2,0.0,165.9,BID
901,1712463510.4291046,3762355.82140746,165.2,0.0,165.9,BID
902,1712463540.3274975,3762355.82140746,165.2,0.0,165.9,BID
903,1712463550.6543334,3762735.56153957,165.2,2.4967166045056724e-07,165.9,BID
904,1712463550.733939,3766214.84138092,165.2,-2.287557994821084e-06,165.9,ASK
905,1712463557.1572554,3768513.13621252,165.2,-1.511083602416642e-06,165.9,ASK
906,1712463570.323872,3768513.13621252,165.2,-0.0,165.9,ASK
907,1712463600.343693,3768513.13621252,165.2,-0.0,165.9,ASK
908,1712463602.6371503,3769367.13620776,165.4,5.611932073977653e-07,165.9,BID
909,1712463602.641903,3769729.82000937,165.4,2.383321862192064e-07,165.9,BID
910,1712463630.3150818,3769729.82000937,165.4,0.0,165.9,BID
911,1712463660.4197977,3769729.82000937,165.4,0.0,165.9,BID
912,1712463690.4166348,3769729.82000937,165.4,0.0,165.9,BID
913,1712463720.350774,3769729.82000937,165.4,0.0,165.9,BID
914,1712463750.302776,3769729.82000937,165.4,0.0,165.9,BID
1115,1712463767.2241452,3769760.05580138,165.4,1.9866367210570162e-08,165.9,BID
915,1712463767.2241452,3769760.05580138,165.4,1.986636721057016e-08,165.9,BID
916,1712463770.704021,3769764.77679624,165.4,3.1019203153454007e-09,165.9,BID
917,1712463770.7099912,3775806.0050154,165.4,3.969377027221018e-06,165.9,BID
918,1712463780.3636355,3775806.0050154,165.4,0.0,165.9,BID
919,1712463810.3176808,3775806.0050154,165.4,0.0,165.9,BID
920,1712463840.3940432,3775806.0050154,165.4,0.0,165.9,BID
921,1712463870.3939204,3775806.0050154,165.4,0.0,165.9,BID
922,1712463900.333494,3775806.0050154,165.4,0.0,165.9,BID
923,1712463930.318234,3775806.0050154,165.4,0.0,165.9,BID
924,1712463960.402858,3775806.0050154,165.4,0.0,165.9,BID
925,1712463990.4141257,3775806.0050154,165.4,0.0,165.9,BID
926,1712464000.0543146,3776131.91206188,165.3,2.1451995718675922e-07,165.9,BID
927,1712464000.06229,3787321.69835225,165.4,7.365389922876923e-06,165.9,BID
928,1712464000.0680635,3799534.25773607,165.4,8.03860408804574e-06,165.9,BID
929,1712464003.644168,3811392.55277839,165.4,7.805418668484273e-06,165.9,BID
930,1712464020.3478477,3811392.55277839,165.4,0.0,165.9,BID
931,1712464050.3189745,3811392.55277839,165.4,0.0,165.9,BID
932,1712464079.791664,3814359.5424816,165.4,1.9454078117526096e-06,165.9,BID
933,1712464080.393901,3814359.5424816,165.4,0.0,165.9,BID
934,1712464090.4342554,3818801.48927724,165.4,2.9115767857743687e-06,165.9,BID
935,1712464108.9942143,3819121.59171001,165.4,2.0981854470620442e-07,165.9,BID
936,1712464109.002139,3831740.31904295,165.4,8.271236747965195e-06,165.9,BID
937,1712464109.133954,3833499.75711195,165.4,-1.1532643846018135e-06,165.9,ASK
938,1712464110.394052,3833499.75711195,165.4,-0.0,165.9,ASK
939,1712464110.4712684,3833499.75711279,165.4,-5.494919018062157e-16,165.9,ASK
940,1712464110.4749262,3834752.73764241,165.2,-8.195943411229292e-07,165.9,ASK
941,1712464140.3202665,3834752.73764241,165.2,-0.0,165.9,ASK
942,1712464170.3165407,3834752.73764241,165.2,-0.0,165.9,ASK
943,1712464200.386444,3834752.73764241,165.2,-0.0,165.9,ASK
944,1712464230.3150442,3834752.73764241,165.2,-0.0,165.9,ASK
945,1712464260.3940012,3834752.73764241,165.2,-0.0,165.9,ASK
946,1712464290.403962,3834752.73764241,165.2,-0.0,165.9,ASK
947,1712464320.3324263,3834752.73764241,165.2,-0.0,165.9,ASK
948,1712464350.319852,3834752.73764241,165.2,-0.0,165.9,ASK
949,1712464380.3913252,3834752.73764241,165.2,-0.0,165.9,ASK
950,1712464410.4098334,3834752.73764241,165.2,-0.0,165.9,ASK
951,1712464440.3813903,3834752.73764241,165.2,-0.0,165.9,ASK
952,1712464456.858844,3834783.00398623,165.2,1.985207857260741e-08,165.9,BID
953,1712464470.3114765,3834783.00398623,165.2,0.0,165.9,BID
954,1712464471.714447,3861236.47933668,164.9,-1.735111290686982e-05,165.9,ASK
955,1712464471.7221367,3867300.76071933,164.9,-3.977625985827305e-06,165.9,ASK
956,1712464471.7256842,3917157.26982681,164.8,-3.2701409066523924e-05,165.9,ASK
957,1712464471.7293482,3922930.499043,164.9,-3.786721806503582e-06,165.9,ASK
958,1712464471.732978,3932998.46020804,164.8,-6.603681694081228e-06,165.9,ASK
959,1712464471.736719,3944783.00398623,164.8,-7.729606297187221e-06,165.9,ASK
960,1712464471.7418892,3949320.20906789,164.8,-2.976000567432616e-06,165.9,ASK
961,1712464471.8142054,3951927.19343048,164.8,-1.7099484820990154e-06,165.9,ASK
962,1712464481.0673025,3956475.40446648,164.9,-2.983219488722657e-06,165.9,ASK
963,1712464481.1544116,3956475.40446747,164.9,-6.493487284915323e-16,165.9,ASK
964,1712464500.4165893,3956475.40446747,164.9,-0.0,165.9,ASK
965,1712464530.4340026,3956475.40446747,164.9,-0.0,165.9,ASK
966,1712464560.3168004,3956475.40446747,164.9,-0.0,165.9,ASK
967,1712464590.3216174,3956475.40446747,164.9,-0.0,165.9,ASK
968,1712464594.324383,3956675.40446747,164.8,-1.3049230850620868e-07,165.9,ASK
969,1712464620.3841083,3956675.40446747,164.8,-0.0,165.9,ASK
970,1712464638.784295,3957782.08751747,164.8,-7.220526020591936e-07,165.9,ASK
971,1712464638.789438,3959067.06209149,164.8,-8.383784632381539e-07,165.9,ASK
972,1712464650.147457,3959367.06209149,164.8,-1.957342534682688e-07,165.9,ASK
973,1712464650.4053285,3959367.06209149,164.8,-0.0,165.9,ASK
974,1712464660.5042672,3959441.8879546,165.1,4.880582299851294e-08,165.9,BID
975,1712464680.3232834,3959441.8879546,165.1,0.0,165.9,BID
976,1712464691.0944374,3959632.56184842,165.1,1.243677111061658e-07,165.9,BID
977,1712464710.3137126,3959632.56184842,165.1,0.0,165.9,BID
978,1712464734.924265,3963874.24364187,165.1,2.766594911084901e-06,165.9,BID
979,1712464740.395687,3963874.24364187,165.1,0.0,165.9,BID
980,1712464759.4634917,3963986.39860555,165.2,7.311856552035324e-08,165.9,BID
981,1712464769.9441557,3964449.30417456,165.2,3.0178772358162444e-07,165.9,BID
982,1712464770.4010353,3964449.30417456,165.2,0.0,165.9,BID
983,1712464800.3219712,3964449.30417456,165.2,0.0,165.9,BID
984,1712464830.3160737,3964449.30417456,165.2,0.0,165.9,BID
985,1712464840.7940812,3969897.24606317,165.4,3.5526424452180134e-06,165.9,BID
986,1712464841.964333,3969995.79503535,165.4,6.426449999983632e-08,165.9,BID
987,1712464860.384255,3969995.79503535,165.4,0.0,165.9,BID
988,1712464890.414013,3969995.79503535,165.4,0.0,165.9,BID
989,1712464920.324272,3969995.79503535,165.4,0.0,165.9,BID
990,1712464950.312212,3969995.79503535,165.4,0.0,165.9,BID
991,1712464980.4139924,3969995.79503535,165.4,0.0,165.9,BID
992,1712465010.4040098,3969995.79503535,165.4,0.0,165.9,BID
993,1712465040.330234,3969995.79503535,165.4,0.0,165.9,BID
994,1712465070.3169024,3969995.79503535,165.4,0.0,165.9,BID
995,1712465100.3380475,3969995.79503535,165.4,0.0,165.9,BID
996,1712465130.3386374,3969995.79503535,165.4,0.0,165.9,BID
997,1712465132.344229,3970026.81823535,164.9,-2.0226334114142007e-08,165.9,ASK
998,1712465132.4240482,3970871.54763524,164.9,5.507419956155332e-07,165.9,BID
999,1712465160.3938706,3970871.54763524,164.9,0.0,165.9,BID
1000,1712465190.4092348,3970871.54763524,164.9,0.0,165.9,BID
1201,1712465220.2927167,3970871.54763524,164.9,0.0,165.9,BID
1202,1712465229.8541632,3970983.51826819,165.3,7.299512043643216e-08,165.9,BID
1203,1712465250.340908,3970983.51826819,165.3,0.0,165.9,BID
1204,1712465280.4044154,3970983.51826819,165.3,0.0,165.9,BID
1205,1712465310.4042256,3970983.51826819,165.3,0.0,165.9,BID
1206,1712465340.3249702,3970983.51826819,165.3,0.0,165.9,BID
1207,1712465370.3202834,3970983.51826819,165.3,0.0,165.9,BID
1208,1712465400.3342836,3970983.51826819,165.3,0.0,165.9,BID
1209,1712465430.317983,3970983.51826819,165.3,0.0,165.9,BID
1210,1712465460.4041224,3970983.51826819,165.3,0.0,165.9,BID
1211,1712465481.7443488,3971440.40832319,164.8,-2.989277298207188e-07,165.9,ASK
1212,1712465490.4208562,3971440.40832319,164.8,-0.0,165.9,ASK
1213,1712465520.363424,3971440.40832319,164.8,-0.0,165.9,ASK
1214,1712465550.3141344,3971440.40832319,164.8,-0.0,165.9,ASK
1215,1712465580.404087,3971440.40832319,164.8,-0.0,165.9,ASK
1216,1712465610.394019,3971440.40832319,164.8,-0.0,165.9,ASK
1217,1712465640.3073764,3971440.40832319,164.8,-0.0,165.9,ASK
1218,1712465670.3046968,3971440.40832319,164.8,-0.0,165.9,ASK
1219,1712465700.4042368,3971440.40832319,164.8,-0.0,165.9,ASK
1220,1712465730.3967123,3971440.40832319,164.8,-0.0,165.9,ASK
1221,1712465735.634398,3972037.98895973,164.8,-3.928122868956143e-07,165.9,ASK
1222,1712465760.2938323,3972037.98895973,164.8,-0.0,165.9,ASK
1223,1712465790.3023486,3972037.98895973,164.8,-0.0,165.9,ASK
1224,1712465820.3943973,3972037.98895973,164.8,-0.0,165.9,ASK
1225,1712465850.404269,3972037.98895973,164.8,-0.0,165.9,ASK
1226,1712465851.3246672,3973037.98895973,164.8,-6.572951592439838e-07,165.9,ASK
1227,1712465851.327458,4013995.63107279,164.8,-2.692125989496171e-05,165.9,ASK
1228,1712465851.3300889,4014037.98895973,164.8,-2.784163404162428e-08,165.9,ASK
1229,1712465880.3366356,4014037.98895973,164.8,-0.0,165.9,ASK
1230,1712465910.320053,4014037.98895973,164.8,-0.0,165.9,ASK
1231,1712465940.394204,4014037.98895973,164.8,-0.0,165.9,ASK
1232,1712465970.3943322,4014037.98895973,164.8,-0.0,165.9,ASK
1233,1712465988.2245543,4014237.98895973,164.8,-1.3086366314117196e-07,165.9,ASK
1234,1712465988.2276983,4015508.23695855,164.8,-8.311465311164363e-07,165.9,ASK
1235,1712466000.3914485,4015508.23695855,164.8,-0.0,165.9,ASK
1236,1712466030.2903893,4015508.23695855,164.8,-0.0,165.9,ASK
1237,1712466060.377154,4015508.23695855,164.8,-0.0,165.9,ASK
1238,1712466090.3941453,4015508.23695855,164.8,-0.0,165.9,ASK
1239,1712466120.311093,4015508.23695855,164.8,-0.0,165.9,ASK
1240,1712466150.3160448,4015508.23695855,164.8,-0.0,165.9,ASK
1241,1712466180.3943124,4015508.23695855,164.8,-0.0,165.9,ASK
1242,1712466210.4045086,4015508.23695855,164.8,-0.0,165.9,ASK
1243,1712466240.3131368,4015508.23695855,164.8,-0.0,165.9,ASK
1244,1712466270.3110557,4015508.23695855,164.8,-0.0,165.9,ASK
1245,1712466291.6644585,4018694.41822305,164.5,-2.0844462919069485e-06,165.9,ASK
1246,1712466300.4120023,4018694.41822305,164.5,-0.0,165.9,ASK
1247,1712466315.0749805,4035795.04826144,164.8,1.1205815176515566e-05,165.9,BID
1248,1712466315.077818,4038588.82230267,164.8,1.830722931300932e-06,165.9,BID
1249,1712466330.4144182,4038588.82230267,164.8,0.0,165.9,BID
1250,1712466333.1544974,4038596.25632479,165.1,4.860972296910959e-09,165.9,BID
1251,1712466333.1568122,4038657.12059746,165.0,3.979804452485733e-08,165.9,BID
1252,1712466360.305734,4038657.12059746,165.0,0.0,165.9,BID
1253,1712466390.325168,4038657.12059746,165.0,0.0,165.9,BID
1254,1712466420.388668,4038657.12059746,165.0,0.0,165.9,BID
1255,1712466450.394248,4038657.12059746,165.0,0.0,165.9,BID
1256,1712466480.326543,4038657.12059746,165.0,0.0,165.9,BID
1257,1712466510.303517,4038657.12059746,165.0,0.0,165.9,BID
1258,1712466540.394257,4038657.12059746,165.0,0.0,165.9,BID
1259,1712466550.864986,4044907.12059746,164.7,-4.086731581244176e-06,165.9,ASK
1260,1712466563.2543736,4045025.30627045,165.0,7.727889956144314e-08,165.9,BID
1261,1712466570.3944092,4045025.30627045,165.0,0.0,165.9,BID
1262,1712466598.855284,4046545.30627045,164.5,-9.932119403424389e-07,165.9,ASK
1263,1712466598.8588412,4048188.44531113,164.7,-1.073674549241008e-06,165.9,ASK
1264,1712466598.863131,4051052.26404663,164.5,-1.87130194939135e-06,165.9,ASK
1265,1712466598.866688,4071324.2831607,164.5,-1.3246323315095116e-05,165.9,ASK
1266,1712466598.8689582,4071759.53608675,164.7,-2.844068442250413e-07,165.9,ASK
1267,1712466598.8705502,4092031.55520082,164.6,-1.3246323315094811e-05,165.9,ASK
1268,1712466598.8721895,4098110.58255644,164.5,-3.972212207414656e-06,165.9,ASK
1269,1712466598.873805,4105025.30627045,164.4,-4.51828036639711e-06,165.9,ASK
1270,1712466600.3508365,4105025.30627045,164.4,-0.0,165.9,ASK
1271,1712466603.3645582,4105056.39057045,164.5,-2.0193829613494e-08,165.9,ASK
1272,1712466603.3745022,4116574.53844538,164.4,-7.482732943888489e-06,165.9,ASK
1273,1712466630.402542,4116574.53844538,164.4,-0.0,165.9,ASK
1274,1712466655.3448784,4116625.29626351,164.9,3.2934052711077944e-08,165.9,BID
1275,1712466660.3980885,4116625.29626351,164.9,0.0,165.9,BID
1276,1712466690.3844666,4116625.29626351,164.9,0.0,165.9,BID
1277,1712466720.3150735,4116625.29626351,164.9,0.0,165.9,BID
1278,1712466750.3072915,4116625.29626351,164.9,0.0,165.9,BID
1279,1712466780.4098454,4116625.29626351,164.9,0.0,165.9,BID
1280,1712466810.404349,4116625.29626351,164.9,0.0,165.9,BID
1281,1712466814.914498,4118301.78534117,164.8,1.087778825683371e-06,165.9,BID
1282,1712466840.3319335,4118301.78534117,164.8,0.0,165.9,BID
1283,1712466849.1246116,4119243.08376967,164.8,6.106457780809625e-07,165.9,BID
1284,1712466870.3195093,4119243.08376967,164.8,0.0,165.9,BID
1285,1712466900.3367395,4119243.08376967,164.8,0.0,165.9,BID
1286,1712466930.2980418,4119243.08376967,164.8,0.0,165.9,BID
1287,1712466960.3465648,4119243.08376967,164.8,0.0,165.9,BID
1288,1712466983.0845473,4119668.61568456,164.6,-2.765072076008302e-07,165.9,ASK
1289,1712466983.1445568,4120551.97752256,164.6,5.740014005523787e-07,165.9,BID
1290,1712466983.1645274,4120551.97752275,164.6,1.234538437100343e-16,165.9,BID
1291,1712466990.3014429,4120551.97752275,164.6,0.0,165.9,BID
1292,1712467020.4105804,4120551.97752275,164.6,0.0,165.9,BID
1293,1712467050.4043102,4120551.97752275,164.6,0.0,165.9,BID
1294,1712467080.341847,4120551.97752275,164.6,0.0,165.9,BID
1295,1712467110.3136525,4120551.97752275,164.6,0.0,165.9,BID
1296,1712467110.6815677,4123358.59649779,164.4,-1.8234631092693568e-06,165.9,ASK
1297,1712467110.6830485,4126021.95326865,164.4,-1.7303855142705097e-06,165.9,ASK
1298,1712467140.404369,4126021.95326865,164.4,-0.0,165.9,ASK
1299,1712467145.3348355,4128950.76720804,165.0,1.901742199783572e-06,165.9,BID
1300,1712467155.3146222,4132082.55932926,165.0,2.0335403208008474e-06,165.9,BID
1301,1712467155.317884,4138418.16538987,165.0,4.113845964955515e-06,165.9,BID
1302,1712467155.4344864,4139766.41755272,165.0,-8.754492730170241e-07,165.9,ASK
1303,1712467155.51439,4140000.90660197,165.0,-1.522588083690934e-07,165.9,ASK
1304,1712467170.3948183,4140000.90660197,165.0,-0.0,165.9,ASK
1305,1712467200.3573864,4140000.90660197,165.0,-0.0,165.9,ASK
1306,1712467230.3091462,4140000.90660197,165.0,-0.0,165.9,ASK
1307,1712467260.4070172,4140000.90660197,165.0,-0.0,165.9,ASK
1308,1712467290.3948417,4140000.90660197,165.0,-0.0,165.9,ASK
1309,1712467312.984437,4140492.37634831,164.5,-3.186905877097242e-07,165.9,ASK
1310,1712467320.3442717,4140492.37634831,164.5,-0.0,165.9,ASK
1311,1712467350.308345,4140492.37634831,164.5,-0.0,165.9,ASK
1312,1712467380.414152,4140492.37634831,164.5,-0.0,165.9,ASK
1313,1712467410.3940394,4140492.37634831,164.5,-0.0,165.9,ASK
1314,1712467440.305759,4140492.37634831,164.5,-0.0,165.9,ASK
1315,1712467470.3159974,4140492.37634831,164.5,-0.0,165.9,ASK
1316,1712467500.326981,4140492.37634831,164.5,-0.0,165.9,ASK
1317,1712467530.3371208,4140492.37634831,164.5,-0.0,165.9,ASK
1318,1712467540.765509,4140686.26783628,164.5,-1.2572117306079882e-07,165.9,ASK
1319,1712467559.4645238,4140783.21358027,164.5,-6.28605865334188e-08,165.9,ASK
1320,1712467560.4050517,4140783.21358027,164.5,-0.0,165.9,ASK
1321,1712467590.4326456,4140783.21358027,164.5,-0.0,165.9,ASK
1322,1712467620.3230357,4140783.21358027,164.5,-0.0,165.9,ASK
1323,1712467650.312529,4140783.21358027,164.5,-0.0,165.9,ASK
1324,1712467680.3939366,4140783.21358027,164.5,-0.0,165.9,ASK
1325,1712467710.4111245,4140783.21358027,164.5,-0.0,165.9,ASK
1326,1712467740.47155,4140783.21358027,164.5,-0.0,165.9,ASK
1327,1712467770.3219018,4140783.21358027,164.5,-0.0,165.9,ASK
1328,1712467800.3739414,4140783.21358027,164.5,-0.0,165.9,ASK
1329,1712467830.3792288,4140783.21358027,164.5,-0.0,165.9,ASK
1330,1712467853.764312,4153907.96433621,164.5,-8.53704063318085e-06,165.9,ASK
1331,1712467860.3843946,4153907.96433621,164.5,-0.0,165.9,ASK
1332,1712467890.4040737,4153907.96433621,164.5,-0.0,165.9,ASK
1333,1712467901.1164913,4161619.90306804,164.5,-5.009223204807743e-06,165.9,ASK
1334,1712467901.120475,4180941.86608178,164.5,-1.2550414215738171e-05,165.9,ASK
1335,1712467904.566157,4180991.86608178,164.9,3.247706821199691e-08,165.9,BID
1336,1712467920.332523,4180991.86608178,164.9,0.0,165.9,BID
1337,1712467950.3133624,4180991.86608178,164.9,0.0,165.9,BID
1338,1712467980.3364742,4180991.86608178,164.9,0.0,165.9,BID
1339,1712468010.3422797,4180991.86608178,164.9,0.0,165.9,BID
1340,1712468040.404002,4180991.86608178,164.9,0.0,165.9,BID
1341,1712468058.2346787,4181176.03487842,164.9,1.192800649527224e-07,165.9,BID
1342,1712468058.2388566,4189773.32424803,164.9,5.568181218162376e-06,165.9,BID
1343,1712468058.24211,4246925.21242006,165.0,3.70153959720056e-05,165.9,BID
1344,1712468070.4140851,4246925.21242006,165.0,0.0,165.9,BID
1345,1712468071.1242175,4246956.12151106,165.0,1.98787466367004e-08,165.9,BID
1346,1712468100.297108,4246956.12151106,165.0,0.0,165.9,BID
1347,1712468130.3382146,4246956.12151106,165.0,0.0,165.9,BID
1348,1712468160.4036546,4246956.12151106,165.0,0.0,165.9,BID
1349,1712468190.383789,4246956.12151106,165.0,0.0,165.9,BID
1350,1712468220.3219028,4246956.12151106,165.0,0.0,165.9,BID
1351,1712468235.954432,4259057.5521481,165.0,7.788011487958245e-06,165.9,BID
1352,1712468235.9572537,4271198.54575348,165.0,7.813472680206438e-06,165.9,BID
1353,1712468250.3174393,4271198.54575348,165.0,0.0,165.9,BID
1354,1712468280.3869164,4271198.54575348,165.0,0.0,165.9,BID
1355,1712468310.4987595,4271198.54575348,165.0,0.0,165.9,BID
1356,1712468324.7842426,4274284.4130262,165.0,1.9808453317978148e-06,165.9,BID
1357,1712468334.9039693,4274317.49907897,165.0,2.1238228149957675e-08,165.9,BID
1358,1712468334.906409,4274509.69752639,165.0,1.2337387311341606e-07,165.9,BID
1359,1712468340.3181057,4274509.69752639,165.0,0.0,165.9,BID
1360,1712468370.3116956,4274509.69752639,165.0,0.0,165.9,BID
1361,1712468400.3459048,4274509.69752639,165.0,0.0,165.9,BID
1362,1712468430.326846,4274509.69752639,165.0,0.0,165.9,BID
1363,1712468460.403998,4274509.69752639,165.0,0.0,165.9,BID
1364,1712468490.4138424,4274509.69752639,165.0,0.0,165.9,BID
1365,1712468520.332971,4274509.69752639,165.0,0.0,165.9,BID
1366,1712468534.7739632,4274734.98202658,165.0,1.4505421542657808e-07,165.9,BID
1367,1712468550.2976763,4274734.98202658,165.0,0.0,165.9,BID
1368,1712468580.4136677,4274734.98202658,165.0,0.0,165.9,BID
1369,1712468610.4137137,4274734.98202658,165.0,0.0,165.9,BID
1370,1712468611.3741796,4275116.80020839,165.0,2.4583587072057377e-07,165.9,BID
1371,1712468640.3105874,4275116.80020839,165.0,0.0,165.9,BID
1372,1712468670.326291,4275116.80020839,165.0,0.0,165.9,BID
1373,1712468700.3522203,4275116.80020839,165.0,0.0,165.9,BID
1374,1712468730.3522432,4275116.80020839,165.0,0.0,165.9,BID
1375,1712468744.5039852,4280014.14443101,165.3,3.1615191245602653e-06,165.9,BID
1376,1712468760.404388,4280014.14443101,165.3,0.0,165.9,BID
1377,1712468789.7241294,4281227.13017114,164.8,-7.826434867898322e-07,165.9,ASK
1378,1712468789.728547,4287265.8280552,164.8,-3.896292768574153e-06,165.9,ASK
1379,1712468790.4039028,4287265.8280552,164.8,-0.0,165.9,ASK
1380,1712468820.311687,4287265.8280552,164.8,-0.0,165.9,ASK
1381,1712468850.3201942,4287265.8280552,164.8,-0.0,165.9,ASK
1382,1712468880.4037828,4287265.8280552,164.8,-0.0,165.9,ASK
1383,1712468910.403941,4287265.8280552,164.8,-0.0,165.9,ASK
1384,1712468930.614207,4288479.4202882,164.8,7.824314844607098e-07,165.9,BID
1385,1712468940.334834,4288479.4202882,164.8,0.0,165.9,BID
1386,1712468970.322813,4288479.4202882,164.8,0.0,165.9,BID
1387,1712469000.4026115,4288479.4202882,164.8,0.0,165.9,BID
1388,1712469007.3139255,4288540.09989985,164.8,3.916715092966296e-08,165.9,BID
1389,1712469030.3082547,4288540.09989985,164.8,0.0,165.9,BID
1390,1712469060.4038866,4288540.09989985,164.8,0.0,165.9,BID
1391,1712469090.403841,4288540.09989985,164.8,0.0,165.9,BID
1392,1712469120.3094494,4288540.09989985,164.8,0.0,165.9,BID
1393,1712469150.3119826,4288540.09989985,164.8,0.0,165.9,BID
1394,1712469154.6907313,4288603.85217671,164.7,-4.115021280816176e-08,165.9,ASK
1395,1712469154.7022583,4289149.85599741,164.7,-3.5242934876094095e-07,165.9,ASK
1396,1712469180.4338698,4289149.85599741,164.7,-0.0,165.9,ASK
1397,1712469210.4038732,4289149.85599741,164.7,-0.0,165.9,ASK
1398,1712469240.3155708,4289149.85599741,164.7,-0.0,165.9,ASK
1399,1712469263.9940212,4291556.19630481,164.7,-1.5531209583394334e-06,165.9,ASK
1400,1712469263.997892,4294046.01519206,164.7,-1.6070004248210291e-06,165.9,ASK
1401,1712469264.076002,4294936.01744779,164.7,-5.744329478640335e-07,165.9,ASK
1402,1712469264.093735,4296998.69327821,164.7,-1.331310061437786e-06,165.9,ASK
1403,1712469270.3165104,4296998.69327821,164.7,-0.0,165.9,ASK
1404,1712469300.3645525,4296998.69327821,164.7,-0.0,165.9,ASK
1405,1712469319.765679,4305431.05487901,164.7,-5.4381067741149626e-06,165.9,ASK
1406,1712469330.3105488,4305431.05487901,164.7,-0.0,165.9,ASK
1407,1712469331.0400753,4305673.77332561,164.8,1.5639126339337493e-07,165.9,BID
1408,1712469360.393762,4305673.77332561,164.8,0.0,165.9,BID
1409,1712469364.8444362,4305916.49177221,164.7,-1.5638723278140365e-07,165.9,ASK
1410,1712469388.264001,4306159.21021881,164.8,1.563872327808036e-07,165.9,BID
1411,1712469390.413946,4306159.21021881,164.8,0.0,165.9,BID
1412,1712469403.7039466,4306401.92866541,164.7,-1.5637917462615e-07,165.9,ASK
1413,1712469420.320877,4306401.92866541,164.7,-0.0,165.9,ASK
1414,1712469442.8139966,4306644.64711201,164.8,1.563751470825835e-07,165.9,BID
1415,1712469446.4049382,4306887.36555861,164.7,-1.563751470825835e-07,165.9,ASK
1416,1712469450.3101735,4306887.36555861,164.7,-0.0,165.9,ASK
1417,1712469480.415341,4306887.36555861,164.7,-0.0,165.9,ASK
1418,1712469510.414401,4306887.36555861,164.7,-0.0,165.9,ASK
1419,1712469540.347606,4306887.36555861,164.7,-0.0,165.9,ASK
1420,1712469570.318857,4306887.36555861,164.7,-0.0,165.9,ASK
1421,1712469600.4510088,4306887.36555861,164.7,-0.0,165.9,ASK
1422,1712469630.2926476,4306887.36555861,164.7,-0.0,165.9,ASK
1423,1712469660.4533885,4306887.36555861,164.7,-0.0,165.9,ASK
1424,1712469685.5040443,4316278.2294963,164.7,-6.0545904775554026e-06,165.9,ASK
1425,1712469685.5094674,4317801.92712835,164.7,-9.82376619967712e-07,165.9,ASK
1426,1712469690.409537,4317801.92712835,164.7,-0.0,165.9,ASK
1427,1712469720.3177545,4317801.92712835,164.7,-0.0,165.9,ASK
1428,1712469750.3490703,4317801.92712835,164.7,-0.0,165.9,ASK
1429,1712469758.1036203,4319122.42049429,164.7,8.503787481282129e-07,165.9,BID
1430,1712469780.4034803,4319122.42049429,164.7,0.0,165.9,BID
1431,1712469810.3935502,4319122.42049429,164.7,0.0,165.9,BID
1432,1712469822.5637512,4319170.99972926,164.7,3.1279948100479816e-08,165.9,BID
1433,1712469826.1238437,4319246.58220397,164.6,-4.866721115961175e-08,165.9,ASK
1434,1712469826.4035387,4325318.22761988,164.7,3.909504824689532e-06,165.9,BID
1435,1712469834.4736636,4333854.05893153,164.7,5.496182897669203e-06,165.9,BID
1436,1712469840.3161252,4333854.05893153,164.7,0.0,165.9,BID
1437,1712469870.2922697,4333854.05893153,164.7,0.0,165.9,BID
1438,1712469887.0539336,4335374.05893153,164.8,-9.771944253084377e-07,165.9,ASK
1439,1712469900.4144323,4335374.05893153,164.8,-0.0,165.9,ASK
1440,1712469930.3911626,4335374.05893153,164.8,-0.0,165.9,ASK
1441,1712469960.3652644,4335374.05893153,164.8,-0.0,165.9,ASK
1442,1712469990.348532,4335374.05893153,164.8,-0.0,165.9,ASK
1443,1712470020.3937292,4335374.05893153,164.8,-0.0,165.9,ASK
1444,1712470023.755479,4335410.45239235,164.7,-2.3451066915168807e-08,165.9,ASK
1445,1712470023.7574308,4337117.06497229,164.6,-1.0996999161178305e-06,165.9,ASK
1446,1712470050.433699,4337117.06497229,164.6,-0.0,165.9,ASK
1447,1712470061.0837643,4385318.11096943,164.6,-3.10538485237819e-05,165.9,ASK
1448,1712470080.3119912,4385318.11096943,164.6,-0.0,165.9,ASK
1449,1712470110.3445604,4385318.11096943,164.6,-0.0,165.9,ASK
1450,1712470131.8040812,4386155.67155806,164.8,5.368599104816988e-07,165.9,BID
1451,1712470140.403828,4386155.67155806,164.8,0.0,165.9,BID
1452,1712470170.4236972,4386155.67155806,164.8,0.0,165.9,BID
1453,1712470200.3699763,4386155.67155806,164.8,0.0,165.9,BID
1454,1712470230.298381,4386155.67155806,164.8,0.0,165.9,BID
1455,1712470260.403591,4386155.67155806,164.8,0.0,165.9,BID
1456,1712470290.4728248,4386155.67155806,164.8,0.0,165.9,BID
1457,1712470302.4237287,4388358.65021445,164.7,-1.412609785328375e-06,165.9,ASK
1458,1712470316.4375908,4400984.91787298,164.6,-8.096305969589617e-06,165.9,ASK
1459,1712470316.5136657,4401618.51085831,164.6,-4.062770414939789e-07,165.9,ASK
1460,1712470320.3503618,4401618.51085831,164.6,-0.0,165.9,ASK
1461,1712470332.3637762,4402832.10309131,164.6,-7.76920246632306e-07,165.9,ASK
1462,1712470350.3226268,4402832.10309131,164.6,-0.0,165.9,ASK
1463,1712470380.4135678,4402832.10309131,164.6,-0.0,165.9,ASK
1464,1712470410.413075,4402832.10309131,164.6,-0.0,165.9,ASK
1465,1712470414.903636,4402863.66559131,164.6,-2.0203169711448936e-08,165.9,ASK
1466,1712470440.3155491,4402863.66559131,164.6,-0.0,165.9,ASK
1467,1712470470.3366904,4402863.66559131,164.6,-0.0,165.9,ASK
1468,1712470500.4692204,4402863.66559131,164.6,-0.0,165.9,ASK
1469,1712470530.3113832,4402863.66559131,164.6,-0.0,165.9,ASK
1470,1712470539.624426,4405364.65764751,164.6,-1.6011675782551197e-06,165.9,ASK
1471,1712470539.6287909,4405459.6731741,164.5,-6.083017346235906e-08,165.9,ASK
1472,1712470539.63304,4405506.3199741,164.6,-2.986388685423432e-08,165.9,ASK
1473,1712470560.42902,4405506.3199741,164.6,-0.0,165.9,ASK
1474,1712470590.4249437,4405506.3199741,164.6,-0.0,165.9,ASK
1475,1712470620.4941394,4405506.3199741,164.6,-0.0,165.9,ASK
1476,1712470650.3504803,4405506.3199741,164.6,-0.0,165.9,ASK
1477,1712470680.4227252,4405506.3199741,164.6,-0.0,165.9,ASK
1478,1712470688.5936005,4407386.16009568,164.5,-1.203162996885917e-06,165.9,ASK
1479,1712470688.6035542,4419032.54299846,164.5,-7.454089736321664e-06,165.9,ASK
1480,1712470710.4154243,4419032.54299846,164.5,-0.0,165.9,ASK
1481,1712470740.3274815,4419032.54299846,164.5,-0.0,165.9,ASK
1482,1712470770.386185,4419032.54299846,164.5,-0.0,165.9,ASK
1483,1712470800.3836808,4419032.54299846,164.5,-0.0,165.9,ASK
1484,1712470814.2836285,4419640.44573402,164.5,3.885504005697197e-07,165.9,BID
1485,1712470830.3033657,4419640.44573402,164.5,0.0,165.9,BID
1486,1712470860.4075336,4419640.44573402,164.5,0.0,165.9,BID
1487,1712470890.4784403,4419640.44573402,164.5,0.0,165.9,BID
1488,1712470920.328121,4419640.44573402,164.5,0.0,165.9,BID
1489,1712470950.346429,4419640.44573402,164.5,0.0,165.9,BID
1490,1712470980.403856,4419640.44573402,164.5,0.0,165.9,BID
1491,1712471010.422068,4419640.44573402,164.5,0.0,165.9,BID
1492,1712471031.170681,4420080.91077961,164.5,2.815120277129855e-07,165.9,BID
1493,1712471040.3152175,4420080.91077961,164.5,0.0,165.9,BID
1494,1712471062.504153,4421851.59840346,164.4,-1.1316375407996911e-06,165.9,ASK
1495,1712471070.3285522,4421851.59840346,164.4,-0.0,165.9,ASK
1496,1712471100.4035664,4421851.59840346,164.4,-0.0,165.9,ASK
1497,1712471130.4136996,4421851.59840346,164.4,-0.0,165.9,ASK
1498,1712471142.7941456,4424894.81203705,164.3,-1.94487879986236e-06,165.9,ASK
1499,1712471142.799337,4432482.95555981,164.4,-4.849485197107784e-06,165.9,ASK
1500,1712471142.803446,4435347.9141721,164.3,-1.83095830211374e-06,165.9,ASK
1501,1712471142.8075476,4463896.26732464,164.4,-1.824488632823019e-05,165.9,ASK
1502,1712471142.8111537,4465068.82164395,164.3,-7.493644258629519e-07,165.9,ASK
1503,1712471142.8134234,4471351.27594011,164.1,-4.015035959632309e-06,165.9,ASK
1504,1712471142.815935,4474697.20412026,164.3,-2.138339783842205e-06,165.9,ASK
1505,1712471142.8182385,4488472.19448287,164.2,-8.803419657709145e-06,165.9,ASK
1506,1712471142.8205807,4491016.67713654,164.3,-1.6261462275007498e-06,165.9,ASK
1507,1712471142.822939,4499023.56622855,164.1,-5.1171001194322754e-06,165.9,ASK
1508,1712471142.8252823,4501815.54105063,164.0,-1.7843152979068745e-06,165.9,ASK
1509,1712471143.4374938,4502037.46620243,164.0,-1.4182951802315618e-07,165.9,ASK
1510,1712471148.5185494,4502079.71544254,164.5,2.7000947449990784e-08,165.9,BID
1511,1712471148.5229287,4502110.11057932,164.5,1.942514205708865e-08,165.9,BID
1512,1712471160.3351245,4502110.11057932,164.5,0.0,165.9,BID
1513,1712471190.3363285,4502110.11057932,164.5,0.0,165.9,BID
1514,1712471199.7803638,4502172.03008396,164.6,3.9241300663030144e-08,165.9,BID
1515,1712471220.3720317,4502172.03008396,164.6,0.0,165.9,BID
1516,1712471250.3519006,4502172.03008396,164.6,0.0,165.9,BID
1517,1712471280.4041572,4502172.03008396,164.6,0.0,165.9,BID
1518,1712471310.4637668,4502172.03008396,164.6,0.0,165.9,BID
1519,1712471319.2839367,4502717.64399365,164.6,-3.45778948135242e-07,165.9,ASK
1520,1712471340.3280654,4502717.64399365,164.6,-0.0,165.9,ASK
1521,1712471370.3689096,4502717.64399365,164.6,-0.0,165.9,ASK
1522,1712471400.4575796,4502717.64399365,164.6,-0.0,165.9,ASK
1523,1712471430.34122,4502717.64399365,164.6,-0.0,165.9,ASK
1524,1712471460.4036186,4502717.64399365,164.6,-0.0,165.9,ASK
1525,1712471490.407968,4502717.64399365,164.6,-0.0,165.9,ASK
1526,1712471520.3504555,4502717.64399365,164.6,-0.0,165.9,ASK
1527,1712471550.3578937,4502717.64399365,164.6,-0.0,165.9,ASK
1528,1712471580.3935173,4502717.64399365,164.6,-0.0,165.9,ASK
1529,1712471610.4034438,4502717.64399365,164.6,-0.0,165.9,ASK
1530,1712471640.3208184,4502717.64399365,164.6,-0.0,165.9,ASK
1531,1712471670.3241253,4502717.64399365,164.6,-0.0,165.9,ASK
1532,1712471700.3936026,4502717.64399365,164.6,-0.0,165.9,ASK
1533,1712471730.4035158,4502717.64399365,164.6,-0.0,165.9,ASK
1534,1712471760.2966838,4502717.64399365,164.6,-0.0,165.9,ASK
1535,1712471768.3477428,4504277.64399365,164.5,9.89921945428009e-07,165.9,BID
1536,1712471776.9838626,4505641.84789392,164.5,8.656765249461015e-07,165.9,BID
1537,1712471790.3371074,4505641.84789392,164.5,0.0,165.9,BID
1538,1712471820.4198246,4505641.84789392,164.5,0.0,165.9,BID
1539,1712471850.4039023,4505641.84789392,164.5,0.0,165.9,BID
1540,1712471880.335363,4505641.84789392,164.5,0.0,165.9,BID
1541,1712471905.9542053,4505703.72908203,164.4,3.925567513324792e-08,165.9,BID
1542,1712471905.9592726,4506249.75062948,164.5,3.46380622883058e-07,165.9,BID
1543,1712471910.326324,4506249.75062948,164.5,0.0,165.9,BID
1544,1712471940.4084878,4506249.75062948,164.5,0.0,165.9,BID
1545,1712471970.433324,4506249.75062948,164.5,0.0,165.9,BID
1546,1712472000.3589647,4506249.75062948,164.5,0.0,165.9,BID
1547,1712472030.3638265,4506249.75062948,164.5,0.0,165.9,BID
1548,1712472060.403844,4506249.75062948,164.5,0.0,165.9,BID
1549,1712472090.3937118,4506249.75062948,164.5,0.0,165.9,BID
1550,1712472120.3399396,4506249.75062948,164.5,0.0,165.9,BID
1551,1712472150.3486886,4506249.75062948,164.5,0.0,165.9,BID
1552,1712472155.9437473,4506280.15184529,164.4,1.9295015459190027e-08,165.9,BID
1553,1712472180.4161158,4506280.15184529,164.4,0.0,165.9,BID
1554,1712472191.7442498,4513969.13671979,164.4,4.8800223101642885e-06,165.9,BID
1555,1712472210.4072936,4513969.13671979,164.4,0.0,165.9,BID
1556,1712472240.3382635,4513969.13671979,164.4,0.0,165.9,BID
1557,1712472270.3329058,4513969.13671979,164.4,0.0,165.9,BID
1558,1712472280.1238832,4525479.86616301,164.4,-7.299739511547854e-06,165.9,ASK
1559,1712472300.3712854,4525479.86616301,164.4,-0.0,165.9,ASK
1560,1712472330.3291562,4525479.86616301,164.4,-0.0,165.9,ASK
1561,1712472335.6739144,4531933.09436353,164.4,-4.091725897468252e-06,165.9,ASK
1562,1712472360.3935938,4531933.09436353,164.4,-0.0,165.9,ASK
1563,1712472370.4340184,4537873.5730293,164.4,3.7640805404463713e-06,165.9,BID
1564,1712472390.404247,4537873.5730293,164.4,0.0,165.9,BID
1565,1712472410.2954898,4540642.49775054,164.0,-1.753395755729187e-06,165.9,ASK
1566,1712472410.2978716,4543814.05169507,164.0,-2.0083569563113683e-06,165.9,ASK
1567,1712472420.3630676,4543814.05169507,164.0,-0.0,165.9,ASK
1568,1712472450.3281996,4543814.05169507,164.0,-0.0,165.9,ASK
1569,1712472480.4022808,4543814.05169507,164.0,-0.0,165.9,ASK
1570,1712472498.163965,4543874.87894567,164.4,3.849454080666669e-08,165.9,BID
1571,1712472510.484882,4543874.87894567,164.4,0.0,165.9,BID
1572,1712472524.4138126,4549972.43992128,164.0,-3.858818573049461e-06,165.9,ASK
1573,1712472530.553867,4556070.00089689,164.0,-3.858818573048872e-06,165.9,ASK
1574,1712472540.3003962,4556070.00089689,164.0,-0.0,165.9,ASK
1575,1712472555.0541613,4562167.5618725,164.0,-3.853940669279894e-06,165.9,ASK
1576,1712472570.3296783,4562167.5618725,164.0,-0.0,165.9,ASK
1577,1712472577.3138788,4573955.45199803,164.0,-7.445785900999491e-06,165.9,ASK
1578,1712472587.9439442,4574259.97690846,164.0,-1.9235225815986025e-07,165.9,ASK
1579,1712472587.949078,4575182.92542503,164.0,-5.829776982008179e-07,165.9,ASK
1580,1712472600.369762,4575182.92542503,164.0,-0.0,165.9,ASK
1581,1712472622.2440722,4576303.49655118,164.0,-7.068659953777553e-07,165.9,ASK
1582,1712472622.2491806,4587729.80546764,164.0,-7.207814869795363e-06,165.9,ASK
1583,1712472630.326439,4587729.80546764,164.0,-0.0,165.9,ASK
1584,1712472633.614159,4587763.97072153,164.0,-2.152380072434836e-08,165.9,ASK
1585,1712472660.3559215,4587763.97072153,164.0,-0.0,165.9,ASK
1586,1712472683.0940678,4587946.34154219,164.5,1.1489156084028437e-07,165.9,BID
1587,1712472690.3035338,4587946.34154219,164.5,0.0,165.9,BID
1588,1712472720.4258816,4587946.34154219,164.5,0.0,165.9,BID
1589,1712472750.5661602,4587946.34154219,164.5,0.0,165.9,BID
1590,1712472779.7141376,4589643.26166414,164.0,-1.0690203404467916e-06,165.9,ASK
1591,1712472779.716571,4594512.66420228,164.0,-3.067610721188856e-06,165.9,ASK
1592,1712472780.385731,4594512.66420228,164.0,-0.0,165.9,ASK
1593,1712472810.3000708,4594512.66420228,164.0,-0.0,165.9,ASK
1594,1712472822.4642022,4594606.97595475,164.0,-5.9373938086111923e-08,165.9,ASK
1595,1712472840.4040143,4594606.97595475,164.0,-0.0,165.9,ASK
1596,1712472863.7303224,4594637.38958005,164.4,1.914670308830832e-08,165.9,BID
1597,1712472866.4142544,4594667.80320535,164.4,1.9146703088894653e-08,165.9,BID
1598,1712472870.4555073,4594667.80320535,164.4,0.0,165.9,BID
1599,1712472900.3430097,4594667.80320535,164.4,0.0,165.9,BID
1600,1712472930.3255763,4594667.80320535,164.4,0.0,165.9,BID
1601,1712472960.433993,4594667.80320535,164.4,0.0,165.9,BID
1602,1712472990.4080825,4594667.80320535,164.4,0.0,165.9,BID
1603,1712472990.4379015,4594728.63045595,164.4,3.8338190109928224e-08,165.9,BID
1604,1712473020.3307042,4594728.63045595,164.4,0.0,165.9,BID
1605,1712473034.5340674,4594932.88300123,164.4,1.2873545128696205e-07,165.9,BID
1606,1712473047.3744023,4594963.278138,164.5,1.9157321362352973e-08,165.9,BID
1607,1712473050.3146696,4594963.278138,164.5,0.0,165.9,BID
1608,1712473080.4040186,4594963.278138,164.5,0.0,165.9,BID
1609,1712473110.3939004,4594963.278138,164.5,0.0,165.9,BID
1610,1712473140.308349,4594963.278138,164.5,0.0,165.9,BID
1611,1712473167.024173,4594993.6793538,164.5,1.9160686926989305e-08,165.9,BID
1612,1712473170.355365,4594993.6793538,164.5,0.0,165.9,BID
1613,1712473200.4256985,4594993.6793538,164.5,0.0,165.9,BID
1614,1712473225.994154,4595024.07449057,164.5,1.9408088507048652e-08,165.9,BID
1615,1712473230.310002,4595024.07449057,164.5,0.0,165.9,BID
1616,1712473260.383932,4595024.07449057,164.5,0.0,165.9,BID
1617,1712473290.4108849,4595024.07449057,164.5,0.0,165.9,BID
1618,1712473320.3683057,4595024.07449057,164.5,0.0,165.9,BID
1619,1712473350.322623,4595024.07449057,164.5,0.0,165.9,BID
1620,1712473380.4038436,4595024.07449057,164.5,0.0,165.9,BID
