,time,acc_trade_volume,trade_price,dev,high,ask_bid
0,1712451675.134436,1338077.32398585,841.2,0.0,842.5,ASK
1,1712451685.919542,1338406.24274851,841.9,4.372532922183095e-08,842.5,BID
2,1712451690.190347,1338406.24274851,841.9,0.0,842.5,BID
3,1712451693.689576,1338418.12064374,841.9,1.57871278125996e-09,842.5,BID
4,1712451720.1394,1338418.12064374,841.9,0.0,842.5,BID
5,1712451746.7902372,1338453.75432945,841.9,4.736132051561496e-09,842.5,BID
6,1712451750.130483,1338453.75432945,841.9,0.0,842.5,BID
7,1712451764.5007951,1338953.75432945,841.9,6.645556125710723e-08,842.5,BID
8,1712451764.50175,1339178.25244885,841.9,2.983829705179952e-08,842.5,BID
9,1712451764.7393155,1339329.65317809,841.9,2.0122840872748192e-08,842.5,BID
10,1712451774.7793472,1340517.44270178,841.9,1.5787043890426304e-07,842.5,BID
11,1712451775.9991102,1340905.42785942,841.9,5.1567542820780526e-08,842.5,BID
12,1712451776.4194224,1341025.34233857,841.9,1.593796802953003e-08,842.5,BID
13,1712451780.1925182,1341025.34233857,841.9,0.0,842.5,BID
14,1712451807.603444,1341524.21393852,841.9,6.6286510049813e-08,842.5,BID
15,1712451810.1907463,1341524.21393852,841.9,0.0,842.5,BID
16,1712451824.0557866,1341642.99289088,841.9,1.5781621672745552e-08,842.5,BID
17,1712451840.140521,1341642.99289088,841.9,0.0,842.5,BID
18,1712451843.5493035,1341712.7715219,841.9,9.271047626754132e-09,842.5,BID
19,1712451870.011145,1342584.9311342,841.9,1.1587835968627528e-07,842.5,BID
20,1712451870.032057,1348196.66690609,841.9,7.455960205777395e-07,842.5,BID
21,1712451870.0346797,1354152.7265561,841.9,7.913441676309374e-07,842.5,BID
22,1712451870.1201055,1354185.01584691,842.0,4.290074891945223e-09,842.5,BID
23,1712451870.1211307,1354268.15123884,842.0,1.1045676402435138e-08,842.5,BID
24,1712451870.122141,1354868.15123884,842.0,7.971822454427034e-08,842.5,BID
25,1712451870.1307557,1354868.15123884,842.0,0.0,842.5,BID
26,1712451879.1895297,1355818.06143964,842.3,1.2603177794866272e-07,842.5,BID
27,1712451879.44936,1355829.93228484,842.4,1.574994904837537e-09,842.5,BID
28,1712451900.1918695,1355829.93228484,842.4,0.0,842.5,BID
29,1712451930.2003453,1355829.93228484,842.4,0.0,842.5,BID
30,1712451933.2498655,1356314.22627212,842.4,6.480184693599434e-08,842.5,BID
31,1712451933.250842,1356829.93228484,842.4,6.900499072463857e-08,842.5,BID
32,1712451941.849718,1356841.80313004,842.4,1.588400256574686e-09,842.5,BID
33,1712451943.2095273,1356939.18055777,842.4,1.3029765664079569e-08,842.5,BID
34,1712451960.1297257,1356939.18055777,842.4,0.0,842.5,BID
35,1712451990.1314223,1356939.18055777,842.4,0.0,842.5,BID
36,1712452000.4594622,1357057.81859312,842.9,1.5872595734653337e-08,842.9,BID
37,1712452007.4293606,1357058.39848815,842.9,7.758421953554867e-11,842.9,BID
38,1712452020.1992414,1357058.39848815,842.9,0.0,842.9,BID
39,1712452020.9601295,1357215.85756288,843.0,2.1066183620011005e-08,843.0,BID
40,1712452020.9618664,1357221.85756288,843.0,8.02729864485486e-10,843.0,BID
41,1712452028.2093923,1357245.58235528,843.0,3.174099898020923e-09,843.0,BID
42,1712452032.6099298,1362738.08855528,843.0,7.348331262686088e-07,843.0,BID
43,1712452032.6891828,1369462.66387254,843.0,8.996695721911098e-07,843.0,BID
44,1712452034.549307,1370380.27518061,843.0,1.2276566682955014e-07,843.0,BID
45,1712452046.099289,1395086.14337825,843.0,3.305356371714666e-06,843.0,BID
46,1712452050.262377,1395086.14337825,843.0,0.0,843.0,BID
47,1712452080.1271007,1395086.14337825,843.0,0.0,843.0,BID
48,1712452092.5435205,1395097.99733747,843.6,1.579148364114994e-09,843.6,BID
49,1712452103.41967,1395103.60126755,843.6,7.46538507005535e-10,843.6,BID
50,1712452103.4206746,1395312.95733035,843.6,2.7889777411309523e-08,843.6,BID
51,1712452108.5396726,1395841.64391166,843.6,7.043001705259312e-08,843.6,BID
52,1712452110.1422656,1395841.64391166,843.6,0.0,843.6,BID
53,1712452123.0646758,1395911.64391166,843.6,9.324395238270504e-09,843.6,BID
54,1712452130.7993011,1408603.60126755,843.6,1.690640381908466e-06,843.6,BID
55,1712452138.1494038,1408771.21068237,843.6,-2.232652042053981e-08,843.6,ASK
56,1712452140.1903589,1408771.21068237,843.6,-0.0,843.6,ASK
57,1712452146.7995174,1408932.40378336,843.6,2.14406794922572e-08,843.6,BID
58,1712452157.949167,1408944.28167859,843.6,1.579907223721522e-09,843.6,BID
59,1712452163.009456,1409516.58416461,843.6,7.612332103551916e-08,843.6,BID
60,1712452167.6096456,1409623.26979761,843.6,1.4190510943286456e-08,843.6,BID
61,1712452170.2159047,1409623.26979761,843.6,0.0,843.6,BID
62,1712452179.8893075,1409835.33087181,843.4,-2.8204053585923546e-08,843.6,ASK
63,1712452181.309346,1409978.88857428,843.4,-1.9093127526641883e-08,843.6,ASK
64,1712452183.0698292,1410527.6084069,843.4,7.297955846563346e-08,843.6,BID
65,1712452183.07163,1412349.68041875,843.6,2.4233498228507105e-07,843.6,BID
66,1712452188.3794262,1412650.04054203,843.6,3.99477982652765e-08,843.6,BID
67,1712452194.7406075,1412893.30524093,843.6,3.235412547645088e-08,843.6,BID
68,1712452197.1199095,1412939.37047845,843.6,6.126661540143639e-09,843.6,BID
69,1712452197.1217434,1413236.51784093,843.6,3.952050212851684e-08,843.6,BID
70,1712452200.1991615,1413236.51784093,843.6,0.0,843.6,BID
71,1712452207.339471,1413455.44387222,843.6,2.9148677346828253e-08,843.6,BID
72,1712452210.7294688,1413590.40979291,843.6,1.7969896278789385e-08,843.6,BID
73,1712452210.8096747,1413948.00017852,843.6,-4.7610997701148434e-08,843.6,ASK
74,1712452229.0895562,1414337.76085005,844.0,5.1894276756220053e-08,844.0,BID
75,1712452229.0913155,1414343.89901005,843.9,8.1725889009855e-10,844.0,BID
76,1712452230.1342354,1414343.89901005,843.9,0.0,844.0,BID
77,1712452243.4238732,1414462.38242237,844.0,1.5773387703484797e-08,844.0,BID
78,1712452246.1494489,1414468.30777782,844.0,7.88827119038556e-10,844.0,BID
79,1712452247.8420484,1414586.80523012,843.9,-1.5775256809441985e-08,844.0,ASK
80,1712452256.549358,1414598.65357135,844.0,1.5773387700943112e-09,844.0,BID
81,1712452259.450146,1415198.19738882,844.0,7.981570494150407e-08,844.0,BID
82,1712452259.4519782,1415705.0963643,844.0,6.748213872475824e-08,844.0,BID
83,1712452259.5298471,1418153.74806201,844.0,-3.259826149716848e-07,844.0,ASK
84,1712452260.1999292,1418153.74806201,844.0,-0.0,844.0,ASK
85,1712452288.9901695,1418159.74806201,844.0,-7.98422571589277e-10,844.0,ASK
86,1712452288.9915907,1428934.72431795,844.0,-1.433830708513508e-06,844.0,ASK
87,1712452290.199368,1428934.72431795,844.0,-0.0,844.0,ASK
88,1712452292.869423,1430043.30865137,844.0,1.473413874572862e-07,844.0,BID
89,1712452313.0795755,1432149.38425606,843.9,2.799174517717039e-07,844.0,BID
90,1712452320.144087,1432149.38425606,843.9,0.0,844.0,BID
91,1712452320.6693914,1432315.26103331,843.9,2.2038652562263026e-08,844.0,BID
92,1712452324.887581,1432413.9430937,843.9,1.3111055562556757e-08,844.0,BID
93,1712452325.609656,1432503.05869891,843.9,-1.1840041105554732e-08,844.0,ASK
94,1712452341.9294126,1436193.32255276,843.9,4.902943274299227e-07,844.0,BID
95,1712452346.0896096,1437386.07064436,843.9,-1.584704093053744e-07,844.0,ASK
96,1712452350.144951,1437386.07064436,843.9,-0.0,844.0,ASK
97,1712452359.6656797,1437986.07064436,844.0,7.967017657521785e-08,844.0,BID
98,1712452380.210857,1437986.07064436,844.0,0.0,844.0,BID
99,1712452380.783125,1489868.08431088,843.9,-6.888618781200564e-06,844.0,ASK
100,1712452395.520952,1514212.50735537,843.9,-3.23232345759905e-06,844.0,ASK
101,1712452399.049326,1514615.38349362,843.9,-5.3491758247551846e-08,844.0,ASK
102,1712452402.6700077,1515800.35801667,844.0,1.5733463637696225e-07,844.0,BID
103,1712452410.190028,1515800.35801667,844.0,0.0,844.0,BID
104,1712452414.0494435,1515961.96980701,844.0,2.127248224800377e-08,844.0,BID
105,1712452414.999166,1515970.52549421,844.0,1.1261598160605823e-09,844.0,BID
106,1712452422.2194886,1517158.50022722,844.0,1.5636960252637772e-07,844.0,BID
107,1712452424.0695252,1520657.40822093,844.0,4.605509166567805e-07,844.0,BID
108,1712452424.071627,1520669.27484013,844.0,1.561968008302114e-09,844.0,BID
109,1712452439.7359347,1520876.81414913,844.2,2.7317785770315484e-08,844.2,BID
110,1712452440.1586597,1520876.81414913,844.2,0.0,844.2,BID
111,1712452447.7195632,1523038.94308658,844.2,2.844342298679565e-07,844.2,BID
112,1712452469.9099083,1523073.94308658,844.3,-4.604349848404298e-09,844.3,ASK
113,1712452470.1360426,1523073.94308658,844.3,-0.0,844.3,ASK
114,1712452470.574463,1524502.00449322,844.3,-1.878197227385324e-07,844.3,ASK
115,1712452474.3096132,1524815.78128316,844.3,-4.126816214925044e-08,844.3,ASK
116,1712452489.473064,1524828.21614815,844.4,1.635442904516233e-09,844.4,BID
117,1712452500.1501138,1524828.21614815,844.4,0.0,844.4,BID
118,1712452500.229432,1525198.71059193,844.3,-4.9024415437266584e-08,844.4,ASK
119,1712452505.3517,1527942.41276666,844.3,-3.63051045726227e-07,844.4,ASK
120,1712452505.3528445,1540795.0801263,844.3,-1.7006854345434068e-06,844.4,ASK
121,1712452511.2391586,1541031.81632949,844.3,3.132531180714527e-08,844.4,BID
122,1712452517.2186673,1541055.50459195,844.3,3.134468652161972e-09,844.4,BID
123,1712452522.8586073,1541091.03698564,844.3,4.701702978227553e-09,844.4,BID
124,1712452524.6684663,1541457.83806928,844.3,4.853570413563558e-08,844.4,BID
125,1712452530.1324973,1541457.83806928,844.3,0.0,844.4,BID
126,1712452531.8091192,1541491.84550246,844.3,4.491573117918023e-09,844.4,BID
127,1712452554.7204869,1542642.25119257,844.3,-1.5194123134930597e-07,844.4,ASK
128,1712452560.1898844,1542642.25119257,844.3,-0.0,844.4,ASK
129,1712452563.838564,1542682.32169293,844.3,5.291661190755523e-09,844.4,BID
130,1712452571.8286486,1542729.10047076,844.4,6.1775480956955356e-09,844.4,BID
131,1712452571.830859,1543051.28911358,844.4,4.254783748622438e-08,844.4,BID
132,1712452572.4311304,1548878.18962537,844.4,7.694933435703542e-07,844.4,BID
133,1712452578.2119708,1548884.1100705,844.7,7.818467312545229e-10,844.7,BID
134,1712452578.2142746,1548886.1378412,844.8,2.677849145919637e-10,844.8,BID
135,1712452590.1935575,1548886.1378412,844.8,0.0,844.8,BID
136,1712452593.149923,1548898.96072571,844.8,1.6921962145710955e-09,844.8,BID
137,1712452593.152469,1548956.14659783,844.8,7.546641806903659e-09,844.8,BID
138,1712452593.1550045,1549020.13884066,844.7,8.444857394906298e-09,844.8,BID
139,1712452593.157489,1549388.60914342,844.8,4.8625880629592e-08,844.8,BID
140,1712452604.4292417,1573561.70863163,844.4,-3.190048808158311e-06,844.8,ASK
141,1712452604.4315422,1573733.03218791,844.4,-2.2609037239390946e-08,844.8,ASK
142,1712452609.1571338,1573768.70400717,845.0,4.707499117782306e-09,845.0,BID
143,1712452609.1591046,1573788.70400717,844.8,2.639337838918156e-09,845.0,BID
144,1712452609.1607823,1573795.0550364,845.0,8.381255881471627e-10,845.0,BID
145,1712452609.1626997,1573907.24991855,844.8,1.4806009889578317e-08,845.0,BID
146,1712452609.1643922,1574025.63514408,844.9,1.5622930265511462e-08,845.0,BID
147,1712452620.1302648,1574025.63514408,844.9,0.0,845.0,BID
148,1712452630.1089568,1606828.50970031,845.5,4.316800276916718e-06,845.5,BID
149,1712452630.1102965,1610530.60087528,845.5,4.871886511618821e-07,845.5,BID
150,1712452637.6385856,1610582.38789097,844.4,-6.815079675047448e-09,845.5,ASK
151,1712452639.3886137,1610588.30225103,845.4,7.78319323831128e-10,845.5,BID
152,1712452650.1298892,1610588.30225103,845.4,0.0,845.5,BID
153,1712452655.029058,1610957.32810729,844.4,-4.836638660789642e-08,845.5,ASK
154,1712452655.0312333,1611088.30225103,844.4,-1.7166130677047518e-08,845.5,ASK
155,1712452658.0226066,1613318.2312461,845.4,2.922657208272511e-07,845.5,BID
156,1712452658.0263212,1617002.58073989,845.4,4.82889393771129e-07,845.5,BID
157,1712452680.198526,1617002.58073989,845.4,0.0,845.5,BID
158,1712452710.198418,1617002.58073989,845.4,0.0,845.5,BID
159,1712452715.3186302,1617070.06444775,845.3,8.838473426615272e-09,845.5,BID
160,1712452736.1195865,1617097.43748783,845.3,3.585100686121632e-09,845.5,BID
161,1712452740.1300616,1617097.43748783,845.3,0.0,845.5,BID
162,1712452744.3288922,1617466.0120649,845.3,4.8272427497929963e-08,845.5,BID
163,1712452747.6185691,1617979.38958884,845.3,6.723735397178948e-08,845.5,BID
164,1712452770.140394,1617979.38958884,845.3,0.0,845.5,BID
165,1712452772.4002242,1618287.11253092,844.5,-4.0298718560085394e-08,845.5,ASK
166,1712452800.1590018,1618287.11253092,844.5,-0.0,845.5,ASK
167,1712452807.6692555,1624207.77564518,844.5,-7.969904986548638e-07,845.5,ASK
168,1712452807.6756551,1624607.77564518,844.4,-5.3844678089203065e-08,845.5,ASK
169,1712452807.6784828,1625940.25400564,844.5,-1.793671709495133e-07,845.5,ASK
170,1712452807.6799042,1627015.39544692,844.4,-1.4472661201521157e-07,845.5,ASK
171,1712452830.130735,1627015.39544692,844.4,-0.0,845.5,ASK
172,1712452837.1987765,1627028.77297086,844.3,-1.7989862075498431e-09,845.5,ASK
173,1712452839.8512585,1628213.04582732,844.4,1.5925895885749409e-07,845.5,BID
174,1712452847.8187828,1628236.73128444,844.4,3.1851791759055954e-09,845.5,BID
175,1712452860.199932,1628236.73128444,844.4,0.0,845.5,BID
176,1712452866.6295104,1628247.73128444,844.3,-1.479055788071991e-09,845.5,ASK
177,1712452866.631502,1629796.51493132,844.3,-2.0824885612627613e-07,845.5,ASK
178,1712452885.4014575,1629977.51493132,844.2,-2.4337190694639123e-08,845.5,ASK
179,1712452885.408216,1629987.51493132,844.2,-1.344596170974537e-09,845.5,ASK
180,1712452885.558874,1631547.48332132,844.2,2.0975275240353845e-07,845.5,BID
181,1712452889.8590977,1631916.53815429,844.2,4.962297152911431e-08,845.5,BID
182,1712452890.190658,1631916.53815429,844.2,0.0,845.5,BID
183,1712452901.9689476,1632153.44883896,844.2,3.1841619103234155e-08,845.5,BID
184,1712452908.190075,1632310.43379159,844.2,2.1099323036231288e-08,845.5,BID
185,1712452912.809188,1632679.40121224,844.4,4.9590503215242594e-08,845.5,BID
186,1712452912.811182,1633539.66181356,844.4,1.156220135656499e-07,845.5,BID
187,1712452912.9357772,1634346.1561273,844.4,1.083956377181761e-07,845.5,BID
188,1712452913.1631389,1634715.12354795,844.4,4.959050321521129e-08,845.5,BID
189,1712452913.2487104,1635084.0909686,844.4,4.959050321521129e-08,845.5,BID
190,1712452913.2887888,1635453.05838925,844.4,4.959050321521129e-08,845.5,BID
191,1712452913.6577418,1636303.65786077,844.4,1.1432352415549864e-07,845.5,BID
192,1712452913.8285089,1637094.44955695,844.4,1.0628515136350805e-07,845.5,BID
193,1712452915.2206116,1637911.32639589,844.4,1.0979108517636985e-07,845.5,BID
194,1712452916.2786372,1638003.32639589,844.4,1.2365119629702696e-08,845.5,BID
195,1712452917.714476,1638026.32639589,844.4,3.091279907425674e-09,845.5,BID
196,1712452920.1388762,1638026.32639589,844.4,0.0,845.5,BID
197,1712452922.330754,1638118.32639589,844.4,1.2356551707050302e-08,845.5,BID
198,1712452940.5962913,1638334.32639589,844.4,2.9011034442639842e-08,845.5,BID
199,1712452941.3029604,1638776.62210882,844.4,5.940488963723047e-08,845.5,BID
200,1712452943.7288475,1639145.58952947,844.4,4.9556141429140586e-08,845.5,BID
201,1712452946.3387165,1640462.51556283,844.4,1.768767894084011e-07,845.5,BID
202,1712452946.639577,1647326.12402131,844.4,9.218536175451552e-07,845.5,BID
203,1712452946.6409836,1648510.39687778,844.4,1.5906009550250168e-07,845.5,BID
204,1712452946.8394518,1649094.39687778,845.0,7.843724127084105e-08,845.5,BID
205,1712452950.1289828,1649094.39687778,845.0,0.0,845.5,BID
206,1712452960.3087275,1649103.17853458,845.0,1.1779886277795315e-09,845.5,BID
207,1712452960.3886917,1649721.59819011,845.0,8.295602276590182e-08,845.5,BID
208,1712452960.3982608,1650296.64228638,845.0,7.713754036601029e-08,845.5,BID
209,1712452965.978708,1650302.68315638,845.2,8.10334123046071e-10,845.5,BID
210,1712452965.9802551,1650773.3483413,845.2,6.313594894048797e-08,845.5,BID
211,1712452980.18835,1650773.3483413,845.2,0.0,845.5,BID
212,1712452992.1149845,1651610.25175383,845.2,-1.1224249927518986e-07,845.5,ASK
213,1712452992.1162338,1651728.5669455,845.2,-1.5868011309845526e-08,845.5,ASK
214,1712452992.1174502,1654093.70122644,845.2,-3.172033699941871e-07,845.5,ASK
215,1712453004.7694669,1654507.80439728,845.2,5.553803958375674e-08,845.5,BID
216,1712453010.3573506,1654507.80439728,845.2,0.0,845.5,BID
217,1712453010.9295409,1656094.00727312,845.2,2.126458522363935e-07,845.5,BID
218,1712453012.7984202,1656212.32246479,845.2,1.5861296904927713e-08,845.5,BID
219,1712453031.2689905,1656740.00821964,845.2,7.074138419631095e-08,845.5,BID
220,1712453033.4649918,1657170.66109219,845.2,5.7733186905845e-08,845.5,BID
221,1712453040.1195796,1657170.66109219,845.2,0.0,845.5,BID
222,1712453045.1435783,1657288.97628386,845.2,1.5856512662864182e-08,845.5,BID
223,1712453053.0519114,1657644.00586965,845.0,-4.758079704997684e-08,845.5,ASK
224,1712453053.0583856,1658888.85557286,845.0,-1.668338173967587e-07,845.5,ASK
225,1712453056.1484098,1658888.85557379,845.0,-1.246279256044351e-16,845.5,ASK
226,1712453061.9888282,1658898.85557379,845.2,1.340192450273835e-09,845.5,BID
227,1712453070.1444914,1658898.85557379,845.2,0.0,845.5,BID
228,1712453100.214983,1658898.85557379,845.2,0.0,845.5,BID
229,1712453107.8987377,1659353.63195807,845.2,6.112699865400198e-08,845.5,BID
230,1712453111.0375748,1663043.89581192,844.5,-4.960124611226314e-07,845.5,ASK
231,1712453111.040316,1663093.89581192,844.4,-6.720555504522237e-09,845.5,ASK
232,1712453111.042998,1663130.59431604,844.3,-4.932686677411647e-09,845.5,ASK
233,1712453111.0445757,1663137.69911177,844.5,-9.549634810316952e-10,845.5,ASK
234,1712453111.04611,1667487.03740414,844.0,-5.845993880363424e-07,845.5,ASK
235,1712453111.0476818,1667498.8801327,844.5,-1.59179429226177e-09,845.5,ASK
236,1712453111.0492134,1668083.53698963,844.4,-7.858437716193597e-08,845.5,ASK
237,1712453111.0507789,1668853.82480201,844.3,-1.0353523995115217e-07,845.5,ASK
238,1712453121.878465,1669028.45026909,844.3,-2.3471602880275052e-08,845.5,ASK
239,1712453123.0749598,1669217.65844064,844.3,2.5431680376212307e-08,845.5,BID
240,1712453123.8687663,1670654.89292258,844.1,-1.9318028217782682e-07,845.5,ASK
241,1712453125.59828,1670877.90174235,844.3,2.997486302525475e-08,845.5,BID
242,1712453125.6982543,1671101.96667145,844.3,3.011681585266596e-08,845.5,BID
243,1712453130.193429,1671101.96667145,844.3,0.0,845.5,BID
244,1712453137.7186148,1671443.35569194,844.3,4.582302156240951e-08,845.5,BID
245,1712453140.9884732,1672627.76881523,844.2,1.5897813002135378e-07,845.5,BID
246,1712453144.448669,1674202.91640023,844.2,2.114245550364547e-07,845.5,BID
247,1712453144.5137782,1675778.06398523,844.2,2.114245550364547e-07,845.5,BID
248,1712453147.9388623,1676004.44053325,844.2,3.0385445396759805e-08,845.5,BID
249,1712453147.9419367,1676422.10701276,844.2,5.606138143811124e-08,845.5,BID
250,1712453150.3293986,1676920.37353113,844.2,6.68799406094699e-08,845.5,BID
251,1712453160.1721003,1676920.37353113,844.2,0.0,845.5,BID
252,1712453168.968346,1677038.71672639,845.0,1.5874177284828114e-08,845.5,BID
253,1712453171.1888678,1677050.56226062,844.2,-1.588922032983774e-09,845.5,ASK
254,1712453176.4700365,1677485.71684527,844.2,5.837024264775551e-08,845.5,BID
255,1712453177.0185318,1679611.65885507,844.2,-2.851670540640143e-07,845.5,ASK
256,1712453177.218526,1679760.93986846,844.2,-2.0024077147870204e-08,845.5,ASK
257,1712453177.938309,1680989.53972029,844.2,-1.648004502262374e-07,845.5,ASK
258,1712453190.1317277,1680989.53972029,844.2,-0.0,845.5,ASK
259,1712453194.869213,1682251.05919032,844.2,-1.691382438237081e-07,845.5,ASK
260,1712453197.7588103,1682262.7737803,845.0,1.5706338454522995e-09,845.5,BID
261,1712453220.2014806,1682262.7737803,845.0,0.0,845.5,BID
262,1712453233.3834884,1682736.14656136,845.0,6.34583182429465e-08,845.5,BID
263,1712453233.480975,1683142.68280956,845.0,5.449850022599714e-08,845.5,BID
264,1712453242.9395068,1683254.6435696,845.0,1.5008977756241873e-08,845.5,BID
265,1712453242.942768,1683987.42518054,845.0,9.823354981560365e-08,845.5,BID
266,1712453243.1392713,1684801.99818113,845.0,1.0919815158745332e-07,845.5,BID
267,1712453243.2794611,1685073.52251465,845.0,3.63993838611215e-08,845.5,BID
268,1712453243.2826862,1685170.69211372,845.1,1.3026138358716464e-08,845.5,BID
269,1712453243.4026031,1685661.74947988,845.1,6.58290376298111e-08,845.5,BID
270,1712453243.406078,1687010.64289031,845.1,1.80826846704629e-07,845.5,BID
271,1712453243.4093635,1687312.68919013,845.2,4.049102733614786e-08,845.5,BID
272,1712453243.458427,1687379.68919013,845.2,8.981731718408782e-09,845.5,BID
273,1712453246.4134853,1687403.68919013,845.2,3.2173367349523987e-09,845.5,BID
274,1712453249.098569,1687486.68919013,845.2,1.1126622875043713e-08,845.5,BID
275,1712453249.5552418,1687498.65787013,845.2,1.604469743028057e-09,845.5,BID
276,1712453249.88826,1687523.50406038,845.2,3.330773358957626e-09,845.5,BID
277,1712453250.2004037,1687523.50406038,845.2,0.0,845.5,BID
278,1712453258.6188073,1691213.76791423,845.1,-4.944062478620322e-07,845.5,ASK
279,1712453259.438346,1692457.22617563,845.1,1.6659338132432473e-07,845.5,BID
280,1712453261.3085964,1692569.62560771,845.1,1.5058809797182307e-08,845.5,BID
281,1712453262.068272,1696210.95723156,845.1,4.878505106052893e-07,845.5,BID
282,1712453264.378633,1696329.28642337,845.1,1.5853254415476428e-08,845.5,BID
283,1712453268.5984333,1697708.53148312,845.1,1.8478553346851465e-07,845.5,BID
284,1712453272.1488066,1697720.35257529,845.1,1.583740907655143e-09,845.5,BID
285,1712453276.5084298,1697726.28086779,845.1,7.94248044930233e-10,845.5,BID
286,1712453280.1994524,1697726.28086779,845.1,0.0,845.5,BID
287,1712453284.0440657,1699073.93203333,845.1,1.803443827052545e-07,845.5,BID
288,1712453296.2482831,1699902.23637601,845.1,1.108447342995405e-07,845.5,BID
289,1712453302.208416,1701984.83015189,845.1,2.786953319529052e-07,845.5,BID
290,1712453310.2026703,1701984.83015189,845.1,0.0,845.5,BID
291,1712453319.578507,1702032.54494479,845.0,-6.382180190419508e-09,845.5,ASK
292,1712453328.7685578,1702350.50293295,845.0,-4.2529057553958295e-08,845.5,ASK
293,1712453328.778243,1702387.57453059,845.0,-4.958579964541641e-09,845.5,ASK
294,1712453340.1647077,1702387.57453059,845.0,-0.0,845.5,ASK
295,1712453343.838636,1702482.2490868,845.0,-1.266279359416118e-08,845.5,ASK
296,1712453343.8419523,1729468.55736908,845.0,-3.609439170637904e-06,845.5,ASK
297,1712453370.129925,1729468.55736908,845.0,-0.0,845.5,ASK
298,1712453372.2897315,1730023.17318712,845.2,7.395393664626113e-08,845.5,BID
299,1712453372.2929692,1730123.17318712,845.1,1.3334263870730444e-08,845.5,BID
300,1712453372.295514,1731150.22817726,845.2,1.3695022248277514e-07,845.5,BID
301,1712453372.298032,1731268.55736908,845.1,1.5778326673381252e-08,845.5,BID
302,1712453372.9086635,1731844.37202547,845.0,-7.67806456893971e-08,845.5,ASK
303,1712453372.9121306,1733883.20186908,845.0,-2.718629512221661e-07,845.5,ASK
304,1712453378.5891926,1734523.34080399,845.0,-8.535781472016037e-08,845.5,ASK
305,1712453378.5926166,1736320.30839611,845.0,-2.3961240040481466e-07,845.5,ASK
306,1712453382.3813884,1736556.99478664,845.0,-3.1560387859358064e-08,845.5,ASK
307,1712453397.5991445,1737380.00502696,844.7,-1.0974235712741705e-07,845.5,ASK
308,1712453397.602722,1739490.74169603,844.3,-2.814511970700408e-07,845.5,ASK
309,1712453400.3384838,1739490.74169603,844.3,-0.0,845.5,ASK
310,1712453416.1679103,1740331.31392775,844.3,-1.1219340514273885e-07,845.5,ASK
311,1712453416.1695108,1742183.58735815,844.3,-2.4722784737570617e-07,845.5,ASK
312,1712453424.41195,1743368.1407815,844.2,-1.5810548710031625e-07,845.5,ASK
313,1712453424.5126064,1743492.27417801,844.1,-1.6568413660172386e-08,845.5,ASK
314,1712453424.5152612,1743527.8149907,844.1,-4.743726531479768e-09,845.5,ASK
315,1712453424.5178509,1744552.69420485,844.1,-1.3679334690866408e-07,845.5,ASK
316,1712453425.0284493,1745007.38889759,844.1,-6.06893065863697e-08,845.5,ASK
317,1712453426.018682,1748989.69601452,844.0,-5.315290928159644e-07,845.5,ASK
318,1712453426.0221171,1749149.46806759,844.0,-2.132519967245992e-08,845.5,ASK
319,1712453430.1379414,1749149.46806759,844.0,-0.0,845.5,ASK
320,1712453432.7188272,1749267.95147991,844.0,-1.5797104469933336e-08,845.5,ASK
321,1712453432.7222805,1753124.27687171,844.0,-5.141544617214441e-07,845.5,ASK
322,1712453432.7282405,1756745.95069331,844.0,-4.82868940010822e-07,845.5,ASK
323,1712453432.7794046,1759071.40455833,844.0,-3.1004709373586256e-07,845.5,ASK
324,1712453436.7785685,1759279.97917412,844.0,2.7808744961769723e-08,845.5,BID
325,1712453445.3893328,1762970.24302797,844.0,4.920138817696325e-07,845.5,BID
326,1712453445.3912752,1766266.24302797,844.0,4.394476434580151e-07,845.5,BID
327,1712453445.4976275,1769934.17039094,844.0,-4.890358119030254e-07,845.5,ASK
328,1712453445.509997,1782976.66163857,844.0,-1.7389235569152857e-06,845.5,ASK
329,1712453445.859859,1784161.63616161,843.9,-1.5798976386763153e-07,845.5,ASK
330,1712453445.8635514,1785320.39294357,843.9,-1.544942163753865e-07,845.5,ASK
331,1712453450.1736026,1785427.02801466,844.0,1.42173940232287e-08,845.5,BID
332,1712453452.2786531,1786193.07422319,844.0,1.0213507315486673e-07,845.5,BID
333,1712453453.608463,1786232.17374925,844.0,5.213044474305347e-09,845.5,BID
334,1712453460.1893346,1786232.17374925,844.0,0.0,845.5,BID
335,1712453460.2491446,1786244.02209048,844.0,1.573145978217702e-09,845.5,BID
336,1712453462.1981337,1786244.02209114,843.9,-8.764046497191243e-17,845.5,ASK
337,1712453462.8458729,1786255.87043237,843.9,1.573145978217702e-09,845.5,BID
338,1712453485.979312,1786367.62392845,843.8,-1.4837905112299097e-08,845.5,ASK
339,1712453485.985681,1786374.73461818,843.8,-9.441113092341116e-10,845.5,ASK
340,1712453489.1371157,1786381.84615071,843.7,-9.44223210774663e-10,845.5,ASK
341,1712453489.1401763,1786394.81106714,843.7,-1.7213975985042202e-09,845.5,ASK
342,1712453489.1431472,1787580.06648968,843.7,-1.5737053524398614e-07,845.5,ASK
343,1712453490.198079,1787580.06648968,843.7,-0.0,845.5,ASK
344,1712453494.2090318,1787615.62836734,843.6,-4.720962855264151e-09,845.5,ASK
345,1712453494.2121437,1787716.06874191,843.6,-1.3333808806365448e-08,845.5,ASK
346,1712453494.3758378,1787723.18280403,843.4,-9.444164714684478e-10,845.5,ASK
347,1712453494.3776717,1789233.55765952,843.4,-2.005075113994001e-07,845.5,ASK
348,1712453494.429212,1789386.84144759,843.4,-2.0348955606642583e-08,845.5,ASK
349,1712453494.4330156,1790572.51846916,843.4,-1.5740274545374848e-07,845.5,ASK
350,1712453494.436053,1791095.62300818,843.3,-6.944394561348065e-08,845.5,ASK
351,1712453508.4485435,1792970.97704598,843.3,-2.489597663422988e-07,845.5,ASK
352,1712453520.1303551,1792970.97704598,843.3,-0.0,845.5,ASK
353,1712453545.1084406,1793444.91069526,844.0,6.287838815105663e-08,845.5,BID
354,1712453550.1343246,1793444.91069526,844.0,0.0,845.5,BID
355,1712453559.1086545,1794629.15269748,844.0,1.5710907399671868e-07,845.5,BID
356,1712453562.408911,1795400.84589248,844.0,1.0237772604648121e-07,845.5,BID
357,1712453568.1284244,1795920.69141995,844.0,6.896601310290905e-08,845.5,BID
358,1712453580.188256,1795920.69141995,844.0,0.0,845.5,BID
359,1712453588.9039776,1796828.99911444,843.9,1.2046847863991256e-07,845.5,BID
360,1712453598.498225,1796840.84885967,843.9,1.5716268713722602e-09,845.5,BID
361,1712453610.2388785,1796840.84885967,843.9,0.0,845.5,BID
362,1712453631.2090378,1797242.84885967,843.4,-5.331160531200488e-08,845.5,ASK
363,1712453632.2352405,1797254.6986049,843.9,1.571465026716084e-09,845.5,BID
364,1712453640.1399405,1797254.6986049,843.9,0.0,845.5,BID
365,1712453645.4284897,1797579.6986049,843.4,-4.309818344486261e-08,845.5,ASK
366,1712453646.9318204,1797847.6986049,843.4,-3.553942511760978e-08,845.5,ASK
367,1712453648.0586505,1798111.83988734,843.7,3.5027721372207454e-08,845.5,BID
368,1712453648.6682138,1798260.49248734,843.4,-1.971279084416023e-08,845.5,ASK
369,1712453651.369908,1798272.34504156,843.7,1.5717647878894576e-09,845.5,BID
370,1712453652.7594173,1798272.34504943,843.4,-1.0436269659690854e-15,845.5,ASK
371,1712453652.7635088,1798597.34504156,843.3,-4.3098182401235654e-08,845.5,ASK
372,1712453655.677353,1798715.91274371,843.3,-1.5723238701216425e-08,845.5,ASK
373,1712453670.1430163,1798715.91274371,843.3,-0.0,845.5,ASK
374,1712453675.4385529,1798755.33165817,843.3,-5.2264800010198805e-09,845.5,ASK
375,1712453675.4481149,1800337.28311867,843.3,-2.09747979723137e-07,845.5,ASK
376,1712453677.1097355,1801905.21271867,843.3,-2.07888847515044e-07,845.5,ASK
377,1712453678.562399,1802025.21271867,843.8,1.5910575131566246e-08,845.5,BID
378,1712453678.5664327,1802260.71929527,843.9,3.1225375674771354e-08,845.5,BID
379,1712453681.1933746,1804108.42436712,843.3,-2.449837530553761e-07,845.5,ASK
380,1712453683.1101694,1806165.34729559,843.3,-2.7272355661052055e-07,845.5,ASK
381,1712453691.098242,1808402.35679559,843.3,-2.966008976648024e-07,845.5,ASK
382,1712453700.2100503,1808402.35679559,843.3,-0.0,845.5,ASK
383,1712453705.768499,1808980.35679559,843.3,-7.68336242306607e-08,845.5,ASK
384,1712453706.8005962,1809117.95314049,843.3,-1.8290702179179053e-08,845.5,ASK
385,1712453706.8063252,1810117.95314049,843.3,-1.3293014572778668e-07,845.5,ASK
386,1712453706.8117566,1810382.44739426,843.3,-3.515925969780598e-08,845.5,ASK
387,1712453711.609432,1810389.56314378,843.2,-9.45897620658266e-10,845.5,ASK
388,1712453711.6127346,1810582.28956099,843.2,-2.561915072531328e-08,845.5,ASK
389,1712453711.911506,1810606.12449518,843.2,-3.168381275308644e-09,845.5,ASK
390,1712453720.8186543,1810978.48190061,843.3,4.9497524166622324e-08,845.5,BID
391,1712453730.2084117,1810978.48190061,843.3,0.0,845.5,BID
392,1712453741.039035,1811448.4390245,843.3,6.245343362260641e-08,845.5,BID
393,1712453741.12156,1816192.27204157,843.3,6.304163622331055e-07,845.5,BID
394,1712453743.9482954,1816399.65086135,843.3,2.755893824665612e-08,845.5,BID
395,1712453744.3182728,1816474.33607734,843.2,-9.925050482938104e-09,845.5,ASK
396,1712453760.1314363,1816474.33607734,843.2,-0.0,845.5,ASK
397,1712453761.284205,1821911.71553703,843.3,7.221382064769499e-07,845.5,BID
398,1712453761.287512,1824939.98004734,843.3,4.0218372074729684e-07,845.5,BID
399,1712453777.651121,1825058.57587277,843.5,-1.5750708095064502e-08,845.5,ASK
400,1712453790.1314292,1825058.57587277,843.5,-0.0,845.5,ASK
401,1712453791.4783282,1825091.75074946,843.5,-4.401722467441211e-09,845.5,ASK
402,1712453820.193207,1825091.75074946,843.5,-0.0,845.5,ASK
403,1712453834.5982912,1825601.28025905,843.4,6.760535039713759e-08,845.5,BID
404,1712453836.1947818,1825613.1356236,843.5,1.5729924556141823e-09,845.5,BID
405,1712453841.2384412,1827637.06308818,843.5,2.6853856910351536e-07,845.5,BID
406,1712453841.3290172,1836677.06308818,843.5,1.1994444994596823e-06,845.5,BID
407,1712453842.2313876,1836914.17037922,843.5,3.1459849117226435e-08,845.5,BID
408,1712453844.1306975,1838065.22172025,843.5,1.5272369464537416e-07,845.5,BID
409,1712453844.2158022,1838266.7629176,843.5,2.6740871745132173e-08,845.5,BID
410,1712453844.231515,1841083.60220464,843.5,3.737436270687889e-07,845.5,BID
411,1712453844.2391655,1841700.29674732,843.5,8.18242120646607e-08,845.5,BID
412,1712453844.3183498,1842293.06497495,843.5,7.864962279702032e-08,845.5,BID
413,1712453844.3204117,1843611.19636332,843.5,1.748921950603725e-07,845.5,BID
414,1712453850.1936169,1843611.19636332,843.5,0.0,845.5,BID
415,1712453867.6786313,1844110.53332577,843.8,6.611594933299877e-08,845.5,BID
416,1712453869.3195028,1844639.03196304,843.9,6.99771732356177e-08,845.5,BID
417,1712453869.7588575,1844650.88170827,843.9,1.5689949155680543e-09,845.5,BID
418,1712453880.136867,1844650.88170827,843.9,0.0,845.5,BID
419,1712453889.5984871,1844661.88170827,843.9,1.4563131155013567e-09,845.5,BID
420,1712453890.1181376,1847509.24208507,843.9,3.7696802375387684e-07,845.5,BID
421,1712453900.8620198,1849594.55014194,844.0,2.760783157345859e-07,845.5,BID
422,1712453910.1314645,1849594.55014194,844.0,0.0,845.5,BID
423,1712453922.161725,1849713.07855545,844.0,1.568356273101978e-08,845.5,BID
424,1712453936.920911,1849724.92689668,844.0,1.567760821507312e-09,845.5,BID
425,1712453940.0335526,1850252.49723473,844.0,6.980758660980294e-08,845.5,BID
426,1712453940.2003589,1850252.49723473,844.0,0.0,845.5,BID
427,1712453959.7628808,1850498.47140404,844.0,3.254466808759272e-08,845.5,BID
428,1712453970.2088406,1850498.47140404,844.0,0.0,845.5,BID
429,1712453978.3682847,1850504.39557465,844.0,7.838012873745879e-10,845.5,BID
430,1712453979.1090984,1852609.64717246,843.9,-2.785366967348016e-07,845.5,ASK
431,1712453979.1125634,1853504.39557465,843.9,-1.183802755993483e-07,845.5,ASK
432,1712453982.2052906,1884385.04044981,844.0,4.085684022524857e-06,845.5,BID
433,1712453982.2072723,1885504.66116201,844.0,1.4813215441633585e-07,845.5,BID
434,1712454000.169911,1885504.66116201,844.0,0.0,845.5,BID
435,1712454016.6383977,1886504.66116201,844.2,-1.3199623165285462e-07,845.5,ASK
436,1712454017.84875,1888303.43799376,844.2,-2.374317633754688e-07,845.5,ASK
437,1712454022.6518917,1888320.82435739,844.8,2.294934481299674e-09,845.5,BID
438,1712454026.6485274,1888620.82435739,844.2,-3.9598869495856393e-08,845.5,ASK
439,1712454030.1442604,1888620.82435739,844.2,-0.0,845.5,ASK
440,1712454035.7981613,1889155.31320655,844.2,-7.052602454645359e-08,845.5,ASK
441,1712454039.7384503,1889273.62839822,844.8,1.5611738439550993e-08,845.5,BID
442,1712454050.264986,1889410.7123234,844.8,1.8088280583132414e-08,845.5,BID
443,1712454052.1288347,1889422.54944461,844.8,1.561913035851115e-09,845.5,BID
444,1712454060.201899,1889422.54944461,844.8,0.0,845.5,BID
445,1712454064.818524,1889957.71924461,844.6,-7.060956892553779e-08,845.5,ASK
446,1712454065.460605,1889970.35970468,844.8,1.667764953408054e-09,845.5,BID
447,1712454067.328549,1890295.35970468,844.6,-4.288005395819866e-08,845.5,ASK
448,1712454069.5387468,1890528.18900468,844.6,-3.071917829859663e-08,845.5,ASK
449,1712454069.638522,1890941.10755868,844.6,-5.4479907310354654e-08,845.5,ASK
450,1712454077.4089828,1890941.10755916,844.6,-6.334331120278804e-17,845.5,ASK
451,1712454077.4133527,1891208.64865868,844.6,-3.5299005487540275e-08,845.5,ASK
452,1712454079.718277,1891878.78865868,844.6,-8.84173518755165e-08,845.5,ASK
453,1712454084.4985716,1895546.96887813,844.6,-4.839746638105061e-07,845.5,ASK
454,1712454085.648608,1895689.02298125,844.6,-1.8742423405443083e-08,845.5,ASK
455,1712454085.652094,1895948.36817813,844.6,-3.421764934157307e-08,845.5,ASK
456,1712454090.197939,1895948.36817813,844.6,-0.0,845.5,ASK
457,1712454096.6894257,1896054.56007691,844.6,-1.4000632021278006e-08,845.5,ASK
458,1712454096.694013,1896149.06777813,844.6,-1.2460155276976584e-08,845.5,ASK
459,1712454099.3010554,1897732.48377813,844.6,-2.0876192070446245e-07,845.5,ASK
460,1712454099.458038,1897964.32677813,844.6,-3.056681881568709e-08,845.5,ASK
461,1712454103.0982902,1898242.38887813,844.6,-3.666047208763427e-08,845.5,ASK
462,1712454104.080096,1899138.01357813,844.6,-1.1808162390829125e-07,845.5,ASK
463,1712454113.059893,1899384.76877813,844.6,-3.253288428045299e-08,845.5,ASK
464,1712454114.8887606,1903858.90866333,844.6,-5.898829088090586e-07,845.5,ASK
465,1712454114.8934767,1904104.46312976,844.6,-3.237457626391781e-08,845.5,ASK
466,1712454120.1527102,1904104.46312976,844.6,-0.0,845.5,ASK
467,1712454126.0628586,1904128.15139222,844.3,-3.1202917765830276e-09,845.5,ASK
468,1712454128.7942965,1904246.60673455,844.2,-1.5603306962172656e-08,845.5,ASK
469,1712454128.796457,1904305.83440571,844.2,-7.801653480411607e-09,845.5,ASK
470,1712454128.7998202,1904467.95139222,844.0,-2.1354554843561563e-08,845.5,ASK
471,1712454133.028292,1905490.66852893,844.0,-1.3471548944663348e-07,845.5,ASK
472,1712454134.7830656,1906490.66852893,843.9,-1.317231173812233e-07,845.5,ASK
473,1712454134.785239,1906904.63859786,843.9,-5.452942798197287e-08,845.5,ASK
474,1712454134.787297,1906993.55946928,843.9,-1.1712934383705878e-08,845.5,ASK
475,1712454135.4083776,1907679.33746298,843.8,-9.03328151616051e-08,845.5,ASK
476,1712454135.4180117,1907865.67219869,843.8,-2.4544592264119783e-08,845.5,ASK
477,1712454137.1988263,1908865.67219869,843.5,-1.317231173812233e-07,845.5,ASK
478,1712454137.8183572,1910474.04670854,843.4,-2.118601043539458e-07,845.5,ASK
479,1712454138.829369,1910710.88311068,843.3,-3.1196829199215287e-08,845.5,ASK
480,1712454138.8339531,1911148.1129452,843.3,-5.759327681505411e-08,845.5,ASK
481,1712454138.8380969,1911195.5344034,843.3,-6.24650230487869e-09,845.5,ASK
482,1712454150.1398857,1911195.5344034,843.3,-0.0,845.5,ASK
483,1712454152.63822,1911207.39257961,843.3,-1.560765977848335e-09,845.5,ASK
484,1712454152.641931,1911517.03146937,843.2,-4.0754483320131954e-08,845.5,ASK
485,1712454162.1581929,1912712.94530574,843.7,1.57405455543492e-07,845.5,BID
486,1712454171.0538268,1912736.65041419,843.7,3.120052031181637e-09,845.5,BID
487,1712454180.1980042,1912736.65041419,843.7,0.0,845.5,BID
488,1712454180.615131,1913921.90583673,843.7,1.5597591162984437e-07,845.5,BID
489,1712454208.1995542,1914514.5183411,843.3,-7.79859546343841e-08,845.5,ASK
490,1712454209.8083072,1915389.33872396,843.7,1.151236300075697e-07,845.5,BID
491,1712454210.1899571,1915389.33872396,843.7,0.0,845.5,BID
492,1712454213.138696,1915571.3973316,843.7,2.3951290662092545e-08,845.5,BID
493,1712454213.1436088,1915981.96643523,843.7,5.401370506668768e-08,845.5,BID
494,1712454213.419017,1915998.75666521,843.7,2.208891322113565e-09,845.5,BID
495,1712454219.1203935,1916397.87120806,843.2,-5.250676442705522e-08,845.5,ASK
496,1712454219.1243055,1919171.04068148,843.2,-3.6483300061522004e-07,845.5,ASK
497,1712454219.128739,1919905.99205718,843.2,-9.66888314158001e-08,845.5,ASK
498,1712454219.2391365,1919918.95591925,843.0,-1.7055015006653783e-09,845.5,ASK
499,1712454219.2440412,1919924.88759995,843.1,-7.80360843154458e-10,845.5,ASK
500,1712454219.249404,1919930.81998429,843.0,-7.804534127262092e-10,845.5,ASK
501,1712454219.2537615,1920035.20907088,843.0,-1.373323342013956e-08,845.5,ASK
502,1712454219.255973,1920042.3256644,843.1,-9.362457624455658e-10,845.5,ASK
503,1712454219.25819,1924237.37379815,843.0,-5.518927036485631e-07,845.5,ASK
504,1712454220.3286824,1924520.21535661,843.0,-3.721010759012885e-08,845.5,ASK
505,1712454220.3343654,1924758.21535661,843.0,-3.1310835842766765e-08,845.5,ASK
506,1712454220.338589,1925359.13400815,843.0,-7.905573635809977e-08,845.5,ASK
507,1712454228.0380614,1926476.86637747,843.2,1.4704678458792156e-07,845.5,BID
508,1712454231.4051154,1926536.15725853,843.1,-7.800197663182261e-09,845.5,ASK
509,1712454231.4094949,1927663.10599788,843.0,-1.48259273029425e-07,845.5,ASK
510,1712454238.6290076,1927676.3812454,843.0,-1.746466789382212e-09,845.5,ASK
511,1712454238.6387815,1927693.08160127,843.0,-2.19706765193199e-09,845.5,ASK
512,1712454238.6698933,1927752.29679205,843.0,7.790239991206075e-09,845.5,BID
513,1712454240.135111,1927752.29679205,843.0,0.0,845.5,BID
514,1712454247.9887743,1927811.70556331,843.0,-7.805004195154438e-09,845.5,ASK
515,1712454247.9928074,1928048.98163401,842.9,-3.1172850202759606e-08,845.5,ASK
516,1712454247.9967332,1928939.24041222,842.7,-1.1696039745158617e-07,845.5,ASK
517,1712454254.7381008,1928961.31975798,842.7,-2.900739783519139e-09,845.5,ASK
518,1712454270.129101,1928961.31975798,842.7,-0.0,845.5,ASK
519,1712454285.5073123,1929461.31975798,842.7,-6.568019649682049e-08,845.5,ASK
520,1712454285.5122347,1930728.44614318,842.7,-1.6645021993246237e-07,845.5,ASK
521,1712454291.860182,1930847.49376222,842.7,-1.563814202206796e-08,845.5,ASK
522,1712454300.1511624,1930847.49376222,842.7,-0.0,845.5,ASK
523,1712454300.4189732,1931217.988206,842.7,-4.8917829648649225e-08,845.5,ASK
524,1712454308.8484197,1931965.94306748,842.7,-9.875540406344573e-08,845.5,ASK
525,1712454308.852086,1933152.60498749,842.7,-1.5667961187575836e-07,845.5,ASK
526,1712454315.3086889,1933176.34949657,842.3,-3.135080349420382e-09,845.5,ASK
527,1712454315.3128312,1934044.46423211,842.1,-1.1462058193196413e-07,845.5,ASK
528,1712454315.3180635,1934163.14450744,842.6,-1.5669820664567538e-08,845.5,ASK
529,1712454315.3220365,1934351.9768712,842.3,-2.4932275119464107e-08,845.5,ASK
530,1712454316.9989257,1937170.93804694,842.1,-3.7219846315123794e-07,845.5,ASK
531,1712454317.0040014,1938086.32529866,842.0,-1.208621570281137e-07,845.5,ASK
532,1712454317.0089946,1938127.95475234,842.0,-5.496499495938909e-09,845.5,ASK
533,1712454330.1294518,1938127.95475234,842.0,-0.0,845.5,ASK
534,1712454356.0381458,1938139.8312369,842.7,1.5668300702373191e-09,845.5,BID
535,1712454360.1995218,1938139.8312369,842.7,0.0,845.5,BID
536,1712454378.4482837,1938149.8312369,842.7,1.319269177273659e-09,845.5,BID
537,1712454390.1930752,1938149.8312369,842.7,0.0,845.5,BID
538,1712454390.302178,1940308.23273871,842.7,2.847509407805761e-07,845.5,BID
539,1712454390.304674,1940552.64312157,842.7,3.2244272623789415e-08,845.5,BID
540,1712454403.658087,1940564.50974077,842.7,1.5655247544285214e-09,845.5,BID
541,1712454412.7389815,1940599.5919459,842.7,4.628282044398808e-09,845.5,BID
542,1712454412.7438896,1941649.07603718,842.7,1.384550474393081e-07,845.5,BID
543,1712454420.130036,1941649.07603718,842.7,0.0,845.5,BID
544,1712454450.1508267,1941649.07603718,842.7,0.0,845.5,BID
545,1712454474.8082452,1941749.07603718,842.7,1.3187546788027192e-08,845.5,BID
546,1712454475.008148,1944121.21380833,842.7,3.128267784468845e-07,845.5,BID
547,1712454480.2179697,1944121.21380833,842.7,0.0,845.5,BID
548,1712454481.24787,1944221.21380833,842.7,1.3183924738431569e-08,845.5,BID
549,1712454486.7682846,1944321.21380833,842.7,1.3183924738431569e-08,845.5,BID
550,1712454493.7185123,1944327.14782209,842.6,7.82335908080004e-10,845.5,BID
551,1712454495.4081838,1944339.01444129,842.6,1.56448614432164e-09,845.5,BID
552,1712454507.7375088,1944344.94845505,842.6,7.82335908080004e-10,845.5,BID
553,1712454510.2082212,1944344.94845505,842.6,0.0,845.5,BID
554,1712454520.998442,1944558.78958437,842.6,2.8191952787226333e-08,845.5,BID
555,1712454521.0083454,1944700.81134961,842.6,1.8723577232933763e-08,845.5,BID
556,1712454539.8980567,1944808.20088927,842.1,-1.4157804167793968e-08,845.5,ASK
557,1712454540.1400998,1944808.20088927,842.1,-0.0,845.5,ASK
558,1712454552.597978,1944926.82388927,842.6,-1.5637973686687157e-08,845.5,ASK
559,1712454553.7885797,1944926.8811646,842.6,-7.55056020033831e-12,845.5,ASK
560,1712454553.794073,1944936.63743195,842.1,-1.286160795986607e-09,845.5,ASK
561,1712454556.7484207,1947330.94427852,842.1,-3.156395257626801e-07,845.5,ASK
562,1712454561.5886743,1947357.6405659,842.1,-3.5193498695733567e-09,845.5,ASK
563,1712454570.1303604,1947357.6405659,842.1,-0.0,845.5,ASK
564,1712454570.6781006,1948171.54684403,842.1,-1.0726624366428389e-07,845.5,ASK
565,1712454570.6947837,1961861.81069788,842.1,-1.804265697211672e-06,845.5,ASK
566,1712454570.7000668,1964954.6194004,842.0,-4.076070928629331e-07,845.5,ASK
567,1712454570.704719,1964961.74444493,842.1,-9.390230585668371e-10,845.5,ASK
568,1712454570.707196,1965224.09039439,842.0,-3.457506754189294e-08,845.5,ASK
569,1712454570.7097588,1965401.55359878,841.7,-2.3388210454973853e-08,845.5,ASK
570,1712454570.712351,1965413.43290502,841.8,-1.565596177278207e-09,845.5,ASK
571,1712454570.714943,1965721.21369396,842.0,-4.0563010740605845e-08,845.5,ASK
572,1712454570.717533,1967762.52941809,841.9,-2.690288498121532e-07,845.5,ASK
573,1712454570.7203324,1968509.73182638,842.0,-9.847521483469908e-08,845.5,ASK
574,1712454570.7228944,1980387.62706334,841.9,-1.5654102185250536e-06,845.5,ASK
575,1712454574.8336604,1985137.65675102,842.2,6.260153725092753e-07,845.5,BID
576,1712454580.688468,1987387.62706334,842.2,2.965278315743947e-07,845.5,BID
577,1712454600.149282,1987387.62706334,842.2,0.0,845.5,BID
578,1712454626.3784423,1987805.14321834,842.6,5.48914128970245e-08,845.5,BID
579,1712454626.4221764,1988218.38899071,842.6,5.4329979924076094e-08,845.5,BID
580,1712454627.8719504,1988665.91543084,842.7,5.883690562231041e-08,845.5,BID
581,1712454627.8770509,1988861.46982755,842.7,2.5709800698934043e-08,845.5,BID
582,1712454630.1359088,1988861.46982755,842.7,0.0,845.5,BID
583,1712454641.958537,1988891.86638584,842.7,-3.995624184061962e-09,845.5,ASK
584,1712454641.9642138,1989509.98799425,842.7,-8.125201622108225e-08,845.5,ASK
585,1712454660.1911914,1989509.98799425,842.7,-0.0,845.5,ASK
586,1712454685.4681065,1990697.35441552,842.7,-1.5606797149934608e-07,845.5,ASK
587,1712454690.1908576,1990697.35441552,842.7,-0.0,845.5,ASK
588,1712454693.518129,1990883.68915123,842.7,-2.4488699975432533e-08,845.5,ASK
589,1712454705.0885422,1990891.31415323,842.7,1.0021018656506136e-09,845.5,BID
590,1712454710.9714174,1992076.85060847,843.5,1.5580694845592354e-07,845.5,BID
591,1712454720.1357532,1992076.85060847,843.5,0.0,845.5,BID
592,1712454721.4480877,1992088.70737868,843.4,1.558015993238223e-09,845.5,BID
593,1712454725.298149,1992996.57197436,843.4,1.192961940491255e-07,845.5,BID
594,1712454746.7889366,1993006.57197436,842.6,-1.3140306893426899e-09,845.5,ASK
595,1712454750.138068,1993006.57197436,842.6,-0.0,845.5,ASK
596,1712454762.6712143,1993058.12351795,842.6,-6.7733331413085395e-09,845.5,ASK
597,1712454763.088318,1993176.6912201,843.4,1.5578554792580488e-08,845.5,BID
598,1712454768.548193,1993378.91435452,842.6,-2.6570002814954764e-08,845.5,ASK
599,1712454771.2996662,2005488.00683223,843.4,1.591007983049398e-06,845.5,BID
600,1712454772.469041,2005606.57453438,843.4,1.557855479261108e-08,845.5,BID
601,1712454780.200652,2005606.57453438,843.4,0.0,845.5,BID
602,1712454810.1981127,2005606.57453438,843.4,0.0,845.5,BID
603,1712454840.132324,2005606.57453438,843.4,0.0,845.5,BID
604,1712454857.8286977,2005615.24105717,843.0,1.1371027099660221e-09,845.5,BID
605,1712454864.297899,2005635.40713071,842.9,2.645916641240901e-09,845.5,BID
606,1712454870.1214714,2005635.40713071,842.9,0.0,845.5,BID
607,1712454881.278462,2005643.40713071,842.9,1.0496473490158418e-09,845.5,BID
608,1712454892.8389566,2005735.6310287,842.6,-1.210032125511778e-08,845.5,ASK
609,1712454892.8433726,2005781.77332635,842.6,-6.054142550726345e-09,845.5,ASK
610,1712454900.1586394,2005781.77332635,842.6,-0.0,845.5,ASK
611,1712454930.1415875,2005781.77332635,842.6,-0.0,845.5,ASK
612,1712454931.908539,2005981.77332635,842.6,2.63607251043264e-08,845.5,BID
613,1712454931.9142234,2006081.21925912,842.6,1.3107334482485965e-08,845.5,BID
614,1712454938.2090962,2007141.01013662,842.6,1.3968427994923205e-07,845.5,BID
615,1712454949.4981213,2007378.20178747,843.2,3.126271952549106e-08,845.5,BID
616,1712454950.017952,2007460.20178747,842.6,-1.0807897292773822e-08,845.5,ASK
617,1712454950.1584938,2007677.12473772,842.6,2.8591231301811334e-08,845.5,BID
618,1712454960.2024107,2007677.12473772,842.6,0.0,845.5,BID
619,1712454976.59839,2009338.64859246,842.8,-2.189487765584826e-07,845.5,ASK
620,1712454990.1910567,2009338.64859246,842.8,-0.0,845.5,ASK
621,1712455006.2784712,2010216.94347594,843.2,1.1571673242967028e-07,845.5,BID
622,1712455018.3986514,2010230.29161963,843.2,-1.758638927386384e-09,845.5,ASK
623,1712455020.2252295,2010230.29161963,843.2,-0.0,845.5,ASK
624,1712455036.7684078,2011599.00319397,843.2,-1.803120420096682e-07,845.5,ASK
625,1712455039.1585398,2012321.30653051,843.2,9.515517513229665e-08,845.5,BID
626,1712455046.6688151,2012783.77608266,843.2,-6.092505600069372e-08,845.5,ASK
627,1712455050.1426923,2012783.77608266,843.2,-0.0,845.5,ASK
628,1712455080.2028544,2012783.77608266,843.2,-0.0,845.5,ASK
629,1712455096.5786955,2012795.6356652,843.2,1.561920861523023e-09,845.5,BID
630,1712455104.0487502,2016588.54234279,843.2,4.995302360446658e-07,845.5,BID
631,1712455108.4879436,2017249.76445704,843.1,-8.708372414244597e-08,845.5,ASK
632,1712455110.194169,2017249.76445704,843.1,-0.0,845.5,ASK
633,1712455125.468263,2017898.04302846,843.2,8.53367224495589e-08,845.5,BID
634,1712455133.3588011,2017905.02298816,843.4,9.188131613319041e-10,845.5,BID
635,1712455140.1482315,2017905.02298816,843.4,0.0,845.5,BID
636,1712455140.4088526,2017955.24839662,843.4,-6.610985190062509e-09,845.5,ASK
637,1712455170.138187,2017955.24839662,843.4,-0.0,845.5,ASK
638,1712455173.3184795,2018310.95150309,843.4,-4.681962635189407e-08,845.5,ASK
639,1712455185.9985068,2021867.56086882,843.5,4.6814075714877546e-07,845.5,BID
640,1712455200.309313,2021867.56086882,843.5,0.0,845.5,BID
641,1712455200.3982267,2022238.5046687,843.4,-4.887731668300257e-08,845.5,ASK
642,1712455202.7293158,2022636.65077483,843.5,5.2461621738143095e-08,845.5,BID
643,1712455202.734141,2024561.56234917,843.5,2.536354904333272e-07,845.5,BID
644,1712455204.938355,2024573.41490339,843.7,1.561748831766508e-09,845.5,BID
645,1712455208.858318,2024691.94044564,843.7,1.5617488324230372e-08,845.5,BID
646,1712455209.9584007,2024905.63044564,843.5,-2.815680921308149e-08,845.5,ASK
647,1712455222.973933,2025145.13673068,843.5,3.1558485531367607e-08,845.5,BID
648,1712455230.1982987,2025145.13673068,843.5,0.0,845.5,BID
649,1712455260.1387165,2025145.13673068,843.5,0.0,845.5,BID
650,1712455271.928362,2035705.30325265,843.7,1.390950995476819e-06,845.5,BID
651,1712455272.0884502,2035826.3166455,843.8,1.5939492895365424e-08,845.5,BID
652,1712455272.729389,2036103.54494246,843.9,3.65156150548021e-08,845.5,BID
653,1712455272.735478,2037892.87259861,844.0,2.356844543481281e-07,845.5,BID
654,1712455275.918377,2038004.90042259,843.9,-1.4755942812281665e-08,845.5,ASK
655,1712455290.1424513,2038004.90042259,843.9,-0.0,845.5,ASK
656,1712455303.528738,2038123.39787489,843.9,-1.558582637506664e-08,845.5,ASK
657,1712455316.840223,2038137.89234586,843.9,-1.9064402107599703e-09,845.5,ASK
658,1712455316.8463924,2038321.70585572,843.7,-2.4176768314160292e-08,845.5,ASK
659,1712455316.850464,2044633.70585572,843.5,-8.302097148090257e-07,845.5,ASK
660,1712455316.8533912,2045310.03317333,843.6,-8.895651290723749e-08,845.5,ASK
661,1712455316.8561804,2049202.57203247,843.9,-5.119809214400786e-07,845.5,ASK
662,1712455316.858979,2050111.42069485,843.5,-1.195397637514224e-07,845.5,ASK
663,1712455316.8617802,2050428.84173371,843.4,-4.175000477603557e-08,845.5,ASK
664,1712455316.8646028,2053888.58031128,843.9,-4.550552246194915e-07,845.5,ASK
665,1712455316.867421,2054288.58031128,843.5,-5.261151551387996e-08,845.5,ASK
666,1712455320.19416,2054288.58031128,843.5,-0.0,845.5,ASK
667,1712455331.6895688,2054372.98401923,843.4,-1.1081493343074152e-08,845.5,ASK
668,1712455331.7177196,2055663.04319828,843.5,-1.693738646328171e-07,845.5,ASK
669,1712455335.7355497,2055663.04319853,843.4,-3.2830778716609795e-17,845.5,ASK
670,1712455339.088319,2056256.77052267,843.4,-7.795137855745508e-08,845.5,ASK
671,1712455345.129103,2057441.74504571,843.4,1.555771376368091e-07,845.5,BID
672,1712455346.3487148,2057733.59304571,843.4,3.831717524908716e-08,845.5,BID
673,1712455350.7313294,2058443.81835903,843.4,9.324657971554597e-08,845.5,BID
674,1712455350.7346585,2059710.69801072,843.4,1.663305886396813e-07,845.5,BID
675,1712455350.7643423,2060894.66601072,844.0,1.5544498967033114e-07,845.5,BID
676,1712455350.7904162,2060894.66601072,844.0,0.0,845.5,BID
677,1712455355.6285594,2061013.14942304,844.0,1.5544497913065882e-08,845.5,BID
678,1712455358.7382472,2061042.19532979,843.2,-3.810694071160451e-09,845.5,ASK
679,1712455358.743796,2061276.99840175,843.4,-3.080512107641606e-08,845.5,ASK
680,1712455360.418151,2061568.83740175,843.2,3.8287981731964265e-08,845.5,BID
681,1712455367.269281,2061618.31640175,843.2,6.491425231440299e-09,845.5,BID
682,1712455367.4507034,2061665.88897086,843.2,6.241309958660261e-09,845.5,BID
683,1712455380.1401825,2061665.88897086,843.2,0.0,845.5,BID
684,1712455385.5788884,2063761.07004063,843.1,-2.748550041565914e-07,845.5,ASK
685,1712455385.5853877,2064284.76134086,843.1,-6.870011216611614e-08,845.5,ASK
686,1712455410.1469178,2064284.76134086,843.1,-0.0,845.5,ASK
687,1712455422.032313,2064450.26813961,843.7,2.170561770712537e-08,845.5,BID
688,1712455431.0651574,2067179.16853848,843.7,-3.578854117537339e-07,845.5,ASK
689,1712455435.598306,2068364.42396102,843.7,-1.5544195937115425e-07,845.5,ASK
690,1712455440.1932063,2068364.42396102,843.7,-0.0,845.5,ASK
691,1712455462.3209054,2068376.26528724,844.5,1.5522463860302196e-09,845.5,BID
692,1712455470.18816,2068376.26528724,844.5,0.0,845.5,BID
693,1712455494.5185847,2068494.6084825,844.5,1.5513258644965228e-08,845.5,BID
694,1712455494.5229497,2068494.62248927,844.5,1.8361059548111583e-12,845.5,BID
695,1712455495.2185457,2071372.47248927,843.4,-3.772488252773002e-07,845.5,ASK
696,1712455495.2314851,2073199.93027073,843.4,-2.395560231769311e-07,845.5,ASK
697,1712455500.1341803,2073199.93027073,843.4,-0.0,845.5,ASK
698,1712455501.9288733,2073236.73995266,843.7,-4.844347441672786e-09,845.5,ASK
699,1712455502.3123066,2079157.40306692,844.5,7.791903571785235e-07,845.5,BID
700,1712455509.018344,2079224.87892644,843.7,-8.880177450682118e-09,845.5,ASK
701,1712455509.4385152,2079334.57697262,844.5,1.443683893769556e-08,845.5,BID
702,1712455515.851635,2082930.61199241,844.5,4.732570925624678e-07,845.5,BID
703,1712455519.9784372,2082966.13597109,844.4,4.675142142357801e-09,845.5,BID
704,1712455530.1200805,2082966.13597109,844.4,0.0,845.5,BID
705,1712455530.3412058,2083084.61938341,844.0,-1.5576132752989545e-08,845.5,ASK
706,1712455530.3442357,2083719.0408798,843.7,-8.340267431214955e-08,845.5,ASK
707,1712455536.318455,2083939.01081878,843.8,-2.8917811397634496e-08,845.5,ASK
708,1712455539.4487655,2084162.11954743,843.7,-2.93304447243382e-08,845.5,ASK
709,1712455539.4587238,2084228.15050641,843.7,-8.680598935680947e-09,845.5,ASK
710,1712455546.848404,2084234.07678353,843.7,-7.79083564045455e-10,845.5,ASK
711,1712455560.1905243,2084234.07678353,843.7,-0.0,845.5,ASK
712,1712455575.902452,2084376.2685437,844.4,1.869026424443305e-08,845.5,BID
713,1712455581.6383495,2084387.52255643,843.8,-1.479273281952939e-09,845.5,ASK
714,1712455587.1236508,2086222.67764538,843.8,-2.4122026129343453e-07,845.5,ASK
715,1712455587.518924,2090388.01102429,843.8,5.4750838884678e-07,845.5,BID
716,1712455590.3061895,2090388.01102429,843.8,0.0,845.5,BID
717,1712455595.808457,2090502.22185011,843.8,-1.500209641593789e-08,845.5,ASK
718,1712455620.2555969,2090502.22185011,843.8,-0.0,845.5,ASK
719,1712455624.2100687,2090824.50611126,844.4,4.233292527912205e-08,845.5,BID
720,1712455624.2138972,2094514.76996511,844.4,4.847263202609378e-07,845.5,BID
721,1712455624.217561,2126026.94449186,844.5,4.139210909224187e-06,845.5,BID
722,1712455624.4684951,2132241.73947886,844.5,-8.163304372075529e-07,845.5,ASK
723,1712455624.528269,2134287.42686286,844.5,-2.687066717508631e-07,845.5,ASK
724,1712455624.5484126,2136333.11424686,844.5,-2.687066717508631e-07,845.5,ASK
725,1712455624.5549774,2138378.80163086,844.5,-2.687066717508631e-07,845.5,ASK
726,1712455624.568021,2140424.48901486,844.5,-2.68706671750802e-07,845.5,ASK
727,1712455624.648162,2140502.22185011,844.5,-1.0210421987870888e-08,845.5,ASK
728,1712455630.408754,2141037.55904919,844.6,7.031801542808948e-08,845.5,BID
729,1712455630.4154909,2142788.34438349,844.6,2.2997047535680854e-07,845.5,BID
730,1712455650.2223494,2142788.34438349,844.6,0.0,845.5,BID
731,1712455656.028417,2142949.26138609,843.9,-2.1015005667240984e-08,845.5,ASK
732,1712455680.2853036,2142949.26138609,843.9,-0.0,845.5,ASK
733,1712455707.4984772,2142961.26138609,844.6,1.567115915087221e-09,845.5,BID
734,1712455710.3443952,2142961.26138609,844.6,0.0,845.5,BID
735,1712455713.9722693,2144602.9686556,844.5,2.1439518205984225e-07,845.5,BID
736,1712455737.0331666,2145951.73701182,844.4,1.7613946326410297e-07,845.5,BID
737,1712455738.318658,2147332.12545331,844.4,1.8026881937048272e-07,845.5,BID
738,1712455740.2647486,2147332.12545331,844.4,0.0,845.5,BID
739,1712455747.4249372,2147871.10708138,844.0,-7.035321997049576e-08,845.5,ASK
740,1712455753.5187254,2150746.25708138,844.0,-3.752930524226493e-07,845.5,ASK
741,1712455753.5235531,2172960.41608155,844.0,-2.8996120335203794e-06,845.5,ASK
742,1712455758.258644,2173814.95016989,844.4,1.1154225219984373e-07,845.5,BID
743,1712455761.129567,2174427.83109406,844.5,7.99992879687479e-08,845.5,BID
744,1712455761.133593,2174531.9254336,844.6,1.3587424108585097e-08,845.5,BID
745,1712455761.1374743,2174765.19124029,844.8,3.0448163267532555e-08,845.5,BID
746,1712455761.1417024,2174884.09730449,844.6,1.5520797101051734e-08,845.5,BID
747,1712455761.1463134,2174905.03250639,844.7,2.732669886498328e-09,845.5,BID
748,1712455770.21894,2174905.03250639,844.7,0.0,845.5,BID
749,1712455796.1218204,2175203.10212279,844.8,3.878916615033147e-08,845.5,BID
750,1712455800.250773,2175203.10212279,844.8,0.0,845.5,BID
751,1712455800.3477633,2175318.10212279,844.7,1.5031799686626795e-08,845.5,BID
752,1712455802.5590594,2175436.69794822,844.9,1.5501814708991368e-08,845.5,BID
753,1712455824.393622,2175448.69794822,845.3,1.5685356194741003e-09,845.5,BID
754,1712455824.987838,2175566.69794822,845.3,1.542393359149532e-08,845.5,BID
755,1712455830.2282145,2175566.69794822,845.3,0.0,845.5,BID
756,1712455831.5023415,2175625.84854564,845.3,7.731341100813482e-09,845.5,BID
757,1712455833.768583,2175818.43890472,845.3,2.5172725614490744e-08,845.5,BID
758,1712455837.848935,2176468.43890472,845.3,-8.49589342248036e-08,845.5,ASK
759,1712455839.2885306,2177606.77100472,845.3,-1.487868953998497e-07,845.5,ASK
760,1712455848.289749,2177677.01406195,845.4,9.181192736853133e-09,845.5,BID
761,1712455848.2952533,2177737.13193195,845.4,7.857769481603016e-09,845.5,BID
762,1712455848.3034675,2177925.54706053,845.4,2.4626997716940242e-08,845.5,BID
763,1712455848.4084566,2181035.08756053,845.4,-4.064357643212822e-07,845.5,ASK
764,1712455849.919278,2181035.08760109,845.4,-5.3014413445391634e-15,845.5,ASK
765,1712455849.9265585,2183107.97256053,845.4,-2.709386106533318e-07,845.5,ASK
766,1712455851.1006262,2183107.97257053,845.3,-1.3070704791391532e-15,845.5,ASK
767,1712455851.1121051,2184212.26759513,844.6,-1.4433804363039858e-07,845.5,ASK
768,1712455851.1151595,2184212.26766053,845.4,-8.548149636446957e-15,845.5,ASK
769,1712455860.3193583,2184212.26766053,845.4,-0.0,845.5,ASK
770,1712455862.529356,2184212.26775334,844.6,-1.2119255225357364e-14,845.5,ASK
771,1712455862.535942,2184390.26829804,844.6,-2.3243546709128854e-08,845.5,ASK
772,1712455869.4889836,2186046.59381749,844.6,-2.162851784621097e-07,845.5,ASK
773,1712455869.6884089,2187827.55376787,844.6,2.325601074055299e-07,845.5,BID
774,1712455885.260725,2187988.63537376,844.7,-2.1034249287190066e-08,845.5,ASK
775,1712455889.1886644,2188560.99054511,844.4,-7.47388957819205e-08,845.5,ASK
776,1712455889.198087,2188584.67039355,844.6,-3.092145949366232e-09,845.5,ASK
777,1712455890.268571,2188584.67039355,844.6,-0.0,845.5,ASK
778,1712455901.598343,2189765.96639355,845.1,1.5418084679501217e-07,845.5,BID
779,1712455902.5504746,2190092.30547862,845.1,4.259325053025719e-08,845.5,BID
780,1712455906.5183804,2191273.53547862,845.1,1.5417223258155073e-07,845.5,BID
781,1712455920.2270622,2191273.53547862,845.1,0.0,845.5,BID
782,1712455923.9085846,2192456.82739673,845.1,1.5439555943707362e-07,845.5,BID
783,1712455947.7788336,2192752.25834687,844.9,-3.854773798739412e-08,845.5,ASK
784,1712455947.8868344,2194344.92835487,844.9,-2.078110845855757e-07,845.5,ASK
785,1712455947.9583669,2194344.92835542,844.9,-7.175677953231798e-17,845.5,ASK
786,1712455950.271556,2194344.92835542,844.9,-0.0,845.5,ASK
787,1712455953.2015312,2195128.23028945,844.9,-1.0217039361652065e-07,845.5,ASK
788,1712455953.2382808,2195478.63301451,844.9,-4.570496099696244e-08,845.5,ASK
789,1712455953.8886712,2195488.63301451,844.9,-1.3043551812884931e-09,845.5,ASK
790,1712455955.4486914,2196688.63301451,845.0,1.5652262175461917e-07,845.5,BID
791,1712455957.1425216,2212450.24609055,844.4,-2.055874168119731e-06,845.5,ASK
792,1712455957.5185769,2212627.70145092,844.9,-2.3146481874631642e-08,845.5,ASK
793,1712455972.3183384,2212639.53577044,845.0,1.5436155982688218e-09,845.5,BID
794,1712455979.9482825,2212757.89297247,844.9,-1.5437982971036162e-08,845.5,ASK
795,1712455980.2909307,2212757.89297247,844.9,-0.0,845.5,ASK
796,1712455982.098993,2212824.28725996,844.4,-8.642644381369923e-09,845.5,ASK
797,1712455982.1042674,2215042.25099244,844.4,-2.88715678941592e-07,845.5,ASK
798,1712455982.1109917,2217682.64099244,844.4,-3.437035422883511e-07,845.5,ASK
799,1712455985.788438,2217688.5647704,844.4,7.71107097309374e-10,845.5,BID
800,1712455999.4788373,2217700.40189161,844.8,1.5408558926503507e-09,845.5,BID
801,1712456002.0363717,2218206.84880477,844.8,6.592495731088472e-08,845.5,BID
802,1712456002.048308,2219387.83180477,844.8,1.5373033547406934e-07,845.5,BID
803,1712456002.222945,2219536.46233845,844.8,1.9347460381981613e-08,845.5,BID
804,1712456002.226142,2219660.87965832,844.8,1.6195589879289656e-08,845.5,BID
805,1712456010.2888098,2219660.87965832,844.8,0.0,845.5,BID
806,1712456011.5483592,2222028.24169023,844.4,-3.079294061505163e-07,845.5,ASK
807,1712456011.632465,2222271.4832384,844.4,3.1639109046049166e-08,845.5,BID
808,1712456011.649084,2223320.8782001,844.4,1.36497740108154e-07,845.5,BID
809,1712456011.6896784,2223564.71086869,844.8,3.1715997733791564e-08,845.5,BID
810,1712456011.729009,2223574.71086869,845.1,1.3007279917472694e-09,845.5,BID
811,1712456011.732592,2223809.53610697,845.1,3.0544376059951615e-08,845.5,BID
812,1712456011.7359676,2223888.75193223,844.8,1.0303824130463334e-08,845.5,BID
813,1712456012.1888402,2223943.75193223,844.4,-7.154003954609981e-09,845.5,ASK
814,1712456016.318618,2223955.58485141,845.1,1.539140920141491e-09,845.5,BID
815,1712456029.8590226,2228881.32899023,844.4,-6.407053281548347e-07,845.5,ASK
816,1712456029.8648498,2229141.86444735,844.4,-3.3888576191901466e-08,845.5,ASK
817,1712456030.3000195,2229316.49723668,844.4,2.27149757357948e-08,845.5,BID
818,1712456030.8383243,2229583.50922869,844.4,3.4730997213997975e-08,845.5,BID
819,1712456031.6983235,2230765.39922869,844.4,1.5373174061663498e-07,845.5,BID
820,1712456033.0093017,2233712.7467355,844.3,-3.833697403514266e-07,845.5,ASK
821,1712456033.0150468,2234505.3040757,844.3,-1.0309015174629804e-07,845.5,ASK
822,1712456033.1685405,2234670.83785398,844.4,2.153144189879021e-08,845.5,BID
823,1712456034.5983057,2235026.11971091,844.4,4.6212505626925364e-08,845.5,BID
824,1712456035.3385348,2236896.07213442,844.3,-2.43229946049468e-07,845.5,ASK
1025,1712456037.5965211,2237037.44723442,844.4,1.8389054990645412e-08,845.5,BID
825,1712456037.5965211,2237037.44723442,844.4,1.838905499064541e-08,845.5,BID
826,1712456037.648574,2237972.42344617,844.3,-1.21614973024098e-07,845.5,ASK
827,1712456037.7340305,2237980.2280277,844.4,1.0151637659849138e-09,845.5,BID
828,1712456040.229086,2237980.2280277,844.4,0.0,845.5,BID
829,1712456041.0190449,2238121.59344617,844.4,-1.835087313053312e-08,845.5,ASK
830,1712456043.6686442,2238355.33749911,844.3,-3.0342692767041575e-08,845.5,ASK
831,1712456060.6685612,2238485.68719708,844.4,1.6920904673413767e-08,845.5,BID
832,1712456070.249074,2238485.68719708,844.4,0.0,845.5,BID
833,1712456100.2606685,2238485.68719708,844.4,0.0,845.5,BID
834,1712456107.6284957,2239342.09831868,844.3,-1.1147328952624169e-07,845.5,ASK
835,1712456115.0474305,2239460.83410067,844.0,-1.5455040072532263e-08,845.5,ASK
836,1712456115.0546243,2239799.04529668,844.0,-4.402268212419928e-08,845.5,ASK
1036,1712456115.0546243,2239799.04529668,844.0,-4.4022682124199284e-08,845.5,ASK
837,1712456115.2185106,2239799.04529735,844.0,-8.716006372181227e-17,845.5,ASK
838,1712456129.1592202,2240299.04529735,844.2,6.508164520209663e-08,845.5,BID
839,1712456130.2882814,2240299.04529735,844.2,0.0,845.5,BID
840,1712456133.794309,2240730.75600602,843.9,-5.61816916905613e-08,845.5,ASK
841,1712456141.180347,2240747.34564934,843.9,2.1589323765796164e-09,845.5,BID
842,1712456142.2686863,2243123.34903973,843.8,-3.092068073682115e-07,845.5,ASK
843,1712456142.3689685,2247287.13026845,843.8,-5.418634946058793e-07,845.5,ASK
844,1712456143.729105,2248400.42845489,843.7,-1.4488168630998485e-07,845.5,ASK
845,1712456158.648763,2248512.45627888,843.7,1.4579005203665053e-08,845.5,BID
846,1712456159.3682735,2248712.45627888,843.9,2.6027471898300884e-08,845.5,BID
847,1712456160.263069,2248712.45627888,843.9,0.0,845.5,BID
848,1712456160.9586227,2249488.92555101,843.7,-1.0095439223423637e-07,845.5,ASK
849,1712456161.898237,2249550.15808291,843.7,-7.961284837425781e-09,845.5,ASK
850,1712456190.2616267,2249550.15808291,843.7,-0.0,845.5,ASK
851,1712456193.06913,2249719.25772682,843.7,-2.1983848957703266e-08,845.5,ASK
852,1712456193.076555,2249908.02519492,843.7,-2.4540770227987832e-08,845.5,ASK
853,1712456212.3797402,2250263.55968176,843.8,4.6221365564147946e-08,845.5,BID
854,1712456220.3062763,2250263.55968176,843.8,0.0,845.5,BID
855,1712456235.5407913,2250331.52759398,843.8,8.835497008526588e-09,845.5,BID
856,1712456235.7285988,2254580.47440798,843.7,-5.523423574202179e-07,845.5,ASK
857,1712456235.769077,2258075.0829773,843.7,-4.54282065635417e-07,845.5,ASK
858,1712456235.7762074,2258134.34574842,843.7,-7.703871133365573e-09,845.5,ASK
859,1712456244.1919997,2258142.68006934,843.6,1.0834210607934994e-09,845.5,BID
860,1712456245.0356476,2258150.52399381,843.6,1.0196719147074682e-09,845.5,BID
861,1712456250.337036,2258150.52399381,843.6,0.0,845.5,BID
862,1712456279.943116,2258743.15170509,843.7,7.697212904069706e-08,845.5,BID
863,1712456280.2208304,2259335.18708409,843.7,-7.689519528311869e-08,845.5,ASK
864,1712456280.225695,2259335.18708409,843.7,-0.0,845.5,ASK
865,1712456281.989565,2259924.50243038,843.6,-7.653693948389066e-08,845.5,ASK
866,1712456281.9968295,2259924.50243109,843.7,-9.222811222605595e-17,845.5,ASK
867,1712456282.0124812,2259924.50243186,843.6,-1.000297033586207e-16,845.5,ASK
868,1712456284.6409414,2260226.47126867,843.6,-3.921800227068391e-08,845.5,ASK
869,1712456294.938754,2260368.13789246,843.6,-1.8398858743710127e-08,845.5,ASK
870,1712456310.2171075,2260368.13789246,843.6,-0.0,845.5,ASK
871,1712456311.4751132,2260379.99185168,843.5,1.539251031446296e-09,845.5,BID
872,1712456315.1185887,2260386.41669757,843.5,8.342740581225013e-10,845.5,BID
873,1712456317.8891213,2260486.86142505,843.6,1.30428701084145e-08,845.5,BID
874,1712456317.896514,2260498.58261994,843.5,1.5220114215990647e-09,845.5,BID
875,1712456340.2699535,2260498.58261994,843.5,0.0,845.5,BID
876,1712456357.4791777,2260921.91180676,843.3,-5.49690246725087e-08,845.5,ASK
877,1712456357.4878993,2260929.02671194,843.3,-9.238658957508379e-10,845.5,ASK
878,1712456370.282579,2260929.02671194,843.3,-0.0,845.5,ASK
879,1712456371.0889838,2260938.50987931,843.6,1.23132519150277e-09,845.5,BID
880,1712456371.5499964,2260938.50987985,843.3,-7.007658339756586e-17,845.5,ASK
881,1712456372.410725,2262292.16167509,843.3,1.757625370210703e-07,845.5,BID
882,1712456372.4210956,2265175.56375613,843.8,3.743902728881328e-07,845.5,BID
883,1712456372.4251175,2265675.56375613,843.3,6.492162077393485e-08,845.5,BID
884,1712456372.429105,2267991.71535502,843.6,3.0073663151613893e-07,845.5,BID
885,1712456372.433102,2268594.66557877,843.8,7.828901154370933e-08,845.5,BID
886,1712456372.4372623,2272796.68609235,843.9,5.456039645338949e-07,845.5,BID
887,1712456397.6490774,2272846.88566191,843.2,-6.5180748359335115e-09,845.5,ASK
888,1712456397.6580043,2272941.76232224,843.2,-1.231909312451208e-08,845.5,ASK
889,1712456400.265514,2272941.76232224,843.2,-0.0,845.5,ASK
890,1712456429.938611,2272947.76232224,843.2,-7.828848711251014e-10,845.5,ASK
891,1712456430.2416575,2272947.76232224,843.2,-0.0,845.5,ASK
892,1712456448.329391,2273007.38914324,843.2,-7.780150876481403e-09,845.5,ASK
893,1712456454.978876,2275050.42230024,843.4,2.665764489956388e-07,845.5,BID
894,1712456455.7585096,2277767.38914324,843.4,3.545118054322028e-07,845.5,BID
895,1712456457.0385427,2277867.38914324,843.2,-1.3048072572013478e-08,845.5,ASK
896,1712456457.0488043,2282129.35146958,843.2,-5.561039373327056e-07,845.5,ASK
897,1712456457.052812,2282213.52507902,843.2,-1.0983033646181673e-08,845.5,ASK
898,1712456457.1204066,2285903.78893287,843.2,4.815083057491696e-07,845.5,BID
899,1712456457.128126,2287767.38914324,843.2,2.431639079012774e-07,845.5,BID
900,1712456460.2877936,2287767.38914324,843.2,0.0,845.5,BID
901,1712456465.6386237,2288017.38914324,843.6,3.256707756845272e-08,845.5,BID
902,1712456478.6687806,2288023.38914324,843.2,7.81609861642865e-10,845.5,BID
903,1712456484.0885973,2288612.7044903,843.1,-7.676911447988242e-08,845.5,ASK
904,1712456489.2088044,2288812.7044903,843.1,-2.6053662054762177e-08,845.5,ASK
905,1712456490.2844334,2288812.7044903,843.1,-0.0,845.5,ASK
906,1712456505.548949,2288822.18765767,843.6,1.2352143589456563e-09,845.5,BID
907,1712456520.2847235,2288822.18765767,843.6,0.0,845.5,BID
908,1712456531.5188425,2289003.72900224,843.2,-2.3646344426088432e-08,845.5,ASK
909,1712456550.258216,2289003.72900224,843.2,-0.0,845.5,ASK
910,1712456550.5685334,2289063.35582325,843.2,-7.766430495383076e-09,845.5,ASK
911,1712456567.448452,2289498.7549015,843.2,-5.6711000548227534e-08,845.5,ASK
912,1712456567.4583514,2289656.33495039,843.2,-2.0524899305947448e-08,845.5,ASK
913,1712456570.5484946,2290037.36031786,843.6,4.9628790925174046e-08,845.5,BID
914,1712456580.3127828,2290037.36031786,843.6,0.0,845.5,BID
915,1712456581.5684435,2290096.63011397,843.6,7.719051352937633e-09,845.5,BID
1116,1712456594.8383417,2290260.74960251,843.6,2.1374238536319252e-08,845.5,BID
916,1712456594.8383417,2290260.74960251,843.6,2.137423853631925e-08,845.5,BID
917,1712456610.3003633,2290260.74960251,843.6,0.0,845.5,BID
918,1712456617.3985264,2290446.85178302,843.6,2.4236577927283613e-08,845.5,BID
919,1712456617.4086845,2290746.85178302,843.6,3.906979143536207e-08,845.5,BID
920,1712456640.28342,2290746.85178302,843.6,0.0,845.5,BID
921,1712456670.2520018,2290746.85178302,843.6,0.0,845.5,BID
922,1712456673.8985572,2291330.86801617,843.6,-7.605391306829284e-08,845.5,ASK
923,1712456676.848914,2291336.79288878,843.9,7.715705846230661e-10,845.5,BID
924,1712456685.549315,2291455.29034108,843.9,1.5431411704832096e-08,845.5,BID
925,1712456690.1689503,2292074.36013607,843.9,8.061878711385607e-08,845.5,BID
926,1712456692.8382764,2292383.74039439,843.9,4.028925556475589e-08,845.5,BID
927,1712456700.2398877,2292383.74039439,843.9,0.0,845.5,BID
928,1712456730.2261724,2292383.74039439,843.9,0.0,845.5,BID
929,1712456730.9700644,2295016.56565408,843.9,3.4405991287488945e-07,845.5,BID
930,1712456730.9777987,2307814.290503,843.9,1.6724179017619903e-06,845.5,BID
931,1712456730.9829202,2310037.64379454,843.9,2.9054975713332615e-07,845.5,BID
932,1712456731.076673,2310073.18881823,844.0,4.645054854628286e-09,845.5,BID
933,1712456731.2699063,2310108.73384192,844.1,4.645054854628286e-09,845.5,BID
934,1712456731.2778063,2310144.27886561,844.2,4.645054854628286e-09,845.5,BID
935,1712456731.2837934,2310340.05185505,844.4,2.55837858749522e-08,845.5,BID
936,1712456731.287878,2310601.33367392,844.6,3.4144537129971164e-08,845.5,BID
937,1712456750.5591924,2312637.07878652,844.6,2.6603295585181337e-07,845.5,BID
938,1712456755.7187047,2313821.07120897,844.6,-1.547251676553731e-07,845.5,ASK
939,1712456760.292987,2313821.07120897,844.6,-0.0,845.5,ASK
940,1712456763.948882,2313896.73433774,844.6,-9.864399847748054e-09,845.5,ASK
941,1712456790.300522,2313896.73433774,844.6,-0.0,845.5,ASK
942,1712456799.3885276,2315005.06363142,844.6,1.4449458284784305e-07,845.5,BID
943,1712456820.2519982,2315005.06363142,844.6,0.0,845.5,BID
944,1712456829.1889546,2315013.45025475,845.1,1.093243473446704e-09,845.5,BID
945,1712456835.1889622,2315021.8571484,845.1,1.09588582356848e-09,845.5,BID
1145,1712456835.1889622,2315021.8571484,845.1,1.0958858235684801e-09,845.5,BID
946,1712456839.3486693,2315140.18634021,845.1,1.542487501525629e-08,845.5,BID
1147,1712456842.898585,2315148.59323386,845.1,1.0958858235684801e-09,845.5,BID
947,1712456842.898585,2315148.59323386,845.1,1.09588582356848e-09,845.5,BID
948,1712456848.6287522,2315257.65596672,845.1,1.4216940025153743e-08,845.5,BID
949,1712456850.0916982,2315266.01542335,845.1,1.0897021414598742e-09,845.5,BID
950,1712456850.2294805,2315266.01542335,845.1,0.0,845.5,BID
951,1712456852.9792142,2315272.01542335,845.1,7.821112288923753e-10,845.5,BID
952,1712456856.1787698,2315280.43647598,845.1,1.0976999701771907e-09,845.5,BID
953,1712456857.0198832,2315822.66709957,845.1,7.068077655982e-08,845.5,BID
954,1712456859.0886242,2315918.73431859,845.1,1.2522541787316924e-08,845.5,BID
955,1712456861.058868,2315927.17580851,845.1,1.100364009171587e-09,845.5,BID
956,1712456865.811725,2317485.32611575,844.6,-2.031078085990802e-07,845.5,ASK
957,1712456865.818318,2317560.98924451,844.6,-9.86283043607743e-09,845.5,ASK
958,1712456866.2231846,2317560.9892451,844.6,-7.690667229135208e-17,845.5,ASK
959,1712456872.6587536,2318610.18162534,843.8,-1.367641903090282e-07,845.5,ASK
1160,1712456872.6667323,2318750.33272749,843.8,-1.826895845550785e-08,845.5,ASK
960,1712456872.6667323,2318750.33272749,843.8,-1.8268958455507852e-08,845.5,ASK
961,1712456880.3637683,2318750.33272749,843.8,-0.0,845.5,ASK
962,1712456882.2991652,2318756.36751627,844.9,7.86344428208246e-10,845.5,BID
963,1712456890.968713,2322306.24327061,845.1,4.625555461936939e-07,845.5,BID
964,1712456902.660377,2322483.73705832,845.1,2.3127777308783653e-08,845.5,BID
965,1712456910.2920384,2322483.73705832,845.1,0.0,845.5,BID
966,1712456914.5277374,2322739.93625832,844.9,-3.3369523139433055e-08,845.5,ASK
967,1712456914.6380084,2322739.93631266,844.9,-7.077679497150445e-15,845.5,ASK
968,1712456923.6384895,2322996.135567,844.8,-3.336953021711255e-08,845.5,ASK
969,1712456940.2240262,2322996.135567,844.8,-0.0,845.5,ASK
970,1712456950.4510598,2323251.94397908,844.8,-3.331674510963581e-08,845.5,ASK
971,1712456968.4887724,2323324.9366798,844.7,-9.506642822994257e-09,845.5,ASK
972,1712456970.220167,2323324.9366798,844.7,-0.0,845.5,ASK
973,1712456974.4287746,2323508.14323342,844.7,-2.386014280565389e-08,845.5,ASK
974,1712456979.0141563,2323744.91368446,844.7,3.083610636384169e-08,845.5,BID
975,1712456984.4891138,2323863.28489658,844.7,1.5416228128642643e-08,845.5,BID
976,1712456991.4740613,2323869.20464089,844.7,7.70965567650644e-10,845.5,BID
977,1712456993.8589892,2323875.12390216,844.7,7.709026583409993e-10,845.5,BID
978,1712456997.3384852,2323993.50912768,844.7,1.5418053181920846e-08,845.5,BID
979,1712457000.3045554,2323993.50912768,844.7,0.0,845.5,BID
980,1712457000.3957825,2324364.04765695,844.6,-4.827810692012887e-08,845.5,ASK
981,1712457001.999066,2324585.5053389,844.6,-2.8854105046834773e-08,845.5,ASK
982,1712457002.007733,2324703.87655095,844.6,-1.5422790290907898e-08,845.5,ASK
983,1712457002.963091,2324703.87655102,844.6,-9.100772379126118e-18,845.5,ASK
984,1712457025.468568,2324727.55639946,844.5,3.085288477533062e-09,845.5,BID
985,1712457030.2482717,2324727.55639946,844.5,0.0,845.5,BID
986,1712457035.6484962,2328394.14040487,844.5,4.776869959066735e-07,845.5,BID
987,1712457060.300109,2328394.14040487,844.5,0.0,845.5,BID
988,1712457087.848381,2329137.46491787,844.6,-9.68021653470285e-08,845.5,ASK
989,1712457087.868754,2330647.5185117,844.6,-1.9665227651766138e-07,845.5,ASK
990,1712457090.3095934,2330647.5185117,844.6,-0.0,845.5,ASK
991,1712457092.3285463,2330809.1527117,844.5,-2.1044191629722004e-08,845.5,ASK
992,1712457099.959251,2331097.4094117,844.5,-3.7529985815745043e-08,845.5,ASK
993,1712457120.2568438,2331097.4094117,844.5,-0.0,845.5,ASK
994,1712457128.2894645,2331215.80865394,844.6,1.541439310850501e-08,845.5,BID
995,1712457132.9083064,2332949.51324594,844.5,-2.2571093876547129e-07,845.5,ASK
996,1712457132.9888132,2336113.62527318,844.5,-4.119356315504077e-07,845.5,ASK
997,1712457132.995147,2336172.83190349,844.5,-7.708109080392461e-09,845.5,ASK
1198,1712457132.9994962,2336196.51455594,844.5,-3.083243674642583e-09,845.5,ASK
998,1712457132.9994962,2336196.51455594,844.5,-3.0832436746425832e-09,845.5,ASK
999,1712457133.0085433,2336196.51455677,844.5,-1.0809335213535199e-16,845.5,ASK
1000,1712457145.9386404,2336396.51455677,844.0,-2.6037992839952247e-08,845.5,ASK
1201,1712457145.9540756,2336514.99796909,844.0,-1.5425351208179572e-08,845.5,ASK
1202,1712457146.2482824,2336610.60740148,843.9,-1.2447388580008344e-08,845.5,ASK
1203,1712457146.2495944,2339806.58976909,843.9,-4.160848300222262e-07,845.5,ASK
1204,1712457146.2797992,2339806.58976956,843.9,-6.117004616072357e-17,845.5,ASK
1205,1712457147.537614,2340757.39738932,843.8,-1.2378560997745085e-07,845.5,ASK
1206,1712457147.5399618,2342225.22238412,843.8,-1.9109608352448525e-07,845.5,ASK
1207,1712457147.541309,2342580.57919256,843.8,-4.62638901689833e-08,845.5,ASK
1208,1712457147.6282582,2346933.34414702,843.8,-5.666863135911037e-07,845.5,ASK
1209,1712457150.2773564,2346933.34414702,843.8,-0.0,845.5,ASK
1210,1712457150.7799523,2352674.29827763,843.7,-7.461162490111294e-07,845.5,ASK
1211,1712457150.7825863,2352893.65161557,843.6,-2.8507994662264642e-08,845.5,ASK
1212,1712457150.7851026,2364175.44856402,843.6,-1.4662252701866577e-06,845.5,ASK
1213,1712457150.8774085,2364264.56681765,843.3,-1.1582147427794008e-08,845.5,ASK
1214,1712457150.8789198,2364462.16871633,843.3,-2.5681094829600285e-08,845.5,ASK
1215,1712457150.8803968,2364580.52684609,843.5,-1.5382273017213638e-08,845.5,ASK
1216,1712457150.8818765,2364580.52684712,843.6,-1.3386827843282712e-16,845.5,ASK
1217,1712457150.8833609,2364658.01694554,843.3,-1.0070908119682008e-08,845.5,ASK
1218,1712457151.6502414,2365876.6326945,843.7,1.583759408130579e-07,845.5,BID
1219,1712457163.7283957,2366113.7680985,843.4,-3.0819019646384715e-08,845.5,ASK
1220,1712457163.749401,2366113.76809881,843.4,-4.030572940156548e-17,845.5,ASK
1221,1712457177.8591585,2366413.76809881,843.2,-3.8989141806565175e-08,845.5,ASK
1222,1712457177.8615944,2367372.46806571,843.2,-1.2459629653132418e-07,845.5,ASK
1223,1712457180.2699964,2367372.46806571,843.2,-0.0,845.5,ASK
1224,1712457184.2787352,2367491.06389113,843.2,1.5378702762848992e-08,845.5,BID
1225,1712457192.328317,2367514.78305621,843.2,3.0757405520142672e-09,845.5,BID
1226,1712457200.5993586,2369175.38305621,843.2,2.153353519611568e-07,845.5,BID
1227,1712457205.0788207,2370357.08305621,843.2,1.532348460872726e-07,845.5,BID
1228,1712457205.164076,2371238.39801361,843.2,1.142829498616877e-07,845.5,BID
1229,1712457205.167195,2371895.08305621,843.2,8.515446511858489e-08,845.5,BID
1230,1712457205.361232,2373125.08305621,843.2,1.5949806269553658e-07,845.5,BID
1231,1712457208.2782888,2373599.46635791,843.2,6.15148110538717e-08,845.5,BID
1232,1712457210.297111,2373599.46635791,843.2,0.0,845.5,BID
1233,1712457215.568617,2373840.18326967,843.2,3.1193299107565766e-08,845.5,BID
1234,1712457223.178695,2373900.18326967,843.2,7.775099525713237e-09,845.5,BID
1235,1712457225.568459,2374400.18326967,843.2,6.479249604761032e-08,845.5,BID
1236,1712457232.0484445,2374900.18326967,843.2,6.479249604761032e-08,845.5,BID
1237,1712457240.2517018,2374900.18326967,843.2,0.0,845.5,BID
1238,1712457249.6515832,2377726.58185012,843.1,-3.662067908514037e-07,845.5,ASK
1239,1712457249.653295,2377845.19174218,843.1,-1.5367877777388647e-08,845.5,ASK
1240,1712457249.654957,2378768.38902266,843.1,-1.1961551203210253e-07,845.5,ASK
1241,1712457253.8185458,2386129.02916024,843.1,9.536929511781853e-07,845.5,BID
1242,1712457255.2984543,2386247.70943557,843.0,-1.5376997096773877e-08,845.5,ASK
1243,1712457255.3021607,2386394.66869624,843.0,-1.9041008443786512e-08,845.5,ASK
1244,1712457261.9687002,2386543.97292897,843.0,-1.934483844805108e-08,845.5,ASK
1245,1712457261.9719262,2386658.17512535,843.0,-1.4796787733213578e-08,845.5,ASK
1246,1712457270.226056,2386658.17512535,843.0,-0.0,845.5,ASK
1247,1712457291.0104232,2387578.90612535,843.1,1.191429364016083e-07,845.5,BID
1248,1712457293.2486968,2388328.63612535,843.1,9.701534292682822e-08,845.5,BID
1249,1712457295.305308,2389513.23312535,843.1,1.532872956732441e-07,845.5,BID
1250,1712457296.938196,2390697.83012535,843.1,1.532872956732441e-07,845.5,BID
1251,1712457296.9782934,2392358.80030529,843.1,2.149301636564219e-07,845.5,BID
1252,1712457297.0383582,2392684.225858,843.1,4.211018845892536e-08,845.5,BID
1253,1712457297.0415373,2394222.98034629,843.1,1.9911540736216618e-07,845.5,BID
1254,1712457297.0783832,2394222.98034657,843.1,3.621430378272411e-17,845.5,BID
1255,1712457297.0881326,2397875.80813215,843.2,4.726772841832922e-07,845.5,BID
1256,1712457297.291896,2398113.05605623,843.0,-3.069997027365345e-08,845.5,ASK
1257,1712457300.2921586,2398113.05605623,843.0,-0.0,845.5,ASK
1258,1712457301.3381803,2398142.88935492,843.3,3.8811433053131675e-09,845.5,BID
1259,1712457312.1797652,2398166.73277129,843.0,-3.1018935177528314e-09,845.5,ASK
1260,1712457327.8997786,2398858.32956761,843.3,8.997282881422723e-08,845.5,BID
1261,1712457328.038649,2399137.2820916,843.0,-3.629014452034672e-08,845.5,ASK
1262,1712457330.2940395,2399137.2820916,843.0,-0.0,845.5,ASK
1263,1712457341.2483125,2399441.68832232,843.3,3.9597078788151226e-08,845.5,BID
1264,1712457349.809366,2404441.68832232,843.2,-6.503986251277522e-07,845.5,ASK
1265,1712457350.1084356,2409441.68832232,843.2,6.503986251277522e-07,845.5,BID
1266,1712457360.236893,2409441.68832232,843.2,0.0,845.5,BID
1267,1712457390.2347133,2409441.68832232,843.2,0.0,845.5,BID
1268,1712457396.5386035,2409560.35087863,843.4,-1.5418166706488555e-08,845.5,ASK
1269,1712457396.540347,2409708.26364266,843.4,-1.9218730193881115e-08,845.5,ASK
1270,1712457396.5419414,2409719.41939337,843.0,-1.4494987259052927e-09,845.5,ASK
1271,1712457396.557493,2411273.58828244,843.1,-2.019376268885903e-07,845.5,ASK
1272,1712457396.560565,2412492.06074175,843.0,-1.5831962574508525e-07,845.5,ASK
1273,1712457396.5637064,2412610.74101708,842.9,-1.5420468989658782e-08,845.5,ASK
1274,1712457396.5656104,2412700.63349108,843.0,-1.1679987292463806e-08,845.5,ASK
1275,1712457396.567384,2413477.22008657,842.9,-1.0090412648821597e-07,845.5,ASK
1276,1712457396.568812,2413518.22008657,843.0,-5.327247740357817e-09,845.5,ASK
1277,1712457396.5702395,2416554.22008657,842.8,-3.9447619852991053e-07,845.5,ASK
1278,1712457396.571698,2417147.25452935,842.7,-7.705466817693917e-08,845.5,ASK
1279,1712457396.5731344,2419677.55115963,842.8,-3.2876870746572245e-07,845.5,ASK
1280,1712457396.5745702,2419700.07547754,843.0,-2.926649309486677e-09,845.5,ASK
1281,1712457396.5760632,2422873.89816451,842.7,-4.12383896035514e-07,845.5,ASK
1282,1712457396.57752,2422992.6451982,842.8,-1.5429143095116868e-08,845.5,ASK
1283,1712457396.5789883,2423769.23179369,843.0,-1.0090412648821597e-07,845.5,ASK
1284,1712457396.58046,2423887.91206902,842.7,-1.5420468989658782e-08,845.5,ASK
1285,1712457396.581918,2424037.91206902,843.0,-1.9489930757406653e-08,845.5,ASK
1286,1712457396.583424,2424049.77587255,842.9,-1.5414980621423843e-09,845.5,ASK
1287,1712457396.5849066,2424168.50881833,842.9,-1.5427312612475336e-08,845.5,ASK
1288,1712457396.5863805,2424287.18909366,842.8,-1.5420468989719286e-08,845.5,ASK
1289,1712457396.5879202,2424441.68832232,842.7,-2.0074528457709825e-08,845.5,ASK
1290,1712457398.648625,2425286.76718777,843.2,1.0980352381443897e-07,845.5,BID
1291,1712457416.4189534,2425801.36718777,843.6,6.68634557850885e-08,845.5,BID
1292,1712457420.2904918,2425801.36718777,843.6,0.0,845.5,BID
1293,1712457426.2811494,2425801.36718862,843.6,1.1022360437496041e-16,845.5,BID
1294,1712457426.2840223,2426354.12961662,843.6,7.169355587789014e-08,845.5,BID
1295,1712457426.298014,2426574.81607934,843.7,2.8623141597644682e-08,845.5,BID
1296,1712457426.2998972,2426693.3416216,843.7,1.5372820503971604e-08,845.5,BID
1297,1712457434.1502583,2426832.8178836,843.4,-1.8090139048540583e-08,845.5,ASK
1298,1712457439.4296255,2427313.07127564,843.4,-6.228909863198062e-08,845.5,ASK
1299,1712457450.3108437,2427313.07127564,843.4,-0.0,845.5,ASK
1300,1712457480.2154076,2427313.07127564,843.4,-0.0,845.5,ASK
1301,1712457484.5120542,2427372.26251305,844.5,7.675862767965548e-09,845.5,BID
1302,1712457510.2416952,2427372.26251305,844.5,0.0,845.5,BID
1303,1712457519.0808363,2427375.89573568,844.5,4.71149764026932e-10,845.5,BID
1304,1712457519.0825226,2427388.33060067,844.4,1.6125308856510883e-09,845.5,BID
1305,1712457538.1469765,2427585.25612057,844.4,2.5536946582712883e-08,845.5,BID
1306,1712457538.8349934,2427626.44464614,844.4,-5.3412537787819904e-09,845.5,ASK
1307,1712457540.3299582,2427626.44464614,844.4,-0.0,845.5,ASK
1308,1712457543.4510677,2429664.81395069,843.6,-2.643247015338572e-07,845.5,ASK
1309,1712457544.5290077,2430164.81395069,843.5,-6.483729443527564e-08,845.5,ASK
1310,1712457544.5325828,2430241.94232906,843.6,-1.0001590755362028e-08,845.5,ASK
1311,1712457544.5382917,2430837.48330184,843.4,-7.722653080081087e-08,845.5,ASK
1312,1712457544.541104,2430956.03694736,843.5,-1.5373395241911768e-08,845.5,ASK
1313,1712457544.5439267,2435797.05229609,843.4,-6.277566750626096e-07,845.5,ASK
1314,1712457550.3635316,2436389.18872432,844.4,7.678504788599889e-08,845.5,BID
1315,1712457554.0321264,2441947.15106426,843.6,7.207264813897285e-07,845.5,BID
1316,1712457570.3398674,2441947.15106426,843.6,0.0,845.5,BID
1317,1712457581.3781836,2442461.69511921,844.4,6.661892993678064e-08,845.5,BID
1318,1712457595.188373,2442596.47969281,844.4,1.7450797417333782e-08,845.5,BID
1319,1712457600.2623973,2442596.47969281,844.4,0.0,845.5,BID
1320,1712457605.6562035,2443718.76652369,844.4,1.4608101122796074e-07,845.5,BID
1321,1712457617.67865,2444241.64222463,844.4,6.805943813842673e-08,845.5,BID
1322,1712457620.5231454,2445279.88200563,844.4,1.351411358776379e-07,845.5,BID
1323,1712457620.5682747,2448006.65972963,844.4,3.549274894400871e-07,845.5,BID
1324,1712457620.6713507,2448558.69791786,844.4,7.185533551154931e-08,845.5,BID
1325,1712457620.6730046,2449044.89951063,844.4,6.328580036602798e-08,845.5,BID
1326,1712457622.798999,2449699.73534762,844.5,8.523585827061764e-08,845.5,BID
1327,1712457622.815522,2449699.73534763,844.4,1.2728561604990117e-18,845.5,BID
1328,1712457627.5181494,2454699.73534763,844.4,-6.508185216494498e-07,845.5,ASK
1329,1712457630.2323449,2454699.73534763,844.4,-0.0,845.5,ASK
1330,1712457636.048565,2454705.6619314,844.5,7.70401248054867e-10,845.5,BID
1331,1712457637.7280543,2454711.58851517,844.5,7.70401247994335e-10,845.5,BID
1332,1712457639.2785382,2454717.51509894,844.5,7.70401248054867e-10,845.5,BID
1333,1712457640.8215833,2454723.44168271,844.5,7.70401247994335e-10,845.5,BID
1334,1712457642.3483398,2454729.36826648,844.5,7.70401248054867e-10,845.5,BID
1335,1712457643.852094,2454735.29485025,844.5,7.70401247994335e-10,845.5,BID
1336,1712457645.3537986,2454741.22143402,844.5,7.70401248054867e-10,845.5,BID
1337,1712457646.795754,2454747.14801779,844.5,7.70401248054867e-10,845.5,BID
1338,1712457648.2082,2454753.07460156,844.5,7.70401247994335e-10,845.5,BID
1339,1712457648.5482788,2454759.1093913,844.4,-7.84467026503098e-10,845.5,ASK
1340,1712457649.6690874,2454765.03597507,844.5,7.70401248054867e-10,845.5,BID
1341,1712457651.5199044,2454770.96255884,844.5,7.70401247994335e-10,845.5,BID
1342,1712457652.8800182,2454776.88914261,844.5,7.70401248054867e-10,845.5,BID
1343,1712457654.3483386,2454782.81572638,844.5,7.70401247994335e-10,845.5,BID
1344,1712457654.9588568,2454800.96608123,844.5,2.359378787401465e-09,845.5,BID
1345,1712457654.9628327,2458426.37972638,844.7,4.712703481867814e-07,845.5,BID
1346,1712457658.3286572,2458637.36447078,844.7,2.7426071529354693e-08,845.5,BID
1347,1712457660.309903,2458637.36447078,844.7,0.0,845.5,BID
1348,1712457661.3582132,2458649.20751055,844.8,1.538820652370939e-09,845.5,BID
1349,1712457662.0004137,2458655.13198971,844.8,7.69794838392712e-10,845.5,BID
1350,1712457670.8454216,2458800.60526853,844.8,1.890201250364181e-08,845.5,BID
1351,1712457675.801282,2458926.88557587,844.8,-1.6408181403929944e-08,845.5,ASK
1352,1712457676.7717776,2459766.77502518,844.8,-1.09130700849694e-07,845.5,ASK
1353,1712457677.1856344,2460571.66908077,844.8,-1.0458358831445397e-07,845.5,ASK
1354,1712457677.5433967,2461383.12477268,844.8,-1.0543617191446733e-07,845.5,ASK
1355,1712457678.5481973,2462262.20177225,844.8,-1.1422251957410209e-07,845.5,ASK
1356,1712457678.792648,2463361.04802171,844.8,-1.4277814946737046e-07,845.5,ASK
1357,1712457678.8091044,2463367.04802171,844.8,-7.796076086395352e-10,845.5,ASK
1358,1712457678.8120756,2464899.43277096,844.8,-1.9910980164641725e-07,845.5,ASK
1359,1712457679.2082927,2465148.29525868,844.7,-3.2335848155227645e-08,845.5,ASK
1360,1712457679.7092416,2468484.52678367,844.7,-4.334919135108732e-07,845.5,ASK
1361,1712457679.7110736,2472141.82459844,844.7,-4.752095339092576e-07,845.5,ASK
1362,1712457679.7683585,2472690.02436635,844.7,-7.123011835283667e-08,845.5,ASK
1363,1712457679.7701204,2472808.40959188,844.7,-1.5382337095648145e-08,845.5,ASK
1364,1712457690.283947,2472808.40959188,844.7,-0.0,845.5,ASK
1365,1712457693.2886384,2472971.65038963,844.9,2.1177687474585853e-08,845.5,BID
1366,1712457693.4283595,2477170.91732828,844.9,-5.447827018429516e-07,845.5,ASK
1367,1712457693.448192,2477749.43322828,844.9,-7.505249360556801e-08,845.5,ASK
1368,1712457693.5506878,2481512.79486468,844.4,-4.882314818855773e-07,845.5,ASK
1369,1712457693.557629,2481571.77122828,844.9,-7.65116940079107e-09,845.5,ASK
1370,1712457695.4438777,2484688.99338474,844.9,4.044059912006646e-07,845.5,BID
1371,1712457720.3540597,2484688.99338474,844.9,0.0,845.5,BID
1372,1712457737.8180842,2484760.00770596,845.0,9.200907878877984e-09,845.5,BID
1373,1712457750.2177613,2484760.00770596,845.0,0.0,845.5,BID
1374,1712457764.96099,2484852.23418249,845.0,1.1949149166048724e-08,845.5,BID
1375,1712457764.964105,2484862.23418249,845.0,1.2956311046049363e-09,845.5,BID
1376,1712457780.297017,2484862.23418249,845.0,0.0,845.5,BID
1377,1712457810.298923,2484862.23418249,845.0,0.0,845.5,BID
1378,1712457814.568158,2486208.25111485,845.0,-1.743921887196838e-07,845.5,ASK
1379,1712457814.5781913,2497203.80959661,845.0,-1.4246028142212663e-06,845.5,ASK
1380,1712457825.8799698,2497215.64391613,845.0,-1.5332740870730715e-09,845.5,ASK
1381,1712457825.8819416,2498261.42118079,845.0,-1.3549263884634105e-07,845.5,ASK
1382,1712457840.2278314,2498261.42118079,845.0,-0.0,845.5,ASK
1383,1712457844.2581882,2498387.24154928,845.0,1.6277617606642253e-08,845.5,BID
1384,1712457870.299195,2498387.24154928,845.0,0.0,845.5,BID
1385,1712457872.6495812,2498397.11946442,845.1,1.2779068744648743e-09,845.5,BID
1386,1712457899.2490463,2498560.36026217,845.1,2.1118478412321075e-08,845.5,BID
1387,1712457899.252985,2498678.32904104,845.1,1.5261632779496625e-08,845.5,BID
1388,1712457900.2588322,2498678.32904104,845.1,0.0,845.5,BID
1389,1712457900.387825,2499047.96428557,845.1,-4.8270730196036553e-08,845.5,ASK
1390,1712457908.506012,2499211.20508257,845.2,2.1317643773361322e-08,845.5,BID
1391,1712457911.219646,2499211.20508332,845.2,9.790536811341428e-17,845.5,BID
1392,1712457926.9407787,2499984.38096579,845.2,-1.0096917155241668e-07,845.5,ASK
1393,1712457930.2427218,2499984.38096579,845.2,-0.0,845.5,ASK
1394,1712457933.8584063,2505249.99573522,845.1,-6.875384299856107e-07,845.5,ASK
1395,1712457933.8683205,2505978.91036546,845.1,-9.517536743821641e-08,845.5,ASK
1396,1712457939.8324685,2508346.1444206,845.1,3.0909294677771015e-07,845.5,BID
1397,1712457940.4722776,2508549.43085753,845.1,2.654338454372468e-08,845.5,BID
1398,1712457951.4081385,2509373.43085753,845.0,-1.0759079255040729e-07,845.5,ASK
1399,1712457956.409211,2509533.26872735,845.0,-2.087024647272152e-08,845.5,ASK
1400,1712457956.413453,2510677.5385901,845.0,-1.4940886095245978e-07,845.5,ASK
1401,1712457956.417554,2510976.15017427,845.0,-3.899011772519464e-08,845.5,ASK
1402,1712457960.3122315,2510976.15017427,845.0,-0.0,845.5,ASK
1403,1712457963.9720948,2511126.72792269,845.1,1.96373225091144e-08,845.5,BID
1404,1712457965.040065,2513518.51815524,845.1,3.1192096218405454e-07,845.5,BID
1405,1712457965.042041,2514970.2298232,845.1,1.893223302451424e-07,845.5,BID
1406,1712457965.0780854,2518793.40233786,845.1,4.985920726404875e-07,845.5,BID
1407,1712457965.3886597,2518963.93439911,845.1,2.223962783375266e-08,845.5,BID
1408,1712457972.8985548,2520146.04361665,845.1,1.5416261824463258e-07,845.5,BID
1409,1712457973.6181552,2520151.96125953,845.1,7.717386064204392e-10,845.5,BID
1410,1712457988.1383653,2520181.96125953,845.1,3.912395300463063e-09,845.5,BID
1411,1712457990.277444,2520181.96125953,845.1,0.0,845.5,BID
1412,1712457996.850914,2521384.64828425,845.1,1.5668726173249768e-07,845.5,BID
1413,1712457997.269032,2521735.04828425,845.1,4.565046049601652e-08,845.5,BID
1414,1712458003.1182525,2521758.71412261,845.1,3.083208958827691e-09,845.5,BID
1415,1712458008.0285828,2522148.81412261,845.1,5.08226159802619e-08,845.5,BID
1416,1712458020.2127676,2522148.81412261,845.1,0.0,845.5,BID
1417,1712458023.9184935,2522159.54095967,845.1,1.3972004350407034e-09,845.5,BID
1418,1712458024.9206088,2522396.19934329,845.1,3.0825414303168735e-08,845.5,BID
1419,1712458033.6386542,2522990.89745527,845.1,7.746108718686103e-08,845.5,BID
1420,1712458048.5886247,2523919.34750858,845.0,-1.209332080922118e-07,845.5,ASK
1421,1712458050.2267768,2523919.34750858,845.0,-0.0,845.5,ASK
1422,1712458056.0795767,2561406.882829,845.1,4.881904599386925e-06,845.5,BID
1423,1712458056.0844457,2614413.729063,845.1,6.9029442511203084e-06,845.5,BID
1424,1712458067.8582726,2614576.96986075,845.3,2.1258426154996065e-08,845.5,BID
1425,1712458067.868251,2617936.96986075,845.3,4.375640946713583e-07,845.5,BID
1426,1712458067.871627,2618090.76141406,845.3,2.002787553340595e-08,845.5,BID
1427,1712458067.938053,2618585.16393406,845.4,6.438475924614272e-08,845.5,BID
1428,1712458068.0180342,2623231.05334117,845.4,6.050221405849143e-07,845.5,BID
1429,1712458068.028029,2623394.29413806,845.4,2.1258426043051185e-08,845.5,BID
1430,1712458069.0741034,2623394.29413892,845.4,1.1200552091939314e-16,845.5,BID
1431,1712458070.7788825,2623557.53493667,845.5,2.12584261550567e-08,845.5,BID
1432,1712458070.7835877,2625503.72062562,845.5,2.534467199546458e-07,845.5,BID
1433,1712458070.8485744,2625524.36686953,845.6,2.688706852671649e-09,845.6,BID
1434,1712458070.8593223,2625687.60766728,845.6,2.1258426154996065e-08,845.6,BID
1435,1712458070.8633208,2626550.15204231,845.7,1.1232691921845724e-07,845.7,BID
1436,1712458070.8670104,2626668.39728294,845.7,1.539877132896131e-08,845.7,BID
1437,1712458070.8705542,2627686.28900714,845.6,1.3255740201578442e-07,845.7,BID
1438,1712458071.9182806,2627692.93533911,845.6,-8.655345926751048e-10,845.7,ASK
1439,1712458080.269384,2627692.93533911,845.6,-0.0,845.7,ASK
1440,1712458092.5886767,2628875.80735236,845.4,-1.523028474853153e-07,845.7,ASK
1441,1712458097.3482134,2629376.30735236,845.4,-6.444279204558035e-08,845.7,ASK
1442,1712458110.2283323,2629376.30735236,845.4,-0.0,845.7,ASK
1443,1712458135.891976,2629876.30735236,845.7,6.436661930094e-08,845.7,BID
1444,1712458140.351027,2629876.30735236,845.7,0.0,845.7,BID
1445,1712458153.098238,2630231.04307424,845.7,4.566379262370233e-08,845.7,BID
1446,1712458169.920658,2630251.04307424,845.7,2.5745246281757914e-09,845.7,BID
1447,1712458170.2918217,2630251.04307424,845.7,0.0,845.7,BID
1448,1712458184.2113404,2631433.49548053,845.7,1.5220643279848426e-07,845.7,BID
1449,1712458200.309792,2631433.49548053,845.7,0.0,845.7,BID
1450,1712458216.5586944,2631445.32280164,845.5,-1.534428284168614e-09,845.7,ASK
1451,1712458217.3784883,2631749.32723688,845.5,3.944029249005547e-08,845.7,BID
1452,1712458230.219197,2631749.32723688,845.5,0.0,845.7,BID
1453,1712458239.801108,2632616.22759171,845.5,1.1246421144389405e-07,845.7,BID
1454,1712458239.808063,2632626.22759171,845.5,1.2973141701613175e-09,845.7,BID
1455,1712458241.7085695,2632912.88705245,845.5,-3.718873804284125e-08,845.7,ASK
1456,1712458260.335719,2632912.88705245,845.5,-0.0,845.7,ASK
1457,1712458267.158866,2633267.11561467,845.5,-4.5948708961978736e-08,845.7,ASK
1458,1712458267.1634908,2634469.02002145,845.5,-1.559048639136864e-07,845.7,ASK
1459,1712458267.4463494,2634469.02002206,845.5,-7.912817822753162e-17,845.7,ASK
1460,1712458268.268926,2634476.11809375,845.3,-9.207253876973532e-10,845.7,ASK
1461,1712458268.2738624,2634712.7764758,845.1,-3.0698109300076985e-08,845.7,ASK
1462,1712458268.2784708,2634736.43391606,845.4,-3.068721591676858e-09,845.7,ASK
1463,1712458282.4486284,2634736.43391763,845.1,-2.0367955494903559e-16,845.7,ASK
1464,1712458282.4585278,2638702.22610646,845.0,-5.144221853433577e-07,845.7,ASK
1465,1712458282.4619951,2640491.14915206,845.0,-2.3204990546920505e-07,845.7,ASK
1466,1712458290.2981155,2640491.14915206,845.0,-0.0,845.7,ASK
1467,1712458309.278638,2642182.42137758,845.0,-2.19201041215363e-07,845.7,ASK
1468,1712458309.2809775,2643808.90776811,845.0,-2.1080433116973785e-07,845.7,ASK
1469,1712458320.227467,2643808.90776811,845.0,-0.0,845.7,ASK
1470,1712458324.1091146,2643927.19496943,845.0,1.5325303295375867e-08,845.7,BID
1471,1712458334.6089404,2644155.29496943,845.0,2.9552662018026232e-08,845.7,BID
1472,1712458346.979261,2644318.53576718,845.7,2.1149496376363426e-08,845.7,BID
1473,1712458346.9884844,2644450.46870692,845.0,1.7093246721509122e-08,845.7,BID
1474,1712458346.9904916,2645369.32400225,845.7,1.1904699687136577e-07,845.7,BID
1475,1712458350.2380085,2645369.32400225,845.7,0.0,845.7,BID
1476,1712458359.0088153,2645396.50196288,845.7,3.520577907408464e-09,845.7,BID
1477,1712458359.0145285,2645487.56924288,845.7,1.1796670781164792e-08,845.7,BID
1478,1712458364.9286182,2645529.26834485,844.9,-5.4016171099562806e-09,845.7,ASK
1479,1712458364.932577,2645541.10406505,844.9,-1.533175193750669e-09,845.7,ASK
1480,1712458371.5986557,2646132.82004138,845.0,-7.664968766734379e-08,845.7,ASK
1481,1712458371.6033895,2646475.78184602,844.9,-4.442657670075393e-08,845.7,ASK
1482,1712458371.8991854,2647112.62257275,844.9,8.24950563282958e-08,845.7,BID
1483,1712458371.917931,2647749.94432756,844.9,8.255736773032837e-08,845.7,BID
1484,1712458371.9384675,2648126.64771728,844.9,4.879739320942352e-08,845.7,BID
1485,1712458371.9785986,2648599.52072089,844.9,6.125500997594773e-08,845.7,BID
1486,1712458380.3133607,2648599.52072089,844.9,0.0,845.7,BID
1487,1712458410.3107097,2648599.52072089,844.9,0.0,845.7,BID
1488,1712458428.0785394,2649193.42899813,844.9,7.690648328123629e-08,845.7,BID
1489,1712458440.2197044,2649193.42899813,844.9,0.0,845.7,BID
1490,1712458456.7093775,2650817.37682028,845.4,2.1027489609265825e-07,845.7,BID
1491,1712458456.7142036,2651559.61200924,844.9,9.610741497109225e-08,845.7,BID
1492,1712458470.2378328,2651559.61200924,844.9,0.0,845.7,BID
1493,1712458471.5783691,2651677.91320409,845.3,1.5314119558390697e-08,845.7,BID
1494,1712458491.5981135,2651796.21439894,845.3,1.5314119558330422e-08,845.7,BID
1495,1712458500.2846262,2651796.21439894,845.3,0.0,845.7,BID
1496,1712458503.559924,2652796.21439894,844.9,1.296247152527758e-07,845.7,BID
1497,1712458512.2486637,2653387.70451611,844.9,7.667173801298143e-08,845.7,BID
1498,1712458513.6784112,2653637.70451611,844.9,3.2406178813193944e-08,845.7,BID
1499,1712458519.5785024,2653874.50300059,844.6,-3.0694936123009953e-08,845.7,ASK
1500,1712458519.5823305,2654306.82413578,844.6,-5.603950404674108e-08,845.7,ASK
1501,1712458529.1182582,2654956.82413578,844.5,-8.425606491430428e-08,845.7,ASK
1502,1712458530.3722382,2654956.82413578,844.5,-0.0,845.7,ASK
