,time,acc_trade_volume,trade_price,dev,high,ask_bid
0,1712451675.1268475,212570.05343695,2340.0,0.0,2347.0,BID
1,1712451690.9098816,212570.05343695,2340.0,0.0,2347.0,BID
2,1712451691.3694942,212580.74827667,2340.0,1.650806449460776e-09,2347.0,BID
3,1712451693.5194652,212629.35355413,2339.0,-7.5024878922442e-09,2347.0,ASK
4,1712451720.599503,212629.35355413,2339.0,-0.0,2347.0,ASK
5,1712451724.5208015,212651.35355413,2337.0,-3.395746476704832e-09,2347.0,ASK
6,1712451750.9424777,212651.35355413,2337.0,-0.0,2347.0,ASK
7,1712451780.9294364,212651.35355413,2337.0,-0.0,2347.0,ASK
8,1712451786.079325,212655.62888546,2339.0,-6.59901185869726e-10,2347.0,ASK
9,1712451793.9929705,212869.57839338,2338.0,-3.3023296464127494e-08,2347.0,ASK
10,1712451793.9942946,212873.85555334,2338.0,-6.601834365317769e-10,2347.0,ASK
11,1712451803.7498505,213915.65853334,2338.0,1.608032147408063e-07,2347.0,BID
12,1712451803.869285,216392.45156525,2338.0,3.822952030514955e-07,2347.0,BID
13,1712451803.9692452,216507.29620492,2338.0,1.7726372077269395e-08,2347.0,BID
14,1712451803.9792595,217434.25454525,2338.0,1.430768426635369e-07,2347.0,BID
15,1712451804.0792933,217477.00785863,2339.0,6.599011871059805e-09,2347.0,BID
16,1712451807.512655,217674.02824104,2339.0,3.0410270914171504e-08,2347.0,BID
17,1712451810.9160883,217674.02824104,2339.0,0.0,2347.0,BID
18,1712451840.5694015,217674.02824104,2339.0,0.0,2347.0,BID
19,1712451852.8096583,217716.78155442,2339.0,6.587072261035941e-09,2347.0,BID
20,1712451854.5294774,217826.78155442,2337.0,-1.69478782211268e-08,2347.0,ASK
21,1712451861.2239606,217869.5348678,2339.0,6.587072261031457e-09,2347.0,BID
22,1712451863.3004882,218208.20561173,2339.0,5.2179550228947226e-08,2347.0,BID
23,1712451863.3011782,218297.06800161,2339.0,1.3691172382950233e-08,2347.0,BID
24,1712451863.3694527,218412.92680931,2339.0,1.785055421586211e-08,2347.0,BID
25,1712451863.37087,219617.65088153,2339.0,1.8561378969131058e-07,2347.0,BID
26,1712451869.4738448,219991.57142644,2340.0,5.7610544177384143e-08,2347.0,BID
27,1712451870.5799897,219991.57142644,2340.0,0.0,2347.0,BID
28,1712451877.5216677,220622.56058344,2341.0,9.713639295034e-08,2347.0,BID
29,1712451878.2902386,220636.37017449,2340.0,2.125890513069593e-09,2347.0,BID
30,1712451879.389616,220649.05234797,2342.0,1.9523324179983603e-09,2347.0,BID
31,1712451901.0688877,220649.05234797,2342.0,0.0,2347.0,BID
32,1712451920.0502155,220704.28744617,2342.0,-8.714815048484966e-09,2347.0,ASK
33,1712451920.05171,220828.24510866,2342.0,-1.9557638850050763e-08,2347.0,ASK
34,1712451920.1293535,221210.66274409,2342.0,6.033661698189988e-08,2347.0,BID
35,1712451930.8994794,221210.66274409,2342.0,0.0,2347.0,BID
36,1712451935.0794582,221811.74469157,2341.0,-9.481708784689145e-08,2347.0,ASK
37,1712451935.08926,222270.72845228,2340.0,-7.240194742495277e-08,2347.0,ASK
38,1712451935.090586,223018.36172368,2341.0,-1.1793468406227673e-07,2347.0,ASK
39,1712451960.566411,223018.36172368,2341.0,-0.0,2347.0,ASK
40,1712451971.419406,223237.92275861,2340.0,-3.4611340032742814e-08,2347.0,ASK
41,1712451990.5801015,223237.92275861,2340.0,-0.0,2347.0,ASK
42,1712451995.769244,223257.88335904,2340.0,-3.146310455847308e-09,2347.0,ASK
43,1712452014.7992237,223262.14957064,2344.0,6.72466051863159e-10,2347.0,BID
44,1712452020.2216918,223264.92548643,2344.0,-4.3755662086706517e-10,2347.0,ASK
45,1712452020.92968,223264.92548643,2344.0,-0.0,2347.0,ASK
46,1712452026.2891726,223269.87582772,2344.0,-7.802949325344821e-10,2347.0,ASK
47,1712452050.9194272,223269.87582772,2344.0,-0.0,2347.0,ASK
48,1712452053.674098,223272.33182772,2343.0,3.871249954089921e-10,2347.0,BID
49,1712452053.6767752,223696.49803591,2344.0,6.685885236147206e-08,2347.0,BID
50,1712452067.3492336,223924.02164611,2344.0,3.5863223352995816e-08,2347.0,BID
51,1712452068.4100826,223944.02164611,2344.0,3.1524836759991756e-09,2347.0,BID
52,1712452080.549814,223944.02164611,2344.0,0.0,2347.0,BID
53,1712452110.629351,223944.02164611,2344.0,0.0,2347.0,BID
54,1712452140.8996334,223944.02164611,2344.0,0.0,2347.0,BID
55,1712452164.960409,223973.85527878,2344.0,-4.701331005972095e-09,2347.0,ASK
56,1712452164.9619973,224152.20765549,2344.0,-2.8105647337341814e-08,2347.0,ASK
57,1712452164.9636185,224469.5728867,2341.0,-5.0011978702291055e-08,2347.0,ASK
58,1712452164.9650114,224896.1940471,2344.0,-6.722906698544889e-08,2347.0,ASK
59,1712452170.929536,224896.1940471,2344.0,-0.0,2347.0,ASK
60,1712452200.659291,224896.1940471,2344.0,-0.0,2347.0,ASK
61,1712452220.5394926,224953.57747142,2344.0,-9.07947085874608e-09,2347.0,ASK
62,1712452220.5412557,225081.56381954,2344.0,-2.0250592080262856e-08,2347.0,ASK
63,1712452222.2314572,225553.28389812,2344.0,7.4637733068502e-08,2347.0,BID
64,1712452230.5995982,225553.28389812,2344.0,0.0,2347.0,BID
65,1712452232.070623,225789.14393741,2344.0,3.7309774123128185e-08,2347.0,BID
66,1712452237.1696074,225896.1940471,2344.0,1.6933836797503776e-08,2347.0,BID
67,1712452260.962192,225896.1940471,2344.0,0.0,2347.0,BID
68,1712452273.4299726,226024.9490471,2345.0,2.036465892196065e-08,2347.0,BID
69,1712452273.4318452,226322.37960738,2347.0,4.704339181444892e-08,2347.0,BID
70,1712452290.9293156,226322.37960738,2347.0,0.0,2347.0,BID
71,1712452303.3700795,227362.61693162,2347.0,1.645041220589728e-07,2347.0,BID
72,1712452304.229592,227365.31918982,2347.0,4.2733768766995055e-10,2347.0,BID
73,1712452310.9492466,227386.62298189,2347.0,3.369001985734757e-09,2347.0,BID
74,1712452313.8894718,227987.70492937,2347.0,9.505567215436928e-08,2347.0,BID
75,1712452313.8993578,229929.27683703,2347.0,3.0704203227597333e-07,2347.0,BID
76,1712452313.901293,232148.48428311,2347.0,3.509475809771074e-07,2347.0,BID
77,1712452313.9893565,233952.08783063,2347.0,-2.852235842854327e-07,2347.0,ASK
78,1712452318.9693422,233954.5197011,2347.0,3.8457831430461725e-10,2347.0,BID
79,1712452320.580716,233954.5197011,2347.0,0.0,2347.0,BID
80,1712452325.7031598,234525.2963651,2347.0,-9.000819764041929e-08,2347.0,ASK
81,1712452333.7294247,235265.48855569,2347.0,-1.1672405195340049e-07,2347.0,ASK
82,1712452333.949379,235695.21193931,2348.0,6.776490645661365e-08,2348.0,BID
83,1712452336.0775993,235700.68339221,2347.0,-8.62816658537916e-10,2348.0,ASK
84,1712452336.0797064,239860.75331052,2347.0,-6.56019103481123e-07,2348.0,ASK
85,1712452336.1492174,239860.75331053,2347.0,-1.5787903049274112e-18,2348.0,ASK
86,1712452341.2937157,239903.41542657,2344.0,-6.727570369424332e-09,2348.0,ASK
87,1712452341.29566,240410.72183162,2344.0,-7.99993027920881e-08,2348.0,ASK
88,1712452342.139317,240785.50888443,2347.0,5.9101763001286864e-08,2348.0,BID
89,1712452350.6494644,240785.50888443,2347.0,0.0,2348.0,BID
90,1712452370.309826,240789.78056443,2349.0,6.719207464354391e-10,2349.0,BID
91,1712452370.3117936,241035.48674735,2349.0,3.8648747525845e-08,2349.0,BID
92,1712452371.7694275,241039.74750576,2347.0,6.70202817445958e-10,2349.0,BID
93,1712452380.923705,241039.74750576,2347.0,0.0,2349.0,BID
94,1712452385.9733443,241604.90700437,2348.0,8.888931838719653e-08,2349.0,BID
95,1712452388.4697075,241640.82945324,2348.0,5.649948382193774e-09,2349.0,BID
96,1712452388.589591,241682.41765279,2348.0,-6.541067999461708e-09,2349.0,ASK
97,1712452395.099551,241684.54712468,2348.0,3.3492722902345044e-10,2349.0,BID
98,1712452410.909272,241684.54712468,2348.0,0.0,2349.0,BID
99,1712452425.869338,241767.75764888,2348.0,1.308438756291764e-08,2349.0,BID
100,1712452426.2591662,241799.5386068,2348.0,4.997377129198467e-09,2349.0,BID
101,1712452426.4392698,242202.85406154,2348.0,-6.341908996087273e-08,2349.0,ASK
102,1712452427.2995584,242206.07406154,2348.0,-5.063269142654584e-10,2349.0,ASK
103,1712452429.6096065,242210.42406154,2348.0,-6.84013067404397e-10,2349.0,ASK
104,1712452431.9195907,242269.88006154,2348.0,-9.349122054210882e-09,2349.0,ASK
105,1712452433.1200929,243860.03859528,2348.0,-2.500434980065747e-07,2349.0,ASK
106,1712452440.657331,243860.03859528,2348.0,-0.0,2349.0,ASK
107,1712452445.4094117,243902.62803309,2348.0,6.691575125275441e-09,2349.0,BID
108,1712452466.6096506,243945.62803309,2348.0,6.756081910976649e-09,2349.0,BID
109,1712452468.885404,243949.88697687,2348.0,6.69157512371156e-10,2349.0,BID
110,1712452469.8493092,244031.72840909,2346.0,-1.2858777204414988e-08,2349.0,ASK
111,1712452469.8518891,245949.61434532,2345.0,-3.0133475537395605e-07,2349.0,ASK
112,1712452470.628687,245949.61434532,2345.0,-0.0,2349.0,ASK
113,1712452476.4093258,245972.12763873,2345.0,-3.534526392140411e-09,2349.0,ASK
114,1712452478.511813,245980.62491914,2345.0,-1.3340501242406195e-09,2349.0,ASK
115,1712452490.569738,246316.31615799,2348.0,5.2702619813033495e-08,2349.0,BID
116,1712452490.572461,246326.16552192,2348.0,1.546323593017436e-09,2349.0,BID
117,1712452498.1596832,246337.95159241,2348.0,1.8503813035254758e-09,2349.0,BID
118,1712452500.5846105,246337.95159241,2348.0,0.0,2349.0,BID
119,1712452509.1389794,246340.22771241,2349.0,3.5931776807520096e-10,2349.0,BID
120,1712452509.1409795,246342.20788012,2350.0,3.1259750890531503e-10,2350.0,BID
121,1712452509.4386082,246360.43788012,2348.0,-2.877863606501018e-09,2350.0,ASK
122,1712452509.4406629,246378.67044596,2348.0,-2.878268660668021e-09,2350.0,ASK
123,1712452523.6386087,246591.61763505,2348.0,3.361672877611068e-08,2350.0,BID
124,1712452530.568516,246591.61763505,2348.0,0.0,2350.0,BID
125,1712452543.568565,246804.56482414,2348.0,3.3613568222729855e-08,2350.0,BID
126,1712452547.2789755,247804.56482414,2348.0,1.5784931637921438e-07,2350.0,BID
127,1712452560.8983734,247804.56482414,2348.0,0.0,2350.0,BID
128,1712452585.3887515,248474.40404216,2348.0,1.0568615092639633e-07,2350.0,BID
129,1712452585.3910668,248505.19604846,2348.0,4.858313066183829e-09,2350.0,BID
130,1712452585.4099755,248581.82440096,2349.0,1.2090297805337868e-08,2350.0,BID
131,1712452585.6894777,248619.6066446,2350.0,5.961221433819285e-09,2350.0,BID
132,1712452585.691774,248662.43319707,2350.0,6.757104341220652e-09,2350.0,BID
133,1712452586.1028707,248692.78904353,2351.0,4.7894964704424794e-09,2351.0,BID
134,1712452586.1039283,248697.06072353,2351.0,6.739787773613852e-10,2351.0,BID
135,1712452590.9098232,248697.06072353,2351.0,0.0,2351.0,BID
136,1712452593.1989264,248708.59879243,2351.0,-1.819856082116981e-09,2351.0,ASK
137,1712452593.8183398,248720.13679243,2348.0,-1.819845214779774e-09,2351.0,ASK
138,1712452598.4896188,248722.4531259,2351.0,3.653465402323422e-10,2351.0,BID
139,1712452599.6784868,248764.98821735,2351.0,6.7088995177242075e-09,2351.0,BID
140,1712452620.5986784,248764.98821735,2351.0,0.0,2351.0,BID
141,1712452643.0688202,248892.06327472,2351.0,-2.0042564696552524e-08,2351.0,ASK
142,1712452645.61882,249195.62173934,2353.0,4.7877925788510984e-08,2353.0,BID
143,1712452645.6215875,249317.41418922,2353.0,1.92093799270474e-08,2353.0,BID
144,1712452647.6485236,249742.76510372,2353.0,6.708730571556297e-08,2353.0,BID
145,1712452650.59838,249742.76510372,2353.0,0.0,2353.0,BID
146,1712452680.9288564,249742.76510372,2353.0,0.0,2353.0,BID
147,1712452700.971817,249874.84861457,2352.0,2.082495329834804e-08,2353.0,BID
148,1712452710.928649,249874.84861457,2352.0,0.0,2353.0,BID
149,1712452740.5785296,249874.84861457,2352.0,0.0,2353.0,BID
150,1712452770.600291,249874.84861457,2352.0,0.0,2353.0,BID
151,1712452780.5287085,250074.84861457,2354.0,3.153146551306271e-08,2354.0,BID
152,1712452781.0684862,250087.25303259,2354.0,1.9556473950384912e-09,2354.0,BID
153,1712452796.6689038,250117.04912434,2354.0,-4.697572197196239e-09,2354.0,ASK
154,1712452800.618742,250117.04912434,2354.0,-0.0,2354.0,ASK
155,1712452812.4091442,250792.49517361,2354.0,1.070255859640397e-07,2354.0,BID
156,1712452812.4684768,251000.51013101,2354.0,3.296032707435664e-08,2354.0,BID
157,1712452812.4786348,251212.4419377,2354.0,3.358095856794115e-08,2354.0,BID
158,1712452820.6530707,251215.4419377,2355.0,4.753551497401374e-10,2355.0,BID
159,1712452820.658378,251293.48469473,2355.0,1.2366008818042047e-08,2355.0,BID
160,1712452820.7782545,252910.95573812,2355.0,-2.562910633436661e-07,2355.0,ASK
161,1712452830.550075,252910.95573812,2355.0,-0.0,2355.0,ASK
162,1712452856.0739365,252915.20202262,2355.0,6.721304505667617e-10,2355.0,BID
163,1712452856.2086809,253910.95573812,2355.0,-1.5761459069757898e-07,2355.0,ASK
164,1712452857.108533,254415.20202262,2355.0,7.981549102463963e-08,2355.0,BID
165,1712452858.088629,254849.49489188,2356.0,6.874279429318284e-08,2356.0,BID
166,1712452860.9487553,254849.49489188,2356.0,0.0,2356.0,BID
167,1712452867.6683786,254890.82744705,2356.0,6.537669934131948e-09,2356.0,BID
168,1712452874.6796472,255331.97394385,2355.0,6.977720532435446e-08,2356.0,BID
169,1712452874.6815622,255374.43678887,2355.0,6.7164506056584565e-09,2356.0,BID
170,1712452877.248825,255413.50664025,2355.0,6.179772618643989e-09,2356.0,BID
171,1712452886.0791235,257992.30181554,2353.0,-4.078942522289612e-07,2356.0,ASK
172,1712452886.0817182,258993.12364895,2353.0,-1.583024031008103e-07,2356.0,ASK
173,1712452890.9284992,258993.12364895,2353.0,-0.0,2356.0,ASK
174,1712452894.0289743,259080.28094244,2355.0,1.3764649274768869e-08,2356.0,BID
175,1712452894.0315866,259417.60886002,2356.0,5.32738029159729e-08,2356.0,BID
176,1712452914.7124135,259901.42364336,2354.0,7.64083020474484e-08,2356.0,BID
177,1712452920.3321671,259909.91982008,2354.0,1.3417912379352736e-09,2356.0,BID
178,1712452920.582621,259909.91982008,2354.0,0.0,2356.0,BID
179,1712452933.778705,259952.65682934,2354.0,6.747105372407485e-09,2356.0,BID
180,1712452934.1289656,260377.46566536,2354.0,6.706669533935387e-08,2356.0,BID
181,1712452935.548339,260872.62284462,2354.0,7.81729400867722e-08,2356.0,BID
182,1712452937.838946,260917.60886002,2354.0,7.102167218625257e-09,2356.0,BID
183,1712452937.8414478,262417.60886002,2355.0,2.3681250124536785e-07,2356.0,BID
184,1712452937.8436291,263917.60886002,2354.0,2.3681250124536785e-07,2356.0,BID
185,1712452937.899493,265417.60886002,2355.0,-2.3681250124536785e-07,2356.0,ASK
186,1712452937.9187715,270151.50086002,2355.0,-7.4736320343029e-07,2356.0,ASK
187,1712452937.998512,270853.01523774,2355.0,-1.1075158296497613e-07,2356.0,ASK
188,1712452938.0010583,271197.02709605,2355.0,-5.431087241630046e-08,2356.0,ASK
189,1712452938.064783,271307.42510878,2355.0,-1.7429086351406482e-08,2356.0,ASK
190,1712452938.0824146,271733.22410007,2355.0,-6.722301610343225e-08,2356.0,ASK
191,1712452938.0844383,272143.05562917,2355.0,-6.470215299691683e-08,2356.0,ASK
192,1712452938.1789913,272354.98743586,2355.0,-3.3458734157139345e-08,2356.0,ASK
193,1712452938.1815078,272746.50240749,2355.0,-6.181042647114088e-08,2356.0,ASK
194,1712452938.1826782,272956.7123427,2355.0,-3.318689369580532e-08,2356.0,ASK
195,1712452938.299116,273605.11010417,2355.0,-1.0236579713040509e-07,2356.0,ASK
196,1712452944.0088391,273609.06174224,2356.0,6.238648635810289e-10,2356.0,BID
197,1712452944.0114894,274029.55832148,2356.0,6.638589779663313e-08,2356.0,BID
198,1712452944.792719,274037.74870611,2355.0,-1.2930569802608711e-09,2356.0,ASK
199,1712452950.270635,274462.37715621,2355.0,6.703821691208628e-08,2356.0,BID
200,1712452950.549624,275181.04012095,2352.0,-1.134589161549958e-07,2356.0,ASK
201,1712452950.5511303,275218.01754441,2352.0,-5.837810759446243e-09,2356.0,ASK
202,1712452950.569108,275218.01754441,2352.0,-0.0,2356.0,ASK
203,1712452952.4984698,275750.07699239,2355.0,8.352471045773738e-08,2356.0,BID
204,1712452953.7983854,276174.70544249,2355.0,6.665978488189088e-08,2356.0,BID
205,1712452957.4788291,276599.33389259,2355.0,6.665978488189088e-08,2356.0,BID
206,1712452959.6089177,276776.28746913,2352.0,-2.7778843700789933e-08,2356.0,ASK
207,1712452959.611765,277120.54967445,2352.0,-5.4043586915081554e-08,2356.0,ASK
208,1712452966.5454886,277122.99915445,2357.0,3.845286622568872e-10,2357.0,BID
209,1712452966.5470889,277158.71361878,2357.0,5.606592089740727e-09,2357.0,BID
210,1712452966.5482645,277162.39067863,2357.0,5.77238803801857e-10,2357.0,BID
211,1712452968.741634,277204.23168281,2357.0,6.568359555808609e-09,2357.0,BID
212,1712452980.90968,277204.23168281,2357.0,0.0,2357.0,BID
213,1712452999.9226089,277208.47256491,2358.0,6.652523296917163e-10,2358.0,BID
214,1712453010.908693,277208.47256491,2358.0,0.0,2358.0,BID
215,1712453015.498458,277211.67256491,2357.0,5.019720108781e-10,2358.0,BID
216,1712453020.198694,277224.39521122,2357.0,1.995753859967305e-09,2358.0,BID
217,1712453024.7003615,277411.0731917,2357.0,2.9283475389952132e-08,2358.0,BID
218,1712453033.9484017,277835.34132916,2357.0,6.655335315985122e-08,2358.0,BID
219,1712453040.5544662,277835.34132916,2357.0,0.0,2358.0,BID
220,1712453044.3886554,278259.60946662,2357.0,6.653793136110921e-08,2358.0,BID
221,1712453047.6884243,278271.16896852,2357.0,1.8128755757965967e-09,2358.0,BID
222,1712453054.6486392,278282.35766752,2357.0,1.75472259250584e-09,2358.0,BID
223,1712453054.6587143,278695.43710598,2357.0,6.478320876859426e-08,2358.0,BID
224,1712453059.008404,278706.22454764,2357.0,-1.6917934423093167e-09,2358.0,ASK
225,1712453070.6021583,278706.22454764,2357.0,-0.0,2358.0,ASK
226,1712453071.5982544,278748.85484951,2356.0,6.683554587119786e-09,2358.0,BID
227,1712453082.6587017,278759.64229117,2356.0,1.691248994902989e-09,2358.0,BID
228,1712453082.661904,278791.11419111,2356.0,4.934146651148666e-09,2358.0,BID
229,1712453089.0916784,279177.83829354,2356.0,6.063038579055299e-08,2358.0,BID
230,1712453098.7986069,279178.20893919,2358.0,5.810961512672855e-11,2358.0,BID
231,1712453098.8384566,279525.70806673,2359.0,5.4480716439037934e-08,2359.0,BID
232,1712453098.841082,279717.52789698,2359.0,3.0073404365690134e-08,2359.0,BID
233,1712453100.9186208,279717.52789698,2359.0,0.0,2359.0,BID
234,1712453106.6895068,280492.20465908,2359.0,1.2157776264506725e-07,2359.0,BID
235,1712453112.4689217,280496.04690908,2360.0,6.03002673340953e-10,2360.0,BID
236,1712453112.4716473,280703.50373178,2360.0,3.2558271505324944e-08,2360.0,BID
237,1712453115.6855314,281304.58567925,2359.0,-9.433379431912077e-08,2360.0,ASK
238,1712453115.6882005,282804.58567925,2359.0,-2.354099837372631e-07,2360.0,ASK
239,1712453115.6899018,284650.22236528,2359.0,-2.896542014954727e-07,2360.0,ASK
240,1712453115.813553,285052.73839736,2359.0,6.317086171063477e-08,2360.0,BID
241,1712453123.8986473,289333.63227245,2360.0,-6.718434383439236e-07,2360.0,ASK
242,1712453124.7995956,289630.1168129,2360.0,4.653028056378635e-08,2360.0,BID
243,1712453130.9183855,289630.1168129,2360.0,0.0,2360.0,BID
244,1712453136.9883506,289672.48969425,2360.0,6.625679291958435e-09,2360.0,BID
245,1712453139.2989683,290096.39813002,2359.0,-6.628487974109652e-08,2360.0,ASK
246,1712453139.458311,290254.39913002,2359.0,2.470598931334827e-08,2360.0,BID
247,1712453140.0384753,290532.48306389,2359.0,4.3482881110923065e-08,2360.0,BID
248,1712453141.1188707,290759.79806389,2359.0,3.5544344407720203e-08,2360.0,BID
249,1712453144.26854,290759.79836064,2359.0,4.640161815036855e-14,2360.0,BID
250,1712453158.030826,291395.88252475,2360.0,9.946195632238465e-08,2360.0,BID
251,1712453158.0323372,292794.74820361,2360.0,2.187350745421039e-07,2360.0,BID
252,1712453160.6496956,292794.74820361,2360.0,0.0,2360.0,BID
253,1712453163.3085902,292878.44242843,2360.0,-1.3071670585300248e-08,2360.0,ASK
254,1712453166.7588172,292888.44242843,2360.0,1.5618366277257802e-09,2360.0,BID
255,1712453172.7483876,293100.39664631,2359.0,-3.31037860885915e-08,2360.0,ASK
256,1712453184.1686866,293104.0031891,2359.0,5.632830628909747e-10,2360.0,BID
257,1712453184.172147,293592.88630652,2359.0,7.635555594633456e-08,2360.0,BID
258,1712453190.6150146,293592.88630652,2359.0,0.0,2360.0,BID
259,1712453198.608607,293765.6379959,2360.0,2.6973059402024728e-08,2360.0,BID
260,1712453198.610679,294394.00001924,2359.0,9.811103001283397e-08,2360.0,BID
261,1712453220.921623,294394.00001924,2359.0,0.0,2360.0,BID
262,1712453221.0293393,294740.67741533,2358.0,-5.4113458323809866e-08,2360.0,ASK
263,1712453221.0318663,295087.34741533,2358.0,-5.4112303855668834e-08,2360.0,ASK
264,1712453222.9183187,295163.45741533,2358.0,1.1880138017291348e-08,2360.0,BID
265,1712453230.7491302,295165.81793035,2358.0,3.6845676297284016e-10,2360.0,BID
266,1712453230.752947,295513.60567502,2358.0,5.428677450273087e-08,2360.0,BID
267,1712453230.756154,295757.07765622,2359.0,3.800395138614745e-08,2360.0,BID
268,1712453232.8888495,296288.23492624,2359.0,8.290923238373844e-08,2360.0,BID
269,1712453233.4187236,296613.60567502,2359.0,5.078766787934393e-08,2360.0,BID
270,1712453246.4396272,296717.01059638,2360.0,1.6140648238388697e-08,2360.0,BID
271,1712453246.4411151,297282.72439509,2360.0,8.830321911657535e-08,2360.0,BID
272,1712453246.4425168,297414.45313264,2360.0,2.0561760385461995e-08,2360.0,BID
273,1712453246.5289035,297676.66681505,2360.0,4.092937507625496e-08,2360.0,BID
274,1712453250.918465,297676.66681505,2360.0,0.0,2360.0,BID
275,1712453258.5386665,298170.56512013,2360.0,7.70003447647583e-08,2360.0,BID
276,1712453263.2593648,298359.54817097,2360.0,2.9463069461265783e-08,2360.0,BID
277,1712453265.3694158,298431.98275085,2360.0,1.1292785511270448e-08,2360.0,BID
278,1712453265.3720934,298465.33917709,2360.0,5.200374842720633e-09,2360.0,BID
279,1712453265.374512,298534.54795921,2360.0,1.0789873196927969e-08,2360.0,BID
280,1712453265.4484737,298777.51427267,2360.0,3.7879234875311936e-08,2360.0,BID
281,1712453280.928608,298777.51427267,2360.0,0.0,2360.0,BID
282,1712453310.9383895,298777.51427267,2360.0,0.0,2360.0,BID
283,1712453337.6157198,298824.12823098,2361.0,7.264324696422917e-09,2361.0,BID
284,1712453337.617256,299845.01025909,2361.0,1.590943742562364e-07,2361.0,BID
285,1712453340.5763896,299845.01025909,2361.0,0.0,2361.0,BID
286,1712453350.458703,299942.65617183,2361.0,-1.521117588567799e-08,2361.0,ASK
287,1712453354.884066,299951.12651293,2360.0,-1.3195006802389886e-09,2361.0,ASK
288,1712453354.8876617,300077.71187004,2360.0,-1.971933158818681e-08,2361.0,ASK
289,1712453358.2146535,300823.15871459,2361.0,1.1612491242785589e-07,2361.0,BID
290,1712453358.628368,301196.57335748,2360.0,-5.8170133822289656e-08,2361.0,ASK
291,1712453358.6981156,305696.57335748,2360.0,7.010051886942883e-07,2361.0,BID
292,1712453358.8582857,305808.17975913,2360.0,1.7385925921811183e-08,2361.0,BID
293,1712453360.980614,305899.924254,2360.0,1.4291859319559188e-08,2361.0,BID
294,1712453367.7696545,306499.08353759,2359.0,-9.333639258909508e-08,2361.0,ASK
295,1712453367.7723582,306664.85474615,2356.0,-2.5823661630379616e-08,2361.0,ASK
296,1712453367.7749906,306707.2276275,2359.0,-6.6008021525047075e-09,2361.0,ASK
297,1712453367.7775772,308004.3276275,2357.0,-2.020608511678545e-07,2361.0,ASK
298,1712453367.780149,308358.69283285,2358.0,-5.5202632809567744e-08,2361.0,ASK
299,1712453367.7816043,309901.0657142,2357.0,-2.402691983839432e-07,2361.0,ASK
300,1712453370.631667,309901.0657142,2357.0,-0.0,2361.0,ASK
301,1712453399.4991722,310006.06754265,2356.0,-1.6296847868626148e-08,2361.0,ASK
302,1712453399.5008411,310613.34244317,2356.0,-9.425232697664232e-08,2361.0,ASK
303,1712453400.7259517,310613.34244317,2356.0,-0.0,2361.0,ASK
304,1712453414.430087,311410.53229885,2356.0,-1.2447838912627725e-07,2361.0,ASK
305,1712453430.6335473,311410.53229885,2356.0,-0.0,2361.0,ASK
306,1712453440.909377,311414.77678102,2355.0,6.62566634742728e-10,2361.0,BID
307,1712453448.6588695,311462.59323541,2355.0,7.464181966559632e-09,2361.0,BID
308,1712453448.668072,313583.93962603,2355.0,3.3114365495492817e-07,2361.0,BID
309,1712453454.688988,315083.93962603,2356.0,2.341510488945753e-07,2361.0,BID
310,1712453454.6924736,315171.79492954,2355.0,1.3714274311883817e-08,2361.0,BID
311,1712453454.695786,316555.07714725,2356.0,2.159313214626721e-07,2361.0,BID
312,1712453460.9134672,316555.07714725,2356.0,0.0,2361.0,BID
313,1712453470.812608,316645.89514725,2356.0,-1.4149986159169053e-08,2361.0,ASK
314,1712453473.778298,316724.85643417,2356.0,-1.2302639532126157e-08,2361.0,ASK
315,1712453489.0185883,316771.23458595,2356.0,7.225992708218383e-09,2361.0,BID
316,1712453489.0208404,317381.94430665,2356.0,9.515221756896772e-08,2361.0,BID
317,1712453489.0986218,317386.81918883,2356.0,-7.595357239086201e-10,2361.0,ASK
318,1712453490.1760886,317544.27993214,2356.0,2.4533323112712883e-08,2361.0,BID
319,1712453490.9099984,317544.27993214,2356.0,0.0,2361.0,BID
320,1712453499.9684656,319528.84495014,2356.0,3.090948312849853e-07,2361.0,BID
321,1712453503.6382585,319603.70115014,2356.0,1.1658809008416868e-08,2361.0,BID
322,1712453506.1086774,320486.46520105,2356.0,1.3748998037637917e-07,2361.0,BID
323,1712453512.5980847,320539.34410964,2356.0,8.235858830986614e-09,2361.0,BID
324,1712453514.729335,320543.58859181,2356.0,6.610755950746727e-10,2361.0,BID
325,1712453520.5896504,320543.58859181,2356.0,0.0,2361.0,BID
326,1712453529.8095186,320649.7828385,2353.0,-1.6521508007502746e-08,2361.0,ASK
327,1712453529.8130348,321054.15669235,2354.0,-6.291174967239527e-08,2361.0,ASK
328,1712453529.8159132,321583.82591605,2353.0,-8.24049757256249e-08,2361.0,ASK
329,1712453537.978194,321600.82549106,2353.0,-2.644763001817329e-09,2361.0,ASK
330,1712453550.638088,321600.82549106,2353.0,-0.0,2361.0,ASK
331,1712453553.3784733,321699.82549106,2356.0,1.5396280407422372e-08,2361.0,BID
332,1712453553.8435037,322025.32629619,2356.0,5.06212289759915e-08,2361.0,BID
333,1712453553.8452528,322243.56433254,2356.0,3.393993942636165e-08,2361.0,BID
334,1712453580.888559,322243.56433254,2356.0,0.0,2361.0,BID
335,1712453592.7685542,322245.68657362,2356.0,3.299689465417252e-10,2361.0,BID
336,1712453610.928413,322245.68657362,2356.0,0.0,2361.0,BID
337,1712453631.7981565,322251.27510865,2355.0,8.689123965801686e-10,2361.0,BID
338,1712453640.6484232,322251.27510865,2355.0,0.0,2361.0,BID
339,1712453670.6288574,322251.27510865,2355.0,0.0,2361.0,BID
340,1712453688.4492254,322562.12096852,2355.0,4.83306030867612e-08,2361.0,BID
341,1712453690.337988,322818.53122493,2353.0,-3.986690488690757e-08,2361.0,ASK
342,1712453700.9385686,322818.53122493,2353.0,-0.0,2361.0,ASK
343,1712453711.2488668,323397.79210311,2353.0,-9.044403168455141e-08,2361.0,ASK
344,1712453715.1908395,324897.79210311,2354.0,-2.342054377176065e-07,2361.0,ASK
345,1712453716.1885724,325520.81852532,2354.0,-9.72774506155484e-08,2361.0,ASK
346,1712453724.6784382,325605.78029252,2354.0,1.3265671917563145e-08,2361.0,BID
347,1712453730.950082,325605.78029252,2354.0,0.0,2361.0,BID
348,1712453751.4486916,325627.02073432,2354.0,-3.313024273306516e-09,2361.0,ASK
349,1712453751.4617546,326349.19575556,2354.0,-1.1264282529877693e-07,2361.0,ASK
350,1712453751.5886571,326402.26039202,2354.0,8.276872501130413e-09,2361.0,BID
351,1712453760.559054,326402.26039202,2354.0,0.0,2361.0,BID
352,1712453773.098138,326407.1352742,2356.0,7.60148088284709e-10,2361.0,BID
353,1712453790.6393538,326407.1352742,2356.0,0.0,2361.0,BID
354,1712453794.0388246,327402.26039202,2356.0,1.5517115558189177e-07,2361.0,BID
355,1712453820.9118145,327402.26039202,2356.0,0.0,2361.0,BID
356,1712453849.0788057,327406.85662937,2360.0,7.16435358947847e-10,2361.0,BID
357,1712453849.087992,327919.55048522,2360.0,7.991580474938609e-08,2361.0,BID
358,1712453850.928759,327919.55048522,2360.0,0.0,2361.0,BID
359,1712453862.208758,328641.72550646,2360.0,-1.1254712155897777e-07,2361.0,ASK
360,1712453880.608641,328641.72550646,2360.0,-0.0,2361.0,ASK
361,1712453894.5594845,329532.7966869,2363.0,1.3883181099353876e-07,2363.0,BID
362,1712453910.5839808,329532.7966869,2363.0,0.0,2363.0,BID
363,1712453929.3264885,331376.55995126,2363.0,2.87170151836571e-07,2363.0,BID
364,1712453940.9411418,331376.55995126,2363.0,0.0,2363.0,BID
365,1712453948.9864566,331641.72550646,2363.0,4.127210730658696e-08,2363.0,BID
366,1712453949.092103,331760.73460646,2363.0,-1.8523357386883825e-08,2363.0,ASK
367,1712453949.0951502,332774.72079466,2363.0,-1.578234651752502e-07,2363.0,ASK
368,1712453951.0300975,332787.41652043,2363.0,1.976046081552001e-09,2363.0,BID
369,1712453965.3923817,332973.52714928,2360.0,-2.896747972789937e-08,2363.0,ASK
370,1712453965.3961258,333042.33142043,2360.0,-1.0709148327772775e-08,2363.0,ASK
371,1712453965.588847,333131.70850344,2360.0,-1.3911235786102177e-08,2363.0,ASK
372,1712453965.5926492,333169.04822043,2360.0,-5.811798614810804e-09,2363.0,ASK
373,1712453965.7286203,333434.6676171,2360.0,-4.1342746171563936e-08,2363.0,ASK
374,1712453965.7324986,337681.40145357,2360.0,-6.609895258420542e-07,2363.0,ASK
375,1712453970.9182968,337681.40145357,2360.0,-0.0,2363.0,ASK
376,1712453971.8882697,337808.45657007,2360.0,-1.9729985907518945e-08,2363.0,ASK
377,1712453990.8481424,337933.02619133,2358.0,-1.9344021237935573e-08,2363.0,ASK
378,1712453998.518489,337937.25989158,2362.0,6.574378786929602e-10,2363.0,BID
379,1712454000.723559,337937.25989158,2362.0,0.0,2363.0,BID
380,1712454030.6222773,337937.25989158,2362.0,0.0,2363.0,BID
381,1712454059.1288683,337959.49629249,2362.0,3.467883606532059e-09,2363.0,BID
382,1712454059.133108,337979.59689412,2361.0,3.1347944820827822e-09,2363.0,BID
383,1712454060.8885398,337979.59689412,2361.0,0.0,2363.0,BID
384,1712454061.4987454,338040.24205923,2362.0,9.457784807940924e-09,2363.0,BID
385,1712454064.128316,338048.71304609,2361.0,1.321074329459688e-09,2363.0,BID
386,1712454079.6284893,338542.40216087,2361.0,7.69922120113429e-08,2363.0,BID
387,1712454079.948972,338636.76181978,2361.0,1.4715655351952589e-08,2363.0,BID
388,1712454079.95328,338836.4213095,2362.0,3.113746141526419e-08,2363.0,BID
389,1712454088.0982192,338984.77984861,2362.0,2.3136933253913362e-08,2363.0,BID
390,1712454090.591741,339058.95911816,2362.0,1.1568466626180542e-08,2363.0,BID
391,1712454090.9183743,339058.95911816,2362.0,0.0,2363.0,BID
392,1712454094.0487902,339096.04875294,2362.0,5.7819349862871215e-09,2363.0,BID
393,1712454094.9683175,339249.74692955,2362.0,2.3960140614506345e-08,2363.0,BID
394,1712454094.9716115,339284.09868569,2362.0,5.355124736179228e-09,2363.0,BID
395,1712454100.1682851,339599.2435367,2362.0,4.91282011971922e-08,2363.0,BID
396,1712454106.5984545,339740.2073959,2362.0,2.1974976948261205e-08,2363.0,BID
397,1712454107.1381712,339924.69060779,2360.0,-2.875924617581763e-08,2363.0,ASK
398,1712454109.9684324,339965.08092073,2362.0,6.296480536408433e-09,2363.0,BID
399,1712454113.4719307,340031.97626017,2362.0,1.0428371857032576e-08,2363.0,BID
400,1712454120.6285286,340031.97626017,2362.0,0.0,2363.0,BID
401,1712454123.164003,340096.13372097,2362.0,9.997980118335188e-09,2363.0,BID
402,1712454136.488371,340356.6748589,2362.0,-4.060143722258561e-08,2363.0,ASK
403,1712454136.5484364,340705.50441427,2362.0,-5.435986580184983e-08,2363.0,ASK
404,1712454150.5977068,340705.50441427,2362.0,-0.0,2363.0,ASK
405,1712454151.5784,340707.80441427,2363.0,3.5833174399482807e-10,2363.0,BID
406,1712454151.5816667,342574.78350679,2363.0,2.908686409686813e-07,2363.0,BID
407,1712454151.584846,345705.50441427,2363.0,4.877550794539365e-07,2363.0,BID
408,1712454156.130829,345825.15645265,2360.0,-1.864135808063099e-08,2363.0,ASK
409,1712454156.1328323,346079.39374078,2360.0,-3.9609256888962563e-08,2363.0,ASK
410,1712454156.1347125,346121.76662213,2360.0,-6.601542814045687e-09,2363.0,ASK
411,1712454156.137966,346531.76662213,2359.0,-6.387652827766225e-08,2363.0,ASK
412,1712454156.1398396,346975.50441427,2358.0,-6.913275518901814e-08,2363.0,ASK
413,1712454166.214875,348475.50441427,2359.0,-2.336946156499838e-07,2363.0,ASK
414,1712454166.218156,350278.75025673,2359.0,-2.809392293840836e-07,2363.0,ASK
415,1712454166.2886026,352017.71516201,2359.0,2.709244901121436e-07,2363.0,BID
416,1712454169.968351,352026.18256251,2362.0,1.3191906036055263e-09,2363.0,BID
417,1712454170.7415416,352627.26450999,2358.0,-9.364640979365165e-08,2363.0,ASK
418,1712454170.7484686,354284.60866532,2358.0,-2.582082702530575e-07,2363.0,ASK
419,1712454170.840967,355285.03127211,2358.0,1.558622510542341e-07,2363.0,BID
420,1712454170.8430326,355886.11321958,2358.0,9.364640979209185e-08,2363.0,BID
421,1712454170.8451073,356096.32315479,2358.0,3.274995334314006e-08,2363.0,BID
422,1712454170.847163,357068.39331025,2358.0,1.5144504091003576e-07,2363.0,BID
423,1712454170.8525198,357072.19331025,2362.0,5.92026359644811e-10,2363.0,BID
424,1712454170.8546145,357114.19331025,2362.0,6.543449238199546e-09,2363.0,BID
425,1712454171.4482536,357328.35980201,2362.0,3.3366370651305624e-08,2363.0,BID
426,1712454172.0580454,357537.78531025,2363.0,3.262774243696699e-08,2363.0,BID
427,1712454180.87861,357537.78531025,2363.0,0.0,2363.0,BID
428,1712454185.6481829,357602.89697459,2362.0,1.0081769077786438e-08,2363.0,BID
429,1712454196.6087525,357619.99859888,2362.0,2.6479837168102e-09,2363.0,BID
430,1712454210.9132164,357619.99859888,2362.0,0.0,2363.0,BID
431,1712454215.990841,357707.3727245,2361.0,-1.3528440432472537e-08,2363.0,ASK
432,1712454230.3791687,358044.110971,2361.0,5.2138356484648523e-08,2363.0,BID
433,1712454240.569594,358044.110971,2361.0,0.0,2363.0,BID
434,1712454247.770342,358380.51244413,2361.0,5.2078138531346344e-08,2363.0,BID
435,1712454252.3084676,358384.74793756,2361.0,6.55694553128792e-10,2363.0,BID
436,1712454270.5375686,358384.74793756,2361.0,0.0,2363.0,BID
437,1712454272.118232,358392.16266319,2361.0,1.147726952819717e-09,2363.0,BID
438,1712454272.1282578,358477.12443039,2361.0,1.3151249964075774e-08,2363.0,BID
439,1712454284.3288743,358522.8334967,2362.0,7.0753160683627804e-09,2363.0,BID
440,1712454284.3311408,358525.3334967,2362.0,3.8697553021445757e-10,2363.0,BID
441,1712454300.647419,358525.3334967,2362.0,0.0,2363.0,BID
442,1712454305.848659,358598.68263923,2362.0,-1.1386435018794753e-08,2363.0,ASK
443,1712454322.997967,358769.83063846,2362.0,-2.6568348376154648e-08,2363.0,ASK
444,1712454323.0785234,358769.83063847,2362.0,-1.554180032989159e-18,2363.0,ASK
445,1712454324.6387706,358787.6402449,2363.0,2.764693891855766e-09,2363.0,BID
446,1712454324.6424086,358789.9402449,2363.0,3.5704303608434793e-10,2363.0,BID
447,1712454328.5887873,360357.75715095,2362.0,-2.433817861579574e-07,2363.0,ASK
448,1712454328.6511607,360937.72266717,2362.0,-9.003158640715214e-08,2363.0,ASK
449,1712454328.6579046,361343.81402773,2362.0,-6.304004013161428e-08,2363.0,ASK
450,1712454330.5939276,361343.81402773,2362.0,-0.0,2363.0,ASK
451,1712454350.5974343,361767.18405313,2360.0,6.56544621935789e-08,2363.0,BID
452,1712454357.4203734,362545.97792267,2360.0,1.2077211327373466e-07,2363.0,BID
453,1712454357.4245386,363617.00321429,2360.0,1.660901464401104e-07,2363.0,BID
454,1712454357.5238397,363933.60321429,2360.0,-4.9097010849667295e-08,2363.0,ASK
455,1712454358.5287971,363956.24616631,2360.0,-3.511374797833161e-09,2363.0,ASK
456,1712454360.9180737,363956.24616631,2360.0,-0.0,2363.0,ASK
457,1712454364.4684458,364379.88516631,2360.0,-6.56334218524174e-08,2363.0,ASK
458,1712454367.9411523,365879.88516631,2360.0,-2.3239157107494922e-07,2363.0,ASK
459,1712454368.018123,366365.88516631,2360.0,-7.529486902828353e-08,2363.0,ASK
460,1712454369.0085013,367865.88516631,2360.0,-2.3239157107494922e-07,2363.0,ASK
461,1712454369.5374806,368414.72516631,2360.0,-8.503052657917834e-08,2363.0,ASK
462,1712454369.6095884,368631.978456,2360.0,-3.365855554150806e-08,2363.0,ASK
463,1712454369.6281793,368673.00714792,2360.0,-6.356481449632787e-09,2363.0,ASK
464,1712454369.6884418,368982.41012323,2360.0,-4.793509568503475e-08,2363.0,ASK
465,1712454369.728277,370149.43308523,2360.0,-1.8080419974647859e-07,2363.0,ASK
466,1712454369.7682765,370444.16341814,2360.0,-4.5661896738926644e-08,2363.0,ASK
467,1712454369.7884731,378532.87366595,2360.0,-1.2531653883057466e-06,2363.0,ASK
468,1712454370.64842,378575.2465473,2357.0,-6.564733645264558e-09,2363.0,ASK
469,1712454370.7943456,378611.53666595,2357.0,5.622345125047996e-09,2363.0,BID
470,1712454385.8109927,378626.48480728,2357.0,2.3158813655496196e-09,2363.0,BID
471,1712454385.8156729,379035.08600944,2360.0,6.330365020871741e-08,2363.0,BID
472,1712454390.898034,379035.08600944,2360.0,0.0,2363.0,BID
473,1712454397.0385897,380306.27245011,2360.0,1.958621773795035e-07,2363.0,BID
474,1712454407.3294165,383417.9635518,2360.0,4.79443907683759e-07,2363.0,BID
475,1712454415.3045535,383454.25368041,2360.0,-5.591519370822367e-09,2363.0,ASK
476,1712454415.30756,383631.25012885,2360.0,-2.7271302360358875e-08,2363.0,ASK
477,1712454419.119182,383844.40732885,2357.0,-3.2842887542221615e-08,2363.0,ASK
478,1712454420.6100855,383844.40732885,2357.0,-0.0,2363.0,ASK
479,1712454435.1649098,384613.53735837,2357.0,-1.1829933726696689e-07,2363.0,ASK
480,1712454435.167545,384615.89416787,2357.0,-3.62499175964166e-10,2363.0,ASK
481,1712454442.248624,384844.40732885,2357.0,3.5147445117421335e-08,2363.0,BID
482,1712454442.2536378,385086.44039666,2357.0,3.7226932273704136e-08,2363.0,BID
483,1712454450.6307964,385086.44039666,2357.0,0.0,2363.0,BID
484,1712454454.0380754,385106.44039666,2357.0,3.0748011332565233e-09,2363.0,BID
485,1712454459.0961778,385139.98908087,2356.0,-5.157776611407531e-09,2363.0,ASK
486,1712454459.0993392,385204.29259666,2356.0,-9.886026161169257e-09,2363.0,ASK
487,1712454463.573944,389683.7490345,2356.0,-6.886718865721846e-07,2363.0,ASK
488,1712454463.5761564,390412.85986108,2356.0,-1.1209353979189361e-07,2363.0,ASK
489,1712454463.8480964,390417.10614558,2355.0,-6.528240196360613e-10,2363.0,ASK
490,1712454463.8517258,390421.9528547,2355.0,-7.45133334732564e-10,2363.0,ASK
491,1712454476.8180473,391849.60293624,2355.0,-2.194870044306468e-07,2363.0,ASK
492,1712454478.2482054,391852.60293624,2355.0,4.612201699884785e-10,2363.0,BID
493,1712454480.937964,391852.60293624,2355.0,0.0,2363.0,BID
494,1712454482.5381095,391857.59996636,2357.0,7.66365665608413e-10,2363.0,BID
495,1712454486.241994,391861.84264773,2356.0,6.506755520719066e-10,2363.0,BID
496,1712454488.3782637,391866.0871299,2356.0,6.50951730369504e-10,2363.0,BID
497,1712454490.168122,391889.19515197,2356.0,3.5439439605386918e-09,2363.0,BID
498,1712454491.208057,391893.43783334,2357.0,6.506755520719066e-10,2363.0,BID
499,1712454493.218397,391903.43783334,2355.0,-1.53364227790656e-09,2363.0,ASK
500,1712454493.2207575,391980.51012633,2355.0,-1.1820132698465466e-08,2363.0,ASK
501,1712454493.438094,393062.11543418,2355.0,1.6587956281268957e-07,2363.0,BID
502,1712454495.3687096,393066.36171868,2355.0,6.512281433215136e-10,2363.0,BID
503,1712454510.9281487,393066.36171868,2355.0,0.0,2363.0,BID
504,1712454525.3481932,394582.25147687,2353.0,-2.3238138983119346e-07,2363.0,ASK
505,1712454531.815836,394597.1996182,2355.0,2.2915055919469272e-09,2363.0,BID
506,1712454540.613231,394597.1996182,2355.0,0.0,2363.0,BID
507,1712454570.6036804,394597.1996182,2355.0,0.0,2363.0,BID
508,1712454580.3483453,394725.67927558,2356.0,-1.9684679540284443e-08,2363.0,ASK
509,1712454600.6352973,394725.67927558,2356.0,-0.0,2363.0,ASK
510,1712454612.8117647,395326.76122306,2357.0,-9.257775851153736e-08,2363.0,ASK
511,1712454612.8140683,395621.39826166,2357.0,-4.537956383887299e-08,2363.0,ASK
512,1712454614.738572,395804.01127257,2357.0,2.8125787666666362e-08,2363.0,BID
513,1712454621.0859573,395808.28843253,2359.0,6.58761893537145e-10,2363.0,BID
514,1712454621.0897624,396889.89374038,2359.0,1.665872605469649e-07,2363.0,BID
515,1712454625.918259,397103.18024038,2360.0,3.2850073394402886e-08,2363.0,BID
516,1712454625.9279168,397316.46674038,2360.0,3.2850073394402886e-08,2363.0,BID
517,1712454630.6100657,397316.46674038,2360.0,0.0,2363.0,BID
518,1712454635.178493,397358.80374293,2362.0,6.5145524582568494e-09,2363.0,BID
519,1712454636.5783525,397414.35741115,2362.0,8.548250090219198e-09,2363.0,BID
520,1712454657.9893465,397416.85741115,2364.0,3.846843225710327e-10,2364.0,BID
521,1712454657.994431,397459.41060265,2365.0,6.547818258167851e-09,2365.0,BID
522,1712454657.9993844,397485.96379414,2364.0,4.085838592172702e-09,2365.0,BID
523,1712454658.002911,397831.79984396,2365.0,5.3215082618251343e-08,2365.0,BID
524,1712454658.0051315,397836.99126027,2365.0,7.98822586563245e-10,2365.0,BID
525,1712454660.8884048,397836.99126027,2365.0,0.0,2365.0,BID
526,1712454690.9299,397836.99126027,2365.0,0.0,2365.0,BID
527,1712454693.3980093,398048.40775075,2365.0,3.252528428826128e-08,2365.0,BID
528,1712454716.9319224,398163.61068316,2365.0,1.7723348443487913e-08,2365.0,BID
529,1712454716.934331,399001.55062962,2365.0,1.2891253143603337e-07,2365.0,BID
530,1712454720.666927,399001.55062962,2365.0,0.0,2365.0,BID
531,1712454722.638101,399018.69452845,2363.0,-2.6363790904748197e-09,2365.0,ASK
532,1712454736.3284323,399246.10038182,2363.0,-3.497034384181598e-08,2365.0,ASK
533,1712454736.3308954,399295.44729597,2363.0,-7.588540619270556e-09,2365.0,ASK
534,1712454744.5188172,399722.98042978,2363.0,-6.574580412747768e-08,2365.0,ASK
535,1712454748.618256,399726.8135187,2363.0,-5.894502517141563e-10,2365.0,ASK
536,1712454750.6180167,399726.8135187,2363.0,-0.0,2365.0,ASK
537,1712454767.7883685,399853.66341299,2365.0,1.9501765558156258e-08,2365.0,BID
538,1712454780.400527,400413.08392038,2365.0,8.600470378481565e-08,2365.0,BID
539,1712454780.9281707,400413.08392038,2365.0,0.0,2365.0,BID
540,1712454788.6282697,400432.78696526,2365.0,3.028369163572822e-09,2365.0,BID
541,1712454795.2180214,400445.47195468,2365.0,1.949690062308672e-09,2365.0,BID
542,1712454803.0183735,400664.27195468,2363.0,-3.3629683991739724e-08,2365.0,ASK
543,1712454803.088464,400676.95694325,2363.0,-1.949689931671142e-09,2365.0,ASK
544,1712454803.0938573,400819.25015753,2363.0,-2.187054767095526e-08,2365.0,ASK
545,1712454810.9193974,400819.25015753,2363.0,-0.0,2365.0,ASK
546,1712454840.5990462,400819.25015753,2363.0,-0.0,2365.0,ASK
547,1712454844.8620944,400875.21156252,2363.0,-8.60003092059851e-09,2365.0,ASK
548,1712454844.8672829,400896.37110547,2363.0,-3.2517540199025273e-09,2365.0,ASK
549,1712454854.5582404,401911.95137547,2362.0,-1.560722381060789e-07,2365.0,ASK
550,1712454870.654318,401911.95137547,2362.0,-0.0,2365.0,ASK
551,1712454876.0781436,401911.95137629,2362.0,-1.259704455716292e-16,2365.0,ASK
552,1712454876.082644,401917.95137547,2362.0,-9.217016525520339e-10,2365.0,ASK
553,1712454898.1656842,401956.85693429,2362.0,-5.976553793134e-09,2365.0,ASK
554,1712454898.169048,402046.58360741,2362.0,-1.3783539032609312e-08,2365.0,ASK
555,1712454899.608072,402091.36880741,2362.0,-6.879766415245016e-09,2365.0,ASK
556,1712454900.4148784,402431.04807399,2362.0,-5.21804973556621e-08,2365.0,ASK
557,1712454900.4207747,402558.05908161,2362.0,-1.95110452692177e-08,2365.0,ASK
558,1712454900.606701,402558.05908161,2362.0,-0.0,2365.0,ASK
559,1712454921.858173,402647.65908161,2362.0,-1.3786420949555904e-08,2365.0,ASK
560,1712454930.6285424,402647.65908161,2362.0,-0.0,2365.0,ASK
561,1712454939.0582428,402697.51001813,2362.0,-7.67012964865323e-09,2365.0,ASK
562,1712454939.4637408,402786.34143376,2362.0,-1.3667716643232358e-08,2365.0,ASK
563,1712454940.5412705,402837.86903376,2362.0,-7.928103262913273e-09,2365.0,ASK
564,1712454955.8240204,402927.43503376,2362.0,-1.3780740745666543e-08,2365.0,ASK
565,1712454958.134569,402930.43503376,2362.0,-4.6158388492288925e-10,2365.0,ASK
566,1712454960.9260962,402930.43503376,2362.0,-0.0,2365.0,ASK
567,1712454964.288597,403011.06500879,2362.0,-1.24045575983551e-08,2365.0,ASK
568,1712454964.2913406,403019.73503376,2362.0,-1.333844194789513e-09,2365.0,ASK
569,1712454987.248283,403023.96873401,2362.0,6.513356674803144e-10,2365.0,BID
570,1712454990.8980148,403023.96873401,2362.0,0.0,2365.0,BID
571,1712454992.571005,403104.17073401,2361.0,-1.2338296211455238e-08,2365.0,ASK
572,1712454993.468611,403197.75083796,2362.0,1.4396387147875685e-08,2365.0,BID
573,1712454993.4742086,403527.54075941,2362.0,5.073496594104154e-08,2365.0,BID
574,1712454999.5773082,403798.83278544,2362.0,4.173563473435292e-08,2365.0,BID
575,1712454999.5799408,403927.54075941,2362.0,1.9800467664374016e-08,2365.0,BID
576,1712455007.8032722,404015.44075941,2361.0,-1.3522558502114869e-08,2365.0,ASK
577,1712455011.778157,404033.1986036,2362.0,-2.7318712961407074e-09,2365.0,ASK
578,1712455015.9186635,404177.68586236,2363.0,2.2227956875920746e-08,2365.0,BID
579,1712455015.9238005,404187.68586236,2363.0,1.538402559968173e-09,2365.0,BID
580,1712455020.722858,404187.68586236,2363.0,0.0,2365.0,BID
581,1712455032.2585294,404204.48000765,2365.0,2.582523568370585e-09,2365.0,BID
582,1712455032.2647,404207.68586236,2365.0,4.929810480041833e-10,2365.0,BID
583,1712455034.8287964,405139.80284665,2365.0,1.433365044092631e-07,2365.0,BID
584,1712455040.4288082,405182.08614475,2365.0,-6.5021239251043475e-09,2365.0,ASK
585,1712455044.6585474,405351.50588214,2366.0,2.605255922239879e-08,2366.0,BID
586,1712455044.6643808,405412.08188229,2366.0,9.315088405142504e-09,2366.0,BID
587,1712455044.747642,413898.51442914,2366.0,1.3050031237195134e-06,2366.0,BID
588,1712455050.6153352,413898.51442914,2366.0,0.0,2366.0,BID
589,1712455056.6337907,413901.00715867,2365.0,-3.8197057240378684e-10,2366.0,ASK
590,1712455075.15843,415134.10834704,2365.0,-1.8895285713525445e-07,2366.0,ASK
591,1712455080.9226434,415134.10834704,2365.0,-0.0,2366.0,ASK
592,1712455098.370232,415334.10834704,2365.0,-3.0633055594618527e-08,2366.0,ASK
593,1712455110.9127731,415334.10834704,2365.0,-0.0,2366.0,ASK
594,1712455126.7592254,415416.23472571,2365.0,-1.2577998377443574e-08,2366.0,ASK
595,1712455126.7619543,416081.23559904,2365.0,-1.0184766504017409e-07,2366.0,ASK
596,1712455126.8380516,416081.23559924,2365.0,-3.063106971530378e-17,2366.0,ASK
597,1712455140.650561,416081.23559924,2365.0,-0.0,2366.0,ASK
598,1712455151.808522,416118.41786562,2365.0,-5.6930789644419205e-09,2366.0,ASK
599,1712455170.8972194,416118.41786562,2365.0,-0.0,2366.0,ASK
600,1712455182.830154,416195.40604384,2362.0,-1.1787712782463497e-08,2366.0,ASK
601,1712455182.839782,417562.03972615,2362.0,-2.0924622063243934e-07,2366.0,ASK
602,1712455201.3930233,417562.03972615,2362.0,-0.0,2366.0,ASK
603,1712455202.1490405,418408.77977695,2367.0,1.307454915810645e-07,2367.0,BID
604,1712455227.7685175,418413.00453402,2367.0,6.523465370510141e-10,2367.0,BID
605,1712455230.9780552,418413.00453402,2367.0,0.0,2367.0,BID
606,1712455234.2533429,418497.53810162,2367.0,1.3048805724687583e-08,2367.0,BID
607,1712455236.178244,418655.56417332,2363.0,-2.4393286212719223e-08,2367.0,ASK
608,1712455260.6046796,418655.56417332,2363.0,-0.0,2367.0,ASK
609,1712455270.518197,418740.20234513,2363.0,1.306379617335628e-08,2367.0,BID
610,1712455290.6204984,418740.20234513,2363.0,0.0,2367.0,BID
611,1712455290.9157715,418805.77505699,2364.0,1.0120753802477288e-08,2367.0,BID
612,1712455290.9187124,418887.05250797,2363.0,1.2544685856794628e-08,2367.0,BID
613,1712455310.6296034,418894.05250797,2364.0,1.0804079106655435e-09,2367.0,BID
614,1712455311.6681778,419033.86828949,2364.0,2.1579725198581852e-08,2367.0,BID
615,1712455311.67803,419082.85116157,2365.0,7.560211783192859e-09,2367.0,BID
616,1712455320.949659,419082.85116157,2365.0,0.0,2367.0,BID
617,1712455326.008892,419107.42800006,2365.0,3.792813080102327e-09,2367.0,BID
618,1712455326.0153656,419150.90236803,2365.0,6.709168534941648e-09,2367.0,BID
619,1712455328.799072,419277.68886907,2365.0,1.95662879796426e-08,2367.0,BID
620,1712455329.2790422,419485.95562176,2365.0,3.2140702884684807e-08,2367.0,BID
621,1712455331.109297,420151.65405213,2363.0,-1.0273370658049881e-07,2367.0,ASK
622,1712455331.1887264,420332.33733991,2363.0,-2.788389310227204e-08,2367.0,ASK
623,1712455337.7784002,420531.86293212,2364.0,3.079172596818263e-08,2367.0,BID
624,1712455351.0674496,420531.86293212,2364.0,0.0,2367.0,BID
625,1712455367.8892777,420575.53560386,2361.0,-6.736211176445371e-09,2367.0,ASK
626,1712455367.8950062,420764.52539528,2361.0,-2.9150383855068933e-08,2367.0,ASK
627,1712455367.9006426,420965.96398044,2360.0,-3.107052521999306e-08,2367.0,ASK
628,1712455367.90539,421389.51332393,2361.0,-6.53295918870941e-08,2367.0,ASK
629,1712455377.058462,421822.41375683,2360.0,-6.677193352743866e-08,2367.0,ASK
630,1712455380.619562,421822.41375683,2360.0,-0.0,2367.0,ASK
631,1712455395.628399,421834.84238878,2360.0,-1.916131195592734e-09,2367.0,ASK
632,1712455398.3181794,421854.54543366,2360.0,-3.037632709266897e-09,2367.0,ASK
633,1712455410.612442,421854.54543366,2360.0,-0.0,2367.0,ASK
634,1712455440.9263718,421854.54543366,2360.0,-0.0,2367.0,ASK
635,1712455470.898602,421854.54543366,2360.0,-0.0,2367.0,ASK
636,1712455473.63814,422108.78272179,2361.0,-3.91954887439326e-08,2367.0,ASK
637,1712455482.3883195,422113.01284023,2364.0,6.52152801502729e-10,2367.0,BID
638,1712455492.4281914,422142.46681036,2364.0,4.540886835232458e-09,2367.0,BID
639,1712455500.5986006,422142.46681036,2364.0,0.0,2367.0,BID
640,1712455508.1083653,422308.99775808,2364.0,2.6200392877333025e-08,2367.0,BID
641,1712455519.228464,422426.45835808,2361.0,-1.8480131829800333e-08,2367.0,ASK
642,1712455519.3084085,422444.5077244,2361.0,-2.8397153516865278e-09,2367.0,ASK
643,1712455519.3117485,422525.24837906,2361.0,-1.2702965438120953e-08,2367.0,ASK
644,1712455527.098439,422571.53997906,2361.0,-7.283079352671367e-09,2367.0,ASK
645,1712455530.5822127,422571.53997906,2361.0,-0.0,2367.0,ASK
646,1712455530.708371,422753.94947906,2361.0,-2.8693997456164883e-08,2367.0,ASK
647,1712455532.2617447,422897.57507906,2361.0,-2.2593080958168863e-08,2367.0,ASK
648,1712455534.2286372,423097.82994088,2361.0,-3.1501169049025e-08,2367.0,ASK
649,1712455534.2351353,423125.38767906,2361.0,-4.334980739676395e-09,2367.0,ASK
650,1712455534.6284163,424290.09248006,2362.0,-1.832143424387207e-07,2367.0,ASK
651,1712455534.634357,425242.23780607,2362.0,-1.497775914216594e-07,2367.0,ASK
652,1712455556.9784656,425453.92281877,2362.0,3.3299193385876855e-08,2367.0,BID
653,1712455560.9085262,425453.92281877,2362.0,0.0,2367.0,BID
654,1712455567.368368,425472.73357236,2362.0,2.955867549014147e-09,2367.0,BID
655,1712455569.7090957,425474.85343682,2361.0,-3.3310938530616736e-10,2367.0,ASK
656,1712455569.7179766,425474.85351312,2361.0,-1.1989561698648783e-14,2367.0,ASK
657,1712455574.80858,425724.10981717,2360.0,-3.9167416499443656e-08,2367.0,ASK
658,1712455574.8182216,426218.65852499,2360.0,-7.77119571449609e-08,2367.0,ASK
659,1712455574.823738,426222.89581312,2360.0,-6.658352319218397e-10,2367.0,ASK
660,1712455576.1186385,426426.47054416,2360.0,-3.1989145910647755e-08,2367.0,ASK
661,1712455576.124885,426842.82181312,2360.0,-6.542423720667055e-08,2367.0,ASK
662,1712455579.7204962,426846.53509884,2360.0,-5.834950050002031e-10,2367.0,ASK
663,1712455581.0983174,427006.75359884,2360.0,-2.517627285027348e-08,2367.0,ASK
664,1712455586.6189785,427120.94559884,2360.0,-1.7943801429423874e-08,2367.0,ASK
665,1712455587.1184788,427193.45589884,2360.0,-1.1394059345548606e-08,2367.0,ASK
666,1712455590.8788035,427193.45589884,2360.0,-0.0,2367.0,ASK
667,1712455598.5988927,427193.45589895,2360.0,-1.7275898878914598e-17,2367.0,ASK
668,1712455598.619243,428545.11461195,2360.0,-2.1225882218099282e-07,2367.0,ASK
669,1712455613.7883255,428617.44450709,2361.0,1.1358383742313405e-08,2367.0,BID
670,1712455620.5784934,428617.44450709,2361.0,0.0,2367.0,BID
671,1712455621.3984518,428744.56315109,2360.0,-1.9951649910172014e-08,2367.0,ASK
672,1712455621.4049482,428744.56315115,2360.0,-9.419077642831538e-18,2367.0,ASK
673,1712455625.488428,428748.49723486,2359.0,-6.174661594060867e-10,2367.0,ASK
674,1712455627.718346,428848.49723486,2359.0,-1.5695297937709496e-08,2367.0,ASK
675,1712455630.188927,429628.15785386,2359.0,-1.2237005705503586e-07,2367.0,ASK
676,1712455630.195429,429642.18269332,2359.0,-2.2012403385287824e-09,2367.0,ASK
677,1712455650.6190228,429642.18269332,2359.0,-0.0,2367.0,ASK
678,1712455673.831647,430032.63303814,2362.0,6.125910129206801e-08,2367.0,BID
679,1712455673.8400471,430038.80560641,2362.0,9.684355255435547e-10,2367.0,BID
680,1712455673.8432884,435056.80560641,2363.0,7.872913274677149e-07,2367.0,BID
681,1712455673.84651,435084.58216365,2362.0,4.3579598688637964e-09,2367.0,BID
682,1712455673.849784,437044.59745954,2362.0,3.075135600155944e-07,2367.0,BID
683,1712455673.8530338,437660.90927791,2363.0,9.669528689090657e-08,2367.0,BID
684,1712455673.9070597,441660.90927791,2363.0,-6.275737963074651e-07,2367.0,ASK
685,1712455673.9105234,442436.90927791,2363.0,-1.2174931648364824e-07,2367.0,ASK
686,1712455673.9186556,443101.06547366,2363.0,-1.0420175627698697e-07,2367.0,ASK
687,1712455673.92191,444991.79745984,2363.0,-2.96643462591735e-07,2367.0,ASK
688,1712455673.928691,445080.87772793,2363.0,-1.3976110505333384e-08,2367.0,ASK
689,1712455673.9489214,445251.90832204,2363.0,-2.6833579807577986e-08,2367.0,ASK
690,1712455673.9788277,445387.38002298,2363.0,-2.12546224127848e-08,2367.0,ASK
691,1712455673.9880676,445609.82964214,2363.0,-3.490088799585305e-08,2367.0,ASK
692,1712455674.2024086,445861.26783328,2363.0,-3.94490050376049e-08,2367.0,ASK
693,1712455674.9190176,447361.26783328,2363.0,-2.353401736152994e-07,2367.0,ASK
694,1712455675.1688163,447784.34883328,2363.0,-6.637863732888142e-08,2367.0,ASK
695,1712455675.3992996,448646.03623328,2363.0,-1.351931082120857e-07,2367.0,ASK
696,1712455676.9088843,448878.39783328,2363.0,-3.645601285701064e-08,2367.0,ASK
697,1712455677.048258,448948.72783205,2363.0,-1.1034316080601804e-08,2367.0,ASK
698,1712455678.1887236,449926.76409545,2363.0,-1.5344748268707494e-07,2367.0,ASK
699,1712455678.1949377,450433.66409545,2363.0,-7.952928933706719e-08,2367.0,ASK
700,1712455678.411031,450518.15919545,2363.0,-1.3256727669094736e-08,2367.0,ASK
701,1712455678.708171,450941.15419545,2363.0,-6.636514449226833e-08,2367.0,ASK
702,1712455678.868361,454396.55419545,2363.0,-5.421296239401983e-07,2367.0,ASK
703,1712455679.9193928,455370.95409545,2363.0,-1.5287696109115649e-07,2367.0,ASK
704,1712455680.5805335,455439.59409545,2363.0,-1.0769166344638293e-08,2367.0,ASK
705,1712455680.928224,455439.59409545,2363.0,-0.0,2367.0,ASK
706,1712455681.143288,455821.01999545,2363.0,-5.927632180179789e-08,2367.0,ASK
707,1712455681.3998682,456245.11999545,2363.0,-6.59081831520784e-08,2367.0,ASK
708,1712455681.4810662,467552.18269332,2363.0,-1.7571986776778716e-06,2367.0,ASK
709,1712455681.7984788,467796.54192958,2360.0,3.797517872748159e-08,2367.0,BID
710,1712455699.7084556,467841.6146918,2361.0,7.004630670985775e-09,2367.0,BID
711,1712455707.538167,467941.6146918,2361.0,1.5540717555310766e-08,2367.0,BID
712,1712455710.9659257,467941.6146918,2361.0,0.0,2367.0,BID
713,1712455740.6286874,467941.6146918,2361.0,0.0,2367.0,BID
714,1712455748.1981788,468452.13687865,2361.0,7.897623733460008e-08,2367.0,BID
715,1712455748.30457,468552.13687865,2361.0,1.5469697374347622e-08,2367.0,BID
716,1712455755.1184795,468712.13687865,2362.0,-2.47515157989562e-08,2367.0,ASK
717,1712455770.6000693,468712.13687865,2362.0,-0.0,2367.0,ASK
718,1712455774.5026546,469611.45891254,2362.0,-1.3908325209174433e-07,2367.0,ASK
719,1712455774.5097826,469664.65478154,2362.0,-8.226924482615035e-09,2367.0,ASK
720,1712455779.138299,469668.88489998,2364.0,6.54202396024256e-10,2367.0,BID
721,1712455779.982107,470178.33787834,2362.0,-7.878865895417481e-08,2367.0,ASK
722,1712455783.558673,470216.77097846,2362.0,-5.943811394828585e-09,2367.0,ASK
723,1712455783.5657375,470690.88143708,2362.0,-7.332281646692627e-08,2367.0,ASK
724,1712455787.978465,470760.43516181,2364.0,1.0756723249294844e-08,2367.0,BID
725,1712455796.4348073,470786.43628235,2364.0,4.021162905444837e-09,2367.0,BID
726,1712455800.6417477,470786.43628235,2364.0,0.0,2367.0,BID
727,1712455807.798268,470829.97047108,2365.0,6.732076623370045e-09,2367.0,BID
728,1712455823.374568,471431.05241856,2364.0,-9.295061755845709e-08,2367.0,ASK
729,1712455823.3775306,471434.5202278,2364.0,-5.362580123772345e-10,2367.0,ASK
730,1712455823.3803809,473395.79207108,2364.0,-3.032888107805703e-07,2367.0,ASK
731,1712455830.5976803,473395.79207108,2364.0,-0.0,2367.0,ASK
732,1712455840.7696016,473459.26046557,2367.0,9.805325868482353e-09,2367.0,BID
733,1712455841.718466,473462.89465906,2367.0,5.61451912004192e-10,2367.0,BID
734,1712455841.7245483,473471.18019518,2367.0,1.2800446947576811e-09,2367.0,BID
735,1712455855.4089255,473471.20912862,2367.0,4.469969814693356e-12,2367.0,BID
736,1712455855.4125316,473948.77622751,2367.0,7.378004542747587e-08,2367.0,BID
737,1712455856.4381762,473990.95252443,2367.0,6.5158783131253615e-09,2367.0,BID
738,1712455860.9229422,473990.95252443,2367.0,0.0,2367.0,BID
739,1712455867.7584164,474000.95252443,2367.0,1.5445785874507615e-09,2367.0,BID
740,1712455883.6784286,474502.69784948,2366.0,7.74985085425792e-08,2367.0,BID
741,1712455884.5185237,475426.69511145,2366.0,1.427186385701924e-07,2367.0,BID
742,1712455884.528524,477055.56409893,2366.0,2.515916159824217e-07,2367.0,BID
743,1712455884.598499,477449.42778121,2366.0,-6.083534100242035e-08,2367.0,ASK
744,1712455884.6181982,477491.74362582,2362.0,-6.536014749447532e-09,2367.0,ASK
745,1712455884.6288853,477512.90316877,2363.0,-3.2682576960884e-09,2367.0,ASK
746,1712455884.6353152,477550.12208121,2362.0,-5.748753520303326e-09,2367.0,ASK
747,1712455888.100853,477731.61698121,2362.0,-2.8033313627150272e-08,2367.0,ASK
748,1712455890.9381948,477731.61698121,2362.0,-0.0,2367.0,ASK
749,1712455891.1486032,477747.98246344,2364.0,2.524326975912781e-09,2367.0,BID
750,1712455904.5929177,477785.67300903,2364.0,5.813654595248669e-09,2367.0,BID
751,1712455920.635106,477785.67300903,2364.0,0.0,2367.0,BID
752,1712455932.3286302,477788.67300903,2362.0,-4.6273195945744645e-10,2367.0,ASK
753,1712455940.8583057,477971.01050903,2361.0,-2.8124462885860977e-08,2367.0,ASK
754,1712455942.768485,478412.46470903,2361.0,-6.809165565890316e-08,2367.0,ASK
755,1712455944.2683015,478871.16460903,2361.0,-7.075170117664599e-08,2367.0,ASK
756,1712455947.7891402,479793.71199003,2361.0,-1.4229738576749021e-07,2367.0,ASK
757,1712455949.3887138,482867.52834903,2361.0,-4.74117688937473e-07,2367.0,ASK
758,1712455949.392384,484768.08780303,2361.0,-2.931498667382607e-07,2367.0,ASK
759,1712455949.4913251,485575.48219731,2361.0,-1.2453573004005364e-07,2367.0,ASK
760,1712455949.514568,485616.01638641,2361.0,-6.252154915749233e-09,2367.0,ASK
761,1712455949.6158764,487694.05407537,2361.0,-3.205248172129662e-07,2367.0,ASK
762,1712455949.6224248,487700.47773716,2361.0,-9.90811202322086e-10,2367.0,ASK
763,1712455950.644037,487700.47773716,2361.0,-0.0,2367.0,ASK
764,1712455962.628465,487820.50773716,2361.0,-1.8447298490724983e-08,2367.0,ASK
765,1712455969.8185773,488037.18925516,2361.0,-3.3301579938081204e-08,2367.0,ASK
766,1712455969.823892,488037.29613716,2361.0,-1.64265946609327e-11,2367.0,ASK
767,1712455969.8292575,488037.29619789,2361.0,-9.333541797582878e-15,2367.0,ASK
768,1712455969.8381078,488092.21615336,2359.0,-8.440596614608193e-09,2367.0,ASK
769,1712455971.5183227,488515.76549636,2361.0,-6.509490257327799e-08,2367.0,ASK
770,1712455971.5384696,488515.76549685,2361.0,-7.530642617996986e-17,2367.0,ASK
771,1712455973.6684244,488576.49930588,2359.0,-9.334122333203096e-09,2367.0,ASK
772,1712455973.9285212,488580.73479931,2361.0,6.509490257318854e-10,2367.0,BID
773,1712455975.1189878,488886.65149931,2359.0,-4.701605163872602e-08,2367.0,ASK
774,1712455980.9286003,488886.65149931,2359.0,-0.0,2367.0,ASK
775,1712456003.1087785,488937.49489931,2360.0,-7.810713780123637e-09,2367.0,ASK
776,1712456003.2983444,489101.89489931,2360.0,-2.525561519198544e-08,2367.0,ASK
777,1712456006.1186965,489237.39749931,2360.0,-2.0816310967841973e-08,2367.0,ASK
778,1712456010.9162934,489237.39749931,2360.0,-0.0,2367.0,ASK
779,1712456014.648632,489310.38031231,2360.0,-1.1210410464565053e-08,2367.0,ASK
780,1712456040.6009278,489310.38031231,2360.0,-0.0,2367.0,ASK
781,1712456046.6984618,489310.38031286,2360.0,-8.448029515547463e-17,2367.0,ASK
782,1712456046.705299,489389.38031231,2360.0,-1.2134349913651175e-08,2367.0,ASK
783,1712456060.868287,489771.35732971,2360.0,-5.8671428105995043e-08,2367.0,ASK
784,1712456069.7604597,490071.35732971,2360.0,-4.60798101194866e-08,2367.0,ASK
785,1712456070.4953268,490502.39181246,2360.0,-6.620662373356947e-08,2367.0,ASK
786,1712456070.5140052,490581.56675353,2360.0,-1.2161220835761529e-08,2367.0,ASK
787,1712456070.5173695,491031.59955012,2360.0,-6.912475271469685e-08,2367.0,ASK
788,1712456070.520636,491099.57726198,2360.0,-1.0441333516215926e-08,2367.0,ASK
789,1712456070.6218212,491099.57726198,2360.0,-0.0,2367.0,ASK
790,1712456084.79884,491109.5836601,2359.0,-1.5359802208998555e-09,2367.0,ASK
791,1712456091.0686958,491113.05146934,2359.0,-5.323080631593212e-10,2367.0,ASK
792,1712456100.6678078,491113.05146934,2359.0,-0.0,2367.0,ASK
793,1712456114.518701,491850.47945538,2359.0,-1.138316724872007e-07,2367.0,ASK
794,1712456114.5244305,491853.76389734,2359.0,-5.069966540055604e-10,2367.0,ASK
795,1712456114.5608382,491853.76389794,2359.0,-9.261856730092118e-17,2367.0,ASK
796,1712456126.108381,493353.76389794,2358.0,-2.3154465515706137e-07,2367.0,ASK
797,1712456130.935243,493353.76389794,2358.0,-0.0,2367.0,ASK
798,1712456131.3504794,493462.86172662,2357.0,-1.6826953545940558e-08,2367.0,ASK
799,1712456157.128638,494021.47379964,2356.0,-8.615881284383274e-08,2367.0,ASK
800,1712456160.630381,494021.47379964,2356.0,-0.0,2367.0,ASK
801,1712456190.6151783,494021.47379964,2356.0,-0.0,2367.0,ASK
1002,1712456200.1842391,494103.60017831,2356.0,-1.2663877256768741e-08,2367.0,ASK
802,1712456200.1842391,494103.60017831,2356.0,-1.266387725676874e-08,2367.0,ASK
803,1712456204.2889144,494662.21225133,2356.0,-8.613791136830011e-08,2367.0,ASK
804,1712456207.0187073,496375.11865133,2356.0,-2.641299513412132e-07,2367.0,ASK
805,1712456207.098385,496375.11867115,2356.0,-3.05624144114008e-15,2367.0,ASK
806,1712456220.8684485,496375.11867115,2356.0,-0.0,2367.0,ASK
807,1712456239.0790627,496389.13140962,2355.0,-2.158916490169165e-09,2367.0,ASK
808,1712456239.086502,496587.14365615,2355.0,-3.050737764103699e-08,2367.0,ASK
809,1712456244.0208144,496587.14365653,2355.0,-5.855171807780077e-17,2367.0,ASK
810,1712456244.0302684,496651.664311,2353.0,-9.94057693933572e-09,2367.0,ASK
811,1712456244.033789,496672.9228144,2352.0,-3.275257983649791e-09,2367.0,ASK
812,1712456244.037176,496768.29568871,2354.0,-1.4693920927996929e-08,2367.0,ASK
813,1712456244.044352,496846.84417477,2353.0,-1.2101818798370446e-08,2367.0,ASK
814,1712456244.0477655,497149.50363933,2352.0,-4.6630179414521886e-08,2367.0,ASK
815,1712456250.9189343,497149.50363933,2352.0,-0.0,2367.0,ASK
816,1712456259.392597,497162.97180571,2356.0,2.074432861755359e-09,2367.0,BID
817,1712456271.309841,497316.03458705,2356.0,2.3575478247319937e-08,2367.0,BID
818,1712456280.5937958,497316.03458705,2356.0,0.0,2367.0,BID
819,1712456310.5686274,497316.03458705,2356.0,0.0,2367.0,BID
820,1712456340.874416,497316.03458705,2356.0,0.0,2367.0,BID
821,1712456348.0786722,497740.84342305,2354.0,-6.542718091620122e-08,2367.0,ASK
822,1712456356.6739783,497740.84342307,2354.0,-3.074956200590494e-18,2367.0,ASK
823,1712456361.508996,497953.14169107,2354.0,-3.2697241703870124e-08,2367.0,ASK
824,1712456361.5146737,497953.14169194,2354.0,-1.3399816422806447e-16,2367.0,ASK
825,1712456367.469339,498813.84034487,2353.0,1.325610055803427e-07,2367.0,BID
826,1712456370.9324594,498813.84034487,2353.0,0.0,2367.0,BID
827,1712456400.640653,498813.84034487,2353.0,0.0,2367.0,BID
828,1712456400.6863377,499900.8346061,2353.0,1.6931416338859768e-07,2367.0,BID
829,1712456403.298252,499907.56836406,2355.0,1.0488745305548763e-09,2367.0,BID
830,1712456430.5845523,499907.56836406,2355.0,0.0,2367.0,BID
831,1712456460.9245386,499907.56836406,2355.0,0.0,2367.0,BID
832,1712456461.1683865,500244.8137541,2355.0,5.250951421095476e-08,2367.0,BID
833,1712456467.2484305,500249.0600386,2355.0,6.611516209900675e-10,2367.0,BID
834,1712456483.4283204,501749.0600386,2352.0,-2.335518101732793e-07,2367.0,ASK
835,1712456483.4883826,505652.1300386,2352.0,6.077127091553486e-07,2367.0,BID
836,1712456483.5083883,520962.54395047,2352.0,2.383849922412928e-06,2367.0,BID
837,1712456483.518593,532962.54395047,2352.0,1.8684144813862435e-06,2367.0,BID
838,1712456483.548467,533124.27608475,2352.0,2.51818884828408e-08,2367.0,BID
839,1712456483.5983913,538695.99414367,2352.0,8.675232256239439e-07,2367.0,BID
840,1712456483.6051257,538813.24745319,2352.0,1.8256481791481333e-08,2367.0,BID
841,1712456484.498678,539237.87590319,2355.0,-6.6115162099043e-08,2367.0,ASK
842,1712456484.5189214,539237.87590329,2355.0,-1.5570239236799294e-17,2367.0,ASK
843,1712456490.908541,539237.87590329,2355.0,-0.0,2367.0,ASK
844,1712456520.603694,539237.87590329,2355.0,-0.0,2367.0,ASK
845,1712456530.759994,539254.08932154,2355.0,-2.488604226810313e-09,2367.0,ASK
846,1712456530.7679188,539268.68057419,2355.0,-2.239617362572753e-09,2367.0,ASK
847,1712456530.773588,539293.62961829,2355.0,-3.829439026669511e-09,2367.0,ASK
848,1712456547.5412157,539371.63343981,2355.0,-1.1972838604987465e-08,2367.0,ASK
849,1712456547.5484414,539371.63344029,2355.0,-7.367238443254207e-17,2367.0,ASK
850,1712456547.5996146,539371.63344042,2355.0,-1.9959265925575922e-17,2367.0,ASK
851,1712456550.6200316,539371.63344042,2355.0,-0.0,2367.0,ASK
852,1712456580.908574,539371.63344042,2355.0,-0.0,2367.0,ASK
853,1712456595.5095372,539449.55923336,2355.0,-1.1960283694530364e-08,2367.0,ASK
854,1712456595.5174122,539513.25350087,2355.0,-9.775986620007831e-09,2367.0,ASK
855,1712456595.5235786,541291.41174869,2354.0,-2.729170444769388e-07,2367.0,ASK
856,1712456610.9089649,541291.41174869,2354.0,-0.0,2367.0,ASK
857,1712456614.6588151,541892.49369616,2359.0,9.219190690946949e-08,2367.0,BID
858,1712456614.666072,542662.16418616,2359.0,1.1804944477819481e-07,2367.0,BID
859,1712456640.608885,542662.16418616,2359.0,0.0,2367.0,BID
860,1712456647.418573,542874.11840404,2359.0,3.249270275809157e-08,2367.0,BID
861,1712456660.1287966,544781.70636505,2359.0,2.924343248365838e-07,2367.0,BID
862,1712456668.2990286,544983.51966505,2359.0,-3.0938094250327994e-08,2367.0,ASK
863,1712456670.579399,544983.51966505,2359.0,-0.0,2367.0,ASK
864,1712456679.5887148,544993.66058292,2359.0,-1.553304529080848e-09,2367.0,ASK
865,1712456679.5938735,545028.51960517,2357.0,-5.3394256648704954e-09,2367.0,ASK
866,1712456679.7088847,545122.83372971,2356.0,-1.4446281755012133e-08,2367.0,ASK
867,1712456679.713634,545127.97470746,2357.0,-7.87453771489387e-10,2367.0,ASK
868,1712456688.9403594,545264.57601654,2360.0,2.0923493789495425e-08,2367.0,BID
869,1712456688.9482656,545850.94038542,2360.0,8.981459484735394e-08,2367.0,BID
870,1712456700.6442468,545850.94038542,2360.0,0.0,2367.0,BID
871,1712456705.6388862,545872.12682609,2360.0,3.2454682351178282e-09,2367.0,BID
1071,1712456705.6388862,545872.12682609,2360.0,3.245468235117828e-09,2367.0,BID
872,1712456713.0436945,546295.85563964,2360.0,6.490936472518307e-08,2367.0,BID
873,1712456728.1488996,546342.54687054,2360.0,7.152447601014197e-09,2367.0,BID
874,1712456730.63393,546342.54687054,2360.0,0.0,2367.0,BID
875,1712456760.9187024,546342.54687054,2360.0,0.0,2367.0,BID
876,1712456780.048586,546711.70762914,2360.0,5.654024853565271e-08,2367.0,BID
877,1712456780.9384084,546716.70762914,2360.0,7.657944028243541e-10,2367.0,BID
878,1712456790.909025,546716.70762914,2360.0,0.0,2367.0,BID
879,1712456796.6384451,546941.70762914,2360.0,3.445608820780996e-08,2367.0,BID
880,1712456810.9584706,547149.20528593,2360.0,3.177581140119402e-08,2367.0,BID
881,1712456812.3987408,547233.77468593,2360.0,-1.2950803138145902e-08,2367.0,ASK
882,1712456813.078778,547463.70762914,2360.0,-3.5211510102779184e-08,2367.0,ASK
883,1712456820.587235,547463.70762914,2360.0,-0.0,2367.0,ASK
884,1712456850.6001198,547463.70762914,2360.0,-0.0,2367.0,ASK
885,1712456880.9486463,547463.70762914,2360.0,-0.0,2367.0,ASK
886,1712456889.6692953,547675.57203591,2360.0,3.2435770805015375e-08,2367.0,BID
887,1712456910.9773018,547675.57203591,2360.0,0.0,2367.0,BID
888,1712456940.6518643,547675.57203591,2360.0,0.0,2367.0,BID
889,1712456961.2586656,547679.8039445,2363.0,6.478422334201334e-10,2367.0,BID
890,1712456970.5836935,547679.8039445,2363.0,0.0,2367.0,BID
891,1712457000.698674,547679.8039445,2363.0,0.0,2367.0,BID
892,1712457015.789356,548115.88607795,2363.0,6.699498903966548e-08,2367.0,BID
893,1712457020.730107,548154.89778146,2365.0,5.993340356302218e-09,2367.0,BID
894,1712457030.7242348,548154.89778146,2365.0,0.0,2367.0,BID
895,1712457060.9578702,548154.89778146,2365.0,0.0,2367.0,BID
896,1712457080.3993516,548239.42863523,2366.0,1.2984175589081233e-08,2367.0,BID
897,1712457090.9128406,548239.42863523,2366.0,0.0,2367.0,BID
898,1712457107.838731,548267.49152685,2366.0,-4.310406232354871e-09,2367.0,ASK
899,1712457107.8463936,548367.53489058,2366.0,-1.5366468444055693e-08,2367.0,ASK
900,1712457120.605812,548367.53489058,2366.0,-0.0,2367.0,ASK
901,1712457122.9286096,548489.99161743,2367.0,1.8808242327060762e-08,2367.0,BID
1101,1712457122.9286096,548489.99161743,2367.0,1.880824232706076e-08,2367.0,BID
902,1712457123.358093,548574.48675896,2367.0,1.2977687206199752e-08,2367.0,BID
903,1712457132.5228713,548579.06220398,2367.0,7.02746847036797e-10,2367.0,BID
904,1712457132.530499,548856.65722394,2367.0,4.263607674723482e-08,2367.0,BID
905,1712457132.5372674,548875.41449591,2368.0,2.880946810208407e-09,2368.0,BID
906,1712457132.540651,548877.94435877,2367.0,3.885639845911182e-10,2368.0,BID
907,1712457132.544161,548880.44435877,2368.0,3.839773202107916e-10,2368.0,BID
908,1712457132.547559,548884.68524211,2368.0,6.513612080896596e-10,2368.0,BID
909,1712457132.550997,548888.31887243,2367.0,5.580926531586048e-10,2368.0,BID
910,1712457133.5084865,549043.01887242,2366.0,-2.3760516573098923e-08,2368.0,ASK
911,1712457133.7086325,549079.39727242,2366.0,-5.587392218229427e-09,2368.0,ASK
912,1712457133.8886254,549217.79727242,2366.0,-2.1256984446873e-08,2368.0,ASK
913,1712457133.9883487,549325.53317242,2366.0,-1.6547256868994607e-08,2368.0,ASK
914,1712457134.8684704,549594.27527242,2366.0,-4.127634855433319e-08,2368.0,ASK
915,1712457136.23908,554094.27527242,2366.0,-6.911591763794248e-07,2368.0,ASK
916,1712457136.2468865,559665.99333121,2366.0,-8.557653476736976e-07,2368.0,ASK
917,1712457136.2785957,574580.77401853,2366.0,-2.2907750079395275e-06,2368.0,ASK
918,1712457136.2847524,575003.42828733,2366.0,-6.491586140377974e-08,2368.0,ASK
919,1712457136.3787367,575230.17852886,2365.0,-3.4826780039937406e-08,2368.0,ASK
920,1712457136.386024,575269.19023236,2365.0,-5.9918437467241685e-09,2368.0,ASK
921,1712457136.3985198,575372.47114646,2362.0,-1.5863011450016112e-08,2368.0,ASK
922,1712457136.4045846,575414.79023236,2363.0,-6.499827679056815e-09,2368.0,ASK
923,1712457150.6417992,575414.79023236,2363.0,-0.0,2368.0,ASK
924,1712457180.8790634,575414.79023236,2363.0,-0.0,2368.0,ASK
925,1712457209.2602255,575499.53599507,2360.0,-1.2889491745753992e-08,2368.0,ASK
926,1712457209.2660604,575743.45247811,2360.0,-3.7098722039423545e-08,2368.0,ASK
927,1712457209.2705617,575783.45247811,2361.0,-6.083840104130168e-09,2368.0,ASK
928,1712457210.958618,575783.45247811,2361.0,-0.0,2368.0,ASK
929,1712457240.608579,575783.45247811,2361.0,-0.0,2368.0,ASK
930,1712457243.698216,577694.96547811,2360.0,2.906950167703338e-07,2368.0,BID
931,1712457245.3383112,579194.96547811,2360.0,2.281138162050129e-07,2368.0,BID
932,1712457270.6581123,579194.96547811,2360.0,0.0,2368.0,BID
933,1712457271.4393666,579319.3800319,2361.0,1.889731477622644e-08,2368.0,BID
934,1712457284.8883374,579656.62542194,2361.0,5.122417031028161e-08,2368.0,BID
935,1712457300.909624,579656.62542194,2361.0,0.0,2368.0,BID
936,1712457305.7285812,579669.33728634,2360.0,-1.937456077223979e-09,2368.0,ASK
937,1712457305.7366498,579881.20169311,2360.0,-3.2290934636273925e-08,2368.0,ASK
938,1712457330.9450555,579881.20169311,2360.0,-0.0,2368.0,ASK
939,1712457360.638342,579881.20169311,2360.0,-0.0,2368.0,ASK
940,1712457363.908713,579892.36208244,2363.0,1.700853386026673e-09,2368.0,BID
941,1712457390.578606,579892.36208244,2363.0,0.0,2368.0,BID
942,1712457420.9332776,579892.36208244,2363.0,0.0,2368.0,BID
943,1712457447.958983,579900.80208244,2362.0,1.28625843225515e-09,2368.0,BID
944,1712457447.965652,579948.04921199,2362.0,7.200476159230312e-09,2368.0,BID
945,1712457450.907419,579948.04921199,2362.0,0.0,2368.0,BID
946,1712457458.0598032,579986.16573699,2360.0,-5.808852952209962e-09,2368.0,ASK
947,1712457458.067834,579993.04921199,2360.0,-1.0490225453312127e-09,2368.0,ASK
948,1712457467.998778,580261.2269352,2360.0,-4.086954304419408e-08,2368.0,ASK
949,1712457468.002839,580840.5068391,2360.0,-8.828065464830624e-08,2368.0,ASK
950,1712457476.6583085,580844.73874769,2363.0,6.4493116059683e-10,2368.0,BID
951,1712457480.6236422,580844.73874769,2363.0,0.0,2368.0,BID
952,1712457490.1484776,580869.34644977,2363.0,3.748936670927897e-09,2368.0,BID
953,1712457490.1547246,581027.79152938,2363.0,2.4138806920930497e-08,2368.0,BID
954,1712457495.9083543,581156.68542609,2363.0,1.9636740336954298e-08,2368.0,BID
955,1712457509.7014773,581466.23586815,2363.0,4.71594218739243e-08,2368.0,BID
956,1712457510.6501656,581466.23586815,2363.0,0.0,2368.0,BID
957,1712457531.0335298,581526.23586815,2364.0,9.138841326609005e-09,2368.0,BID
958,1712457533.8481982,581977.47986815,2365.0,6.873078859306463e-08,2368.0,BID
959,1712457537.228974,582256.07526601,2365.0,-4.243398558944089e-08,2368.0,ASK
960,1712457540.910203,582256.07526601,2365.0,-0.0,2368.0,ASK
961,1712457541.4382396,583756.07526601,2366.0,2.2840604960859381e-07,2368.0,BID
962,1712457541.522957,584875.41536342,2366.0,1.7044269987861452e-07,2368.0,BID
963,1712457541.5580437,585994.75546083,2366.0,1.7044269987861452e-07,2368.0,BID
964,1712457541.6811783,586204.064572,2366.0,3.187164481960017e-08,2368.0,BID
965,1712457541.7790048,586375.41536342,2366.0,2.609170491037912e-08,2368.0,BID
966,1712457548.2060764,586626.15122149,2366.0,3.817972455798794e-08,2368.0,BID
1166,1712457548.2060764,586626.15122149,2366.0,3.8179724557987943e-08,2368.0,BID
967,1712457553.2090929,586694.45187602,2367.0,1.0400188457910413e-08,2368.0,BID
968,1712457553.2880473,586694.45187603,2367.0,1.5244912562844553e-18,2368.0,BID
969,1712457555.1084907,587340.57465178,2368.0,9.838556718079817e-08,2368.0,BID
970,1712457558.4082594,587904.73033245,2368.0,8.59043802573962e-08,2368.0,BID
971,1712457562.25872,587907.03033193,2369.0,3.5022253022202237e-10,2369.0,BID
972,1712457562.2673662,587991.45413997,2369.0,1.2855272324884193e-08,2369.0,BID
973,1712457570.9097707,587991.45413997,2369.0,0.0,2369.0,BID
974,1712457576.1384802,587993.56384461,2370.0,3.2058364586618445e-10,2370.0,BID
975,1712457593.0216184,588098.34713997,2370.0,1.5922518354260474e-08,2370.0,BID
976,1712457593.0263808,588410.64477502,2370.0,4.74557018748851e-08,2370.0,BID
977,1712457597.45814,589910.64477502,2371.0,2.279349723572251e-07,2371.0,BID
978,1712457599.5903947,592652.8126177,2371.0,4.166906342800925e-07,2371.0,BID
979,1712457600.70218,592652.8126177,2371.0,0.0,2371.0,BID
980,1712457607.9214494,593820.2852756,2373.0,1.7757196611587988e-07,2373.0,BID
981,1712457607.9297314,594235.5502961,2373.0,6.31615872546085e-08,2373.0,BID
982,1712457610.2684808,594656.8382961,2373.0,-6.407767921143079e-08,2373.0,ASK
983,1712457612.807346,594949.4465631,2374.0,4.45055607267061e-08,2374.0,BID
984,1712457612.8180227,594949.44656329,2374.0,2.8897347639684705e-17,2374.0,BID
985,1712457613.4182005,595160.06155908,2373.0,-3.203442808091057e-08,2374.0,ASK
986,1712457613.478214,595404.37495419,2373.0,-3.715993657286539e-08,2374.0,ASK
987,1712457613.828378,595409.15526078,2373.0,-7.27082072614717e-10,2374.0,ASK
988,1712457613.8354344,595467.55945293,2373.0,-8.883246352113515e-09,2374.0,ASK
989,1712457614.6684897,595478.10352716,2375.0,1.603748044312109e-09,2375.0,BID
990,1712457628.0582917,595565.10352716,2373.0,-1.3232653413801729e-08,2375.0,ASK
991,1712457630.5602713,595565.10352716,2373.0,-0.0,2375.0,ASK
992,1712457631.288262,595692.94434377,2373.0,-1.9424101392393927e-08,2375.0,ASK
993,1712457633.9981227,595962.13934377,2373.0,-4.090142032082706e-08,2375.0,ASK
994,1712457641.355289,595997.67234377,2373.0,-5.3988750469452765e-09,2375.0,ASK
995,1712457646.8987515,596061.26104377,2373.0,-9.661651020093212e-09,2375.0,ASK
996,1712457648.4196858,596124.84974377,2373.0,-9.661651020093212e-09,2375.0,ASK
997,1712457648.4257786,596175.1250823,2373.0,-7.638822240349385e-09,2375.0,ASK
998,1712457649.663161,596238.70474377,2371.0,-9.660277708118784e-09,2375.0,ASK
999,1712457654.098251,596302.26784377,2370.0,-9.657761362567741e-09,2375.0,ASK
1000,1712457660.8980255,596302.26784377,2370.0,-0.0,2375.0,ASK
1201,1712457661.947958,596323.35599223,2373.0,3.203276717639344e-09,2375.0,BID
1202,1712457664.8036764,596599.15232643,2370.0,-4.1893292710248446e-08,2375.0,ASK
1203,1712457680.4983726,596605.62408666,2369.0,-9.83056379097149e-10,2375.0,ASK
1204,1712457680.5013835,596873.4402538,2369.0,-4.068111026595319e-08,2375.0,ASK
1205,1712457680.5579548,596873.44025381,2369.0,-1.5207737274554093e-18,2375.0,ASK
1206,1712457690.9102323,596873.44025381,2369.0,-0.0,2375.0,ASK
1207,1712457709.4319956,596875.73302381,2368.0,3.481987594617232e-10,2375.0,BID
1208,1712457709.4332738,596887.58655423,2371.0,1.800173845430293e-09,2375.0,BID
1209,1712457720.6714282,596887.58655423,2371.0,0.0,2375.0,BID
1210,1712457725.948474,597022.12501153,2369.0,-2.0432003802703572e-08,2375.0,ASK
1211,1712457729.0406802,597112.23151153,2369.0,-1.3684238600582896e-08,2375.0,ASK
1212,1712457729.08073,597112.23159433,2369.0,-1.2574626896978379e-14,2375.0,ASK
1213,1712457731.1893232,597167.28459433,2367.0,-8.36075519166029e-09,2375.0,ASK
1214,1712457750.5911827,597167.28459433,2367.0,-0.0,2375.0,ASK
1215,1712457757.0285735,597319.5769285,2367.0,-2.3125911942721508e-08,2375.0,ASK
1216,1712457757.0311444,597319.60662811,2367.0,-4.509948391032573e-12,2375.0,ASK
1217,1712457780.888312,597319.60662811,2367.0,-0.0,2375.0,ASK
1218,1712457806.6784828,597699.60662811,2368.0,-5.7700641863760455e-08,2375.0,ASK
1219,1712457810.9514775,597699.60662811,2368.0,-0.0,2375.0,ASK
1220,1712457818.4290988,597868.85333231,2371.0,2.5695550837072163e-08,2375.0,BID
1221,1712457818.432418,597877.31713231,2371.0,1.2849999307436204e-09,2375.0,BID
1222,1712457834.0328088,598052.31692055,2371.0,-2.6569001603035063e-08,2375.0,ASK
1223,1712457840.585096,598052.31692055,2371.0,-0.0,2375.0,ASK
1224,1712457848.1501296,598353.1001727,2371.0,-4.566003346436314e-08,2375.0,ASK
1225,1712457858.6085188,598374.46769406,2371.0,-3.243670428360084e-09,2375.0,ASK
1226,1712457870.599774,598374.46769406,2371.0,-0.0,2375.0,ASK
1227,1712457872.1381044,598474.46769406,2371.0,-1.5178617639049245e-08,2375.0,ASK
1228,1712457899.1585362,598485.97620649,2372.0,1.746833097693586e-09,2375.0,BID
1229,1712457900.6629655,598485.97620649,2372.0,0.0,2375.0,BID
1230,1712457905.40832,598930.57512421,2372.0,6.759645026531475e-08,2375.0,BID
1231,1712457921.5981646,599078.86837366,2371.0,-2.2546382507039992e-08,2375.0,ASK
1232,1712457929.8374438,599627.16023363,2371.0,8.336183910073248e-08,2375.0,BID
1233,1712457930.6189978,599627.16023363,2371.0,0.0,2375.0,BID
1234,1712457960.9294484,599627.16023363,2371.0,0.0,2375.0,BID
1235,1712457990.9357193,599627.16023363,2371.0,0.0,2375.0,BID
1236,1712458017.9670954,600048.35713623,2373.0,6.401208972558292e-08,2375.0,BID
1237,1712458020.6120574,600048.35713623,2373.0,0.0,2375.0,BID
1238,1712458020.6690493,600075.77489087,2371.0,-4.166225353850706e-09,2375.0,ASK
1239,1712458020.8125174,601002.88047523,2371.0,1.408769916419108e-07,2375.0,BID
1240,1712458050.5984793,601002.88047523,2371.0,0.0,2375.0,BID
1241,1712458066.7982423,601057.96317484,2373.0,8.367134721254012e-09,2375.0,BID
1242,1712458074.1081462,601213.58417484,2373.0,-2.3639035154009058e-08,2375.0,ASK
1243,1712458080.6195688,601213.58417484,2373.0,-0.0,2375.0,ASK
1244,1712458087.681369,601213.58422575,2373.0,-7.732698762491099e-15,2375.0,ASK
1245,1712458087.6837587,601475.45217484,2373.0,-3.9775065911862534e-08,2375.0,ASK
1246,1712458087.9406817,601731.68807484,2373.0,-3.8919615198797184e-08,2375.0,ASK
1247,1712458095.8484097,601731.68810269,2373.0,-4.230136138076722e-15,2375.0,ASK
1248,1712458095.8510594,601942.32607484,2373.0,-3.1993755841136314e-08,2375.0,ASK
1249,1712458110.654642,601942.32607484,2373.0,-0.0,2375.0,ASK
1250,1712458111.0279975,601944.56496484,2374.0,3.3997521667590776e-10,2375.0,BID
1251,1712458111.218139,601984.39596484,2374.0,-6.0483332615272815e-09,2375.0,ASK
1252,1712458113.825841,601984.44907399,2374.0,-8.064618980738096e-12,2375.0,ASK
1253,1712458113.9081037,602142.45054891,2373.0,-2.3992507748453192e-08,2375.0,ASK
1254,1712458113.917827,602142.51632728,2373.0,-9.988438734972055e-12,2375.0,ASK
1255,1712458120.7782564,602548.60768784,2372.0,-6.166493141758404e-08,2375.0,ASK
1256,1712458120.798575,602566.43023959,2372.0,-2.7063526538318487e-09,2375.0,ASK
1257,1712458120.8188856,602568.53921882,2372.0,3.2024827960554687e-10,2375.0,BID
1258,1712458121.0585675,602578.53921882,2371.0,-1.518498973544834e-09,2375.0,ASK
1259,1712458140.95147,602578.53921882,2371.0,-0.0,2375.0,ASK
1260,1712458153.2179737,602601.53921882,2371.0,-3.4917473600273316e-09,2375.0,ASK
1261,1712458164.2581632,603023.12437903,2372.0,6.400299435607244e-08,2375.0,BID
1262,1712458170.9116704,603023.12437903,2372.0,0.0,2375.0,BID
1263,1712458173.6883824,603043.12437903,2372.0,3.035816036157102e-09,2375.0,BID
1264,1712458189.188543,603084.10570699,2372.0,6.220588630204358e-09,2375.0,BID
1265,1712458195.6725676,603505.6908672,2372.0,6.399274949857353e-08,2375.0,BID
1266,1712458196.4482508,603545.25808169,2373.0,6.005939212727501e-09,2375.0,BID
1267,1712458200.668963,603545.25808169,2373.0,0.0,2375.0,BID
1268,1712458208.2381349,603686.94145585,2372.0,-2.1713382995177352e-08,2375.0,ASK
1269,1712458211.3483014,603706.0802219,2372.0,2.9330707273316107e-09,2375.0,BID
1270,1712458220.7385526,604054.03467149,2371.0,-5.3325016245632727e-08,2375.0,ASK
1271,1712458220.7417352,604096.70587067,2371.0,-6.539483521993665e-09,2375.0,ASK
1272,1712458220.8188183,604096.70587112,2371.0,6.895539382723373e-17,2375.0,BID
1273,1712458220.8202362,604127.84319112,2371.0,4.7718834945238275e-09,2375.0,BID
1274,1712458221.4180095,604190.08888019,2372.0,9.539330176103589e-09,2375.0,BID
1275,1712458229.2084432,604274.36377478,2372.0,1.2915369032934618e-08,2375.0,BID
1276,1712458230.5999415,604274.36377478,2372.0,0.0,2375.0,BID
1277,1712458257.478573,604673.91180385,2370.0,-6.121565938059577e-08,2375.0,ASK
1278,1712458257.4816227,604717.22305961,2370.0,-6.635815689349631e-09,2375.0,ASK
1279,1712458259.011726,604817.67503054,2370.0,-1.5390474208750012e-08,2375.0,ASK
1280,1712458259.0157046,605219.78949359,2370.0,-6.160886854923803e-08,2375.0,ASK
1281,1712458260.918041,605219.78949359,2370.0,-0.0,2375.0,ASK
1282,1712458279.7684543,605858.91320851,2370.0,-9.78879887726702e-08,2375.0,ASK
1283,1712458288.818533,606280.67617751,2371.0,6.459708474337941e-08,2375.0,BID
1284,1712458290.9074926,606280.67617751,2371.0,0.0,2375.0,BID
1285,1712458309.6139023,606280.67617773,2371.0,3.368597966169195e-17,2375.0,BID
1286,1712458309.615481,606497.35775551,2371.0,3.317410570200935e-08,2375.0,BID
1287,1712458311.5681517,606497.35775646,2371.0,1.454378804441303e-16,2375.0,BID
1288,1712458312.9082332,606982.37983746,2371.0,7.425723011504187e-08,2375.0,BID
1289,1712458312.9680974,607162.82198216,2371.0,2.7625822382789573e-08,2375.0,BID
1290,1712458313.0091836,607340.88369489,2371.0,2.726137653280892e-08,2375.0,BID
1291,1712458320.6195078,607340.88369489,2371.0,0.0,2375.0,BID
1292,1712458320.6390512,607353.54192274,2370.0,-1.9372382453763008e-09,2375.0,ASK
1293,1712458335.901551,607362.04477084,2370.0,-1.3012913599634235e-09,2375.0,ASK
1294,1712458335.9051323,607876.68062274,2370.0,-7.876080811221118e-08,2375.0,ASK
1295,1712458340.2083597,607961.885897,2370.0,-1.303997036227885e-08,2375.0,ASK
1296,1712458340.217945,610803.99108385,2370.0,-4.349609542938029e-07,2375.0,ASK
1297,1712458350.636012,610803.99108385,2370.0,-0.0,2375.0,ASK
1298,1712458354.5102546,610930.57336233,2370.0,1.9348079316078184e-08,2375.0,BID
1299,1712458354.7685158,611225.93201212,2370.0,4.5145518404722194e-08,2375.0,BID
1300,1712458354.771639,611775.21994333,2370.0,8.395856503799746e-08,2375.0,BID
1301,1712458354.8481302,611775.21994373,2370.0,6.114039618892243e-17,2375.0,BID
1302,1712458367.6178994,612197.06094373,2370.0,-6.447832370204421e-08,2375.0,ASK
1303,1712458373.8384893,612362.95594373,2370.0,-2.5357021983530285e-08,2375.0,ASK
1304,1712458378.1607363,612390.37369837,2370.0,-4.1907990424372834e-09,2375.0,ASK
1305,1712458380.9280694,612390.37369837,2370.0,-0.0,2375.0,ASK
1306,1712458385.6486008,612403.02658744,2371.0,1.9328811245998944e-09,2375.0,BID
1307,1712458390.5281608,612824.83558744,2370.0,-6.443640260884978e-08,2375.0,ASK
1308,1712458392.7182348,613189.83928849,2370.0,-5.5758709355628735e-08,2375.0,ASK
1309,1712458392.7218647,613246.58158744,2370.0,-8.668069244831837e-09,2375.0,ASK
1310,1712458393.4187868,613650.83928849,2370.0,-6.175523040663921e-08,2375.0,ASK
1311,1712458393.4229736,613930.23587711,2370.0,-4.268119236873589e-08,2375.0,ASK
1312,1712458397.2907712,615027.32274061,2369.0,-1.6759322544891429e-07,2375.0,ASK
1313,1712458399.7584937,615027.32274126,2370.0,9.930497289270951e-17,2375.0,BID
1314,1712458399.7605653,616024.61767926,2370.0,1.5234880750469314e-07,2375.0,BID
1315,1712458408.9981325,616062.76656158,2371.0,5.827701021675667e-09,2375.0,BID
1316,1712458410.9283383,616062.76656158,2371.0,0.0,2375.0,BID
1317,1712458421.1437044,616067.90114614,2371.0,7.83328234507534e-10,2375.0,BID
1318,1712458424.0879688,616433.72775941,2371.0,5.581022413075975e-08,2375.0,BID
1319,1712458424.1888242,617158.80225941,2371.0,-1.10616802847585e-07,2375.0,ASK
1320,1712458424.2082317,617158.80234252,2371.0,-1.2679188842340315e-14,2375.0,ASK
1321,1712458440.6137848,617158.80234252,2371.0,-0.0,2375.0,ASK
1322,1712458451.8208182,617564.65734252,2369.0,-6.189238614203118e-08,2375.0,ASK
1323,1712458452.378614,617573.09639587,2371.0,1.2869452110043172e-09,2375.0,BID
1324,1712458454.7697926,617613.57939587,2369.0,-6.173607490824121e-09,2375.0,ASK
1325,1712458461.008422,617782.24588787,2370.0,2.5721431674084666e-08,2375.0,BID
1326,1712458461.0113935,617782.24588826,2370.0,5.947319577696975e-17,2375.0,BID
1327,1712458465.5483198,617835.94588826,2369.0,-8.189183663701442e-09,2375.0,ASK
1328,1712458470.618126,617835.94588826,2369.0,-0.0,2375.0,ASK
1329,1712458473.7182834,618106.94918826,2369.0,-4.131755973616845e-08,2375.0,ASK
1330,1712458487.0685537,618111.16859754,2370.0,6.432973140082824e-10,2375.0,BID
1331,1712458494.660551,618237.85107438,2369.0,-1.9314195821091762e-08,2375.0,ASK
1332,1712458494.717974,618375.82757558,2369.0,-2.1036099304026365e-08,2375.0,ASK
1333,1712458496.6688457,618380.04698486,2370.0,6.432973140082824e-10,2375.0,BID
1334,1712458500.9184213,618380.04698486,2370.0,0.0,2375.0,BID
1335,1712458501.0381815,619645.86976967,2370.0,1.9311919461918456e-07,2375.0,BID
1336,1712458502.188143,620151.42554856,2369.0,-7.712969463492011e-08,2375.0,ASK
1337,1712458515.628427,620606.30005487,2369.0,-6.939754866600002e-08,2375.0,ASK
1338,1712458515.630153,621853.6592999,2369.0,-1.9030232011281685e-07,2375.0,ASK
1339,1712458524.9380803,621925.39458676,2370.0,1.0944234051089544e-08,2375.0,BID
1340,1712458530.908133,621925.39458676,2370.0,0.0,2375.0,BID
1341,1712458531.3985825,622347.69188406,2368.0,-6.434497081662655e-08,2375.0,ASK
1342,1712458531.4023285,622389.92158676,2368.0,-6.434492963119685e-09,2375.0,ASK
1343,1712458533.692019,622543.92469653,2370.0,2.346528302969431e-08,2375.0,BID
1344,1712458533.6949844,623421.7684222,2370.0,1.337560748575172e-07,2375.0,BID
1345,1712458537.2391784,623421.76844922,2368.0,-4.117006852316205e-15,2375.0,ASK
1346,1712458537.2436008,623471.17284869,2367.0,-7.527693552461251e-09,2375.0,ASK
1347,1712458537.2475207,623632.47217272,2367.0,-2.4576999104213308e-08,2375.0,ASK
1348,1712458560.6231692,623632.47217272,2367.0,-0.0,2375.0,ASK
1349,1712458582.848286,623643.67758759,2367.0,-1.706305189641468e-09,2375.0,ASK
1350,1712458588.8017137,623770.31329886,2369.0,1.9283460170107608e-08,2375.0,BID
1351,1712458590.6509347,623770.31329886,2369.0,0.0,2375.0,BID
1352,1712458594.8582857,623932.31329886,2367.0,-2.4667332764440705e-08,2375.0,ASK
1353,1712458606.7980323,624028.65679886,2369.0,1.4669982556745397e-08,2375.0,BID
1354,1712458620.9226878,624028.65679886,2369.0,0.0,2375.0,BID
1355,1712458650.917993,624028.65679886,2369.0,0.0,2375.0,BID
1356,1712458669.0682094,624125.56274571,2371.0,1.4754250702496529e-08,2375.0,BID
1357,1712458678.6688435,624197.32329126,2371.0,1.0925780243728063e-08,2375.0,BID
1358,1712458678.6730194,624566.29345585,2371.0,5.617692708301967e-08,2375.0,BID
1359,1712458680.644648,624566.29345585,2371.0,0.0,2375.0,BID
1360,1712458700.0883768,625166.29345585,2370.0,-9.133425671391173e-08,2375.0,ASK
1361,1712458700.3487206,625498.63095293,2370.0,-5.058966378993597e-08,2375.0,ASK
1362,1712458710.6203575,625498.63095293,2370.0,-0.0,2375.0,ASK
1363,1712458719.8481674,627385.12741993,2371.0,2.87073027882984e-07,2375.0,BID
1364,1712458719.86826,628078.81866448,2371.0,1.0556078395714229e-07,2375.0,BID
1365,1712458721.6986868,628261.87144533,2372.0,2.7855613291749173e-08,2375.0,BID
1366,1712458721.702254,628388.76143648,2372.0,1.9309176881420107e-08,2375.0,BID
1367,1712458740.9300952,628388.76143648,2372.0,0.0,2375.0,BID
1368,1712458743.4882653,628388.76143732,2372.0,1.276998570008515e-16,2375.0,BID
1369,1712458752.9680026,628390.91061557,2373.0,3.267053001529289e-10,2375.0,BID
1370,1712458770.514612,628420.91904813,2372.0,-4.5617035100116635e-09,2375.0,ASK
1371,1712458770.5178685,628433.0691316,2372.0,-1.8469834537622342e-09,2375.0,ASK
1372,1712458770.92841,628433.0691316,2372.0,-0.0,2375.0,ASK
1373,1712458771.4984655,628629.3037316,2372.0,-2.9829940644075585e-08,2375.0,ASK
1374,1712458800.8183532,628629.3037316,2372.0,-0.0,2375.0,ASK
1375,1712458800.944142,628631.45290985,2372.0,-3.2681318023514577e-10,2375.0,ASK
1376,1712458817.5088503,628635.91553536,2372.0,6.786058043844411e-10,2375.0,BID
1377,1712458817.5190248,628922.95949536,2373.0,4.364912469924348e-08,2375.0,BID
1378,1712458829.0381455,629344.47449536,2371.0,-6.409736263950553e-08,2375.0,ASK
1379,1712458830.6283774,629344.47449536,2371.0,-0.0,2375.0,ASK
1380,1712458834.2580564,629552.50808192,2371.0,-3.162631380139747e-08,2375.0,ASK
1381,1712458844.5981982,629673.89482444,2371.0,-1.8453824085573275e-08,2375.0,ASK
1382,1712458854.0986514,629716.05334047,2372.0,6.409149981078281e-09,2375.0,BID
1383,1712458854.185433,630432.60127382,2373.0,1.0893322644968125e-07,2375.0,BID
1384,1712458854.1924567,630614.54651747,2373.0,2.7660232491780032e-08,2375.0,BID
1385,1712458854.2985046,630656.7050335,2371.0,-6.409149981078281e-09,2375.0,ASK
1386,1712458854.319201,630659.40594214,2373.0,4.106057373314012e-10,2375.0,BID
1387,1712458854.3221838,630701.5466926,2373.0,6.40644916963766e-09,2375.0,BID
1388,1712458854.3259342,630885.67725485,2373.0,2.799245563393545e-08,2375.0,BID
1389,1712458854.478099,630969.41856568,2371.0,-1.273077592058334e-08,2375.0,ASK
1390,1712458860.9184723,630969.41856568,2371.0,-0.0,2375.0,ASK
1391,1712458875.5182912,630974.07821184,2374.0,7.07967968788423e-10,2375.0,BID
1392,1712458885.9184897,630995.13971141,2373.0,3.1999998622923862e-09,2375.0,BID
1393,1712458890.913132,630995.13971141,2373.0,0.0,2375.0,BID
1394,1712458910.858364,631119.72204807,2371.0,-1.892836554842901e-08,2375.0,ASK
1395,1712458920.6071937,631119.72204807,2371.0,-0.0,2375.0,ASK
1396,1712458931.699229,631123.72204807,2372.0,-6.077110641827111e-10,2375.0,ASK
1397,1712458941.6980674,631285.44604807,2372.0,-2.457036603596044e-08,2375.0,ASK
1398,1712458948.768263,631483.16352341,2372.0,-3.0038774336598065e-08,2375.0,ASK
1399,1712458948.8482258,631586.8533717,2372.0,-1.575336701232373e-08,2375.0,ASK
1400,1712458948.9882138,631748.6413717,2372.0,-2.4580089412989344e-08,2375.0,ASK
1401,1712458950.63789,631748.6413717,2372.0,-0.0,2375.0,ASK
1402,1712458958.4881933,631767.3923717,2372.0,-2.848152020774372e-09,2375.0,ASK
1403,1712458964.2930791,631809.55088773,2372.0,-6.403597814688754e-09,2375.0,ASK
1404,1712458965.5981004,631822.67088773,2372.0,-1.992840622497565e-09,2375.0,ASK
1405,1712458966.5985105,631971.23582724,2372.0,-2.2566024888314083e-08,2375.0,ASK
1406,1712458966.6030183,632822.67088773,2372.0,-1.293273152411275e-07,2375.0,ASK
1407,1712458980.0486891,633071.54488773,2372.0,-3.78023031313851e-08,2375.0,ASK
1408,1712458980.9917486,633071.54488773,2372.0,-0.0,2375.0,ASK
1409,1712458990.7084804,633209.18166704,2372.0,-2.089615039698557e-08,2375.0,ASK
1410,1712458990.7106266,633233.32788773,2372.0,-3.665902831978987e-09,2375.0,ASK
1411,1712458996.508379,633238.50788773,2372.0,-7.864326642931801e-10,2375.0,ASK
1412,1712458998.718226,633297.60448562,2372.0,-8.972103268118124e-09,2375.0,ASK
1413,1712459010.9290664,633297.60448562,2372.0,-0.0,2375.0,ASK
1414,1712459026.0382605,633360.33998819,2372.0,9.523790017374837e-09,2375.0,BID
1415,1712459026.0504043,633557.21287962,2372.0,2.988700179779375e-08,2375.0,BID
1416,1712459040.6597545,633557.21287962,2372.0,0.0,2375.0,BID
1417,1712459051.2898345,633561.50012998,2372.0,6.507807205984413e-10,2375.0,BID
1418,1712459051.2944696,633561.50013005,2372.0,1.0620389583051565e-17,2375.0,BID
1419,1712459067.028344,633933.51713005,2372.0,-5.6470108112462884e-08,2375.0,ASK
1420,1712459070.628316,633933.51713005,2372.0,-0.0,2375.0,ASK
1421,1712459077.608813,633933.51901099,2372.0,-2.8547754138699774e-13,2375.0,ASK
1422,1712459077.6132276,633935.64660194,2371.0,-3.229127018262895e-10,2375.0,ASK
1423,1712459081.318326,633937.75363944,2373.0,3.1979322528118473e-10,2375.0,BID
1424,1712459086.4818854,634074.84346984,2373.0,2.0806653425289857e-08,2375.0,BID
1425,1712459086.4839263,635109.30408444,2373.0,1.5700408576842962e-07,2375.0,BID
1426,1712459086.488638,635109.30408499,2373.0,8.348509582960924e-17,2375.0,BID
1427,1712459087.1979747,635173.24707086,2373.0,-9.70487411132252e-09,2375.0,ASK
1428,1712459087.30811,635362.14858562,2373.0,-2.8670313017795853e-08,2375.0,ASK
1429,1712459087.8480618,635426.09107086,2372.0,-9.704798128789305e-09,2375.0,ASK
1430,1712459098.383783,635492.2190223,2372.0,-1.0036494780983957e-08,2375.0,ASK
1431,1712459099.1491492,635674.0960223,2372.0,-2.7604175262238853e-08,2375.0,ASK
1432,1712459100.9201734,635674.0960223,2372.0,-0.0,2375.0,ASK
1433,1712459102.2203467,635766.84437887,2372.0,-1.4098487295538146e-08,2375.0,ASK
1434,1712459126.3700466,635851.16141091,2372.0,-1.2816858960898763e-08,2375.0,ASK
1435,1712459126.375178,636065.73030386,2372.0,-3.2616176966870675e-08,2375.0,ASK
1436,1712459126.380264,636069.94437887,2372.0,-6.40572891929954e-10,2375.0,ASK
1437,1712459127.8782806,636206.86487887,2372.0,-2.0813004145161592e-08,2375.0,ASK
1438,1712459128.818558,636584.92287887,2372.0,-5.746782053171498e-08,2375.0,ASK
1439,1712459130.9197838,636584.92287887,2372.0,-0.0,2375.0,ASK
1440,1712459132.6958222,637050.4683255,2372.0,-7.074337485149896e-08,2375.0,ASK
1441,1712459132.703617,637050.51437887,2372.0,-6.998179963588182e-12,2375.0,ASK
1442,1712459142.210306,637052.71437887,2374.0,3.3430769390319524e-10,2375.0,BID
1443,1712459148.7982707,637052.71446343,2372.0,-1.2849574405230827e-14,2375.0,ASK
1444,1712459148.8037517,637297.26413107,2372.0,-3.7161288834206404e-08,2375.0,ASK
1445,1712459149.197986,637471.68203107,2372.0,-2.6504202693487472e-08,2375.0,ASK
1446,1712459152.668465,637471.68212784,2372.0,-1.4704980313202473e-14,2375.0,ASK
1447,1712459152.6707356,639246.58933107,2372.0,-2.6971142455297135e-07,2375.0,ASK
1448,1712459157.4481397,640214.58682201,2372.0,-1.470950040486779e-07,2375.0,ASK
1449,1712459160.6063392,640214.58682201,2372.0,-0.0,2375.0,ASK
1450,1712459160.9388115,640422.75808439,2372.0,-3.1591966027103584e-08,2375.0,ASK
1451,1712459163.7882657,640698.82226837,2372.0,-4.189536164543746e-08,2375.0,ASK
1452,1712459163.8884158,640921.95550477,2372.0,-3.3862587675538164e-08,2375.0,ASK
1453,1712459164.6331222,641343.54066498,2372.0,-6.397955177200394e-08,2375.0,ASK
1454,1712459179.2483366,641410.93746363,2374.0,1.0228104249092312e-08,2375.0,BID
1455,1712459180.0484383,641610.17851388,2372.0,-3.0236721527940093e-08,2375.0,ASK
1456,1712459180.0527887,641621.73004374,2372.0,-1.7530543588304055e-09,2375.0,ASK
1457,1712459190.5708315,641621.73004374,2372.0,-0.0,2375.0,ASK
1458,1712459194.1187303,641694.18544374,2372.0,-1.09902278921785e-08,2375.0,ASK
1459,1712459195.2686996,641847.17353055,2372.0,-2.3205640143186963e-08,2375.0,ASK
1460,1712459195.5374577,641944.70269208,2372.0,-1.479348276800652e-08,2375.0,ASK
1461,1712459199.0214324,642120.9053951,2372.0,-2.6726894909251045e-08,2375.0,ASK
1462,1712459199.0251818,642299.19651326,2372.0,-2.7043671275438642e-08,2375.0,ASK
1463,1712459210.2190366,642365.11388809,2372.0,-9.998522835234088e-09,2375.0,ASK
1464,1712459210.224363,642474.21454973,2372.0,-1.6548678699044742e-08,2375.0,ASK
1465,1712459220.6647928,642474.21454973,2372.0,-0.0,2375.0,ASK
1466,1712459236.548549,642558.24051642,2372.0,-1.274137425009215e-08,2375.0,ASK
1467,1712459250.5854778,642558.24051642,2372.0,-0.0,2375.0,ASK
1468,1712459255.6685646,643194.37099702,2372.0,-9.645746300662014e-08,2375.0,ASK
1469,1712459255.6731992,643621.54390789,2372.0,-6.477289880654646e-08,2375.0,ASK
1470,1712459255.8093896,643705.56987458,2372.0,-1.2740989185040422e-08,2375.0,ASK
1471,1712459272.4084897,643816.07637458,2372.0,-1.6756274004804933e-08,2375.0,ASK
1472,1712459272.4681232,644182.58821353,2372.0,-5.557476528032184e-08,2375.0,ASK
1473,1712459277.1279716,644302.76541353,2371.0,-1.8222657421332697e-08,2375.0,ASK
1474,1712459277.9284215,644698.13320608,2371.0,-5.995023880622235e-08,2375.0,ASK
1475,1712459278.008674,645067.86647168,2371.0,-5.60632352584217e-08,2375.0,ASK
1476,1712459278.728042,645202.95217168,2371.0,-2.0483256671158925e-08,2375.0,ASK
1477,1712459280.3866806,645337.70227168,2371.0,-2.0432369116509963e-08,2375.0,ASK
1478,1712459280.9154444,645337.70227168,2371.0,-0.0,2375.0,ASK
1479,1712459282.7095127,647072.70227168,2371.0,-2.628180822338264e-07,2375.0,ASK
1480,1712459282.7887022,648662.0054894,2371.0,-2.40747909953442e-07,2375.0,ASK
1481,1712459282.7929797,649282.17656399,2371.0,-9.394361526260589e-08,2375.0,ASK
1482,1712459282.8639543,649736.15704454,2371.0,-6.876903704309252e-08,2375.0,ASK
1483,1712459282.866034,649760.07083671,2371.0,-3.6224651279874636e-09,2375.0,ASK
1484,1712459282.8681247,649922.39946868,2370.0,-2.4589567576940492e-08,2375.0,ASK
1485,1712459282.8701851,650320.07083671,2371.0,-6.023932351870378e-08,2375.0,ASK
1486,1712459282.872252,651163.17522293,2371.0,-1.277135895730631e-07,2375.0,ASK
1487,1712459293.143711,651466.53522293,2370.0,-4.595302214780975e-08,2375.0,ASK
1488,1712459294.6381028,651534.33522293,2370.0,-1.0270355029069206e-08,2375.0,ASK
1489,1712459302.1339688,651576.52931576,2370.0,-6.391568045644191e-09,2375.0,ASK
1490,1712459302.161138,651664.73626713,2370.0,-1.3361603342221916e-08,2375.0,ASK
1491,1712459302.1634488,651699.13729944,2370.0,-5.211073970358865e-09,2375.0,ASK
1492,1712459302.2851217,652022.83729944,2370.0,-4.9034128656546377e-08,2375.0,ASK
1493,1712459302.2922685,652107.54716813,2370.0,-1.2831864688982586e-08,2375.0,ASK
1494,1712459303.6886833,652396.94010537,2370.0,-4.383728920888752e-08,2375.0,ASK
