,time,acc_trade_volume,trade_price,dev,high,ask_bid
0,1712451675.081735,29785.99698286,14020.0,0.0,14040.0,BID
1,1712451676.0942533,29787.7819989,14020.0,5.4192770322932e-10,14040.0,BID
2,1712451682.004286,29790.41593544,14010.0,-7.99658461092588e-10,14040.0,ASK
3,1712451690.7342503,29790.41593544,14010.0,-0.0,14040.0,ASK
4,1712451698.394591,29933.06928779,14020.0,4.3308490469953054e-08,14040.0,BID
5,1712451704.1243088,29940.43535125,14010.0,-2.23628175505967e-09,14040.0,ASK
6,1712451709.1843777,29950.91368465,14010.0,3.181143623471135e-09,14040.0,BID
7,1712451710.5946388,29954.99568465,14020.0,1.23926465930181e-09,14040.0,BID
8,1712451716.2941215,29955.49568465,14000.0,-1.5179625910120782e-10,14040.0,ASK
9,1712451720.4856172,29955.49568465,14000.0,-0.0,14040.0,ASK
10,1712451735.3043797,29969.76101988,14000.0,-4.327808401714989e-09,14040.0,ASK
11,1712451750.730468,29969.76101988,14000.0,-0.0,14040.0,ASK
12,1712451780.7742147,29969.76101988,14000.0,-0.0,14040.0,ASK
13,1712451807.5088,29971.53675991,14000.0,-5.38690251067082e-10,14040.0,ASK
14,1712451810.765185,29971.53675991,14000.0,-0.0,14040.0,ASK
15,1712451840.5121174,29971.53675991,14000.0,-0.0,14040.0,ASK
16,1712451870.542666,29971.53675991,14000.0,-0.0,14040.0,ASK
17,1712451879.5942686,30021.75196794,14010.0,1.5233220268887058e-08,14040.0,BID
18,1712451881.564297,30024.47480676,14010.0,-8.259968469509431e-10,14040.0,ASK
19,1712451900.7587073,30024.47480676,14010.0,-0.0,14040.0,ASK
20,1712451902.3760264,30062.73793181,14020.0,1.196852657543487e-08,14040.0,BID
21,1712451902.3774006,30063.45119858,14020.0,2.2310651001440303e-10,14040.0,BID
22,1712451902.4946709,30075.14411612,14030.0,3.657489923756835e-09,14040.0,BID
23,1712451930.7576904,30075.14411612,14030.0,0.0,14040.0,BID
24,1712451935.314299,30141.8434108,14030.0,2.0858591811813483e-08,14040.0,BID
25,1712451939.197236,30142.20103669,14030.0,1.1183885071979659e-10,14040.0,BID
26,1712451954.544391,30142.91379506,14030.0,2.2289794774674408e-10,14040.0,BID
27,1712451960.540975,30142.91379506,14030.0,0.0,14040.0,BID
28,1712451974.9345312,30388.50122771,14030.0,7.677870239156224e-08,14040.0,BID
29,1712451974.9362135,30581.58081372,14030.0,6.0363023922625e-08,14040.0,BID
30,1712451974.944188,30855.17216997,14030.0,8.553364922528228e-08,14040.0,BID
31,1712451974.9454544,30855.67216997,14030.0,1.5631643191812744e-10,14040.0,BID
32,1712451990.5355425,30855.67216997,14030.0,0.0,14040.0,BID
33,1712452018.1143358,30891.31008871,14030.0,1.1106860899537954e-08,14040.0,BID
34,1712452019.587346,30927.66076558,14030.0,1.1328998041233884e-08,14040.0,BID
35,1712452020.8004324,30927.66076558,14030.0,0.0,14040.0,BID
36,1712452022.9843466,31010.73988175,14030.0,2.5884166438930344e-08,14040.0,BID
37,1712452026.8012953,31094.02398601,14030.0,2.5948032619556706e-08,14040.0,BID
38,1712452026.934238,31102.67306377,14030.0,2.694710519367158e-09,14040.0,BID
39,1712452027.0975194,31119.17506377,14030.0,5.141370470302146e-09,14040.0,BID
40,1712452027.495993,31126.35897181,14040.0,2.238221588791236e-09,14040.0,BID
41,1712452027.5043533,31127.07122253,14040.0,2.2190915157315207e-10,14040.0,BID
42,1712452027.5055804,31132.6291958,14030.0,1.7316446276269751e-09,14040.0,BID
43,1712452027.5071,31200.29725605,14040.0,2.108269099211967e-08,14040.0,BID
44,1712452032.1143632,31271.29725605,14040.0,2.2120791624739023e-08,14040.0,BID
45,1712452032.1543994,31594.48693635,14040.0,1.0069312074904737e-07,14040.0,BID
46,1712452032.4010406,31655.39293635,14040.0,1.897590048868076e-08,14040.0,BID
47,1712452033.2855425,31680.27655752,14040.0,7.752752095359353e-09,14040.0,BID
48,1712452034.7144856,31804.82917476,14050.0,3.880566890537984e-08,14050.0,BID
49,1712452034.716068,31805.54346143,14050.0,2.2254347306127423e-10,14050.0,BID
50,1712452050.287906,31819.35521907,14050.0,4.303197362335734e-09,14050.0,BID
51,1712452050.7748923,31819.35521907,14050.0,0.0,14050.0,BID
52,1712452051.204305,31820.35521907,14050.0,3.1034996693514755e-10,14050.0,BID
53,1712452058.9344382,31829.46153872,14050.0,2.8261460022783637e-09,14050.0,BID
54,1712452059.647712,31861.20531096,14050.0,9.851678665080572e-09,14050.0,BID
55,1712452080.510129,31861.20531096,14050.0,0.0,14050.0,BID
56,1712452095.1759,31873.55596932,14050.0,3.832327075841089e-09,14050.0,BID
57,1712452098.0173745,31874.42512432,14050.0,2.696930108916975e-10,14050.0,BID
58,1712452110.5469134,31874.42512432,14050.0,0.0,14050.0,BID
59,1712452117.1843472,31883.03512432,14050.0,2.6714717208091724e-09,14050.0,BID
60,1712452133.4345212,31896.13149428,14050.0,4.063482229200481e-09,14050.0,BID
61,1712452140.7418356,31896.13149428,14050.0,0.0,14050.0,BID
62,1712452146.8297267,31967.19949428,14050.0,2.2048570105289643e-08,14050.0,BID
63,1712452149.7076766,31998.51622025,14050.0,9.715892216154441e-09,14050.0,BID
64,1712452162.3944788,32001.53821313,14050.0,9.37561516749608e-10,14050.0,BID
65,1712452165.8941424,32358.39928437,14050.0,1.107147569522709e-07,14050.0,BID
66,1712452170.7886674,32358.39928437,14050.0,0.0,14050.0,BID
67,1712452172.3491886,32361.95800323,14050.0,1.1018584098026607e-09,14050.0,BID
68,1712452184.0561793,32375.15573678,14050.0,4.086311471764555e-09,14050.0,BID
69,1712452184.0571876,32387.26709269,14050.0,3.749944822430628e-09,14050.0,BID
70,1712452191.0935457,32387.89726489,14050.0,1.9511531129959027e-10,14050.0,BID
71,1712452200.601465,32387.89726489,14050.0,0.0,14050.0,BID
72,1712452208.3781874,32392.19333749,14050.0,1.3373845409482358e-09,14050.0,BID
73,1712452228.7643824,32393.65871115,14050.0,4.561766669397359e-10,14050.0,BID
74,1712452230.5593812,32393.65871115,14050.0,0.0,14050.0,BID
75,1712452233.5043468,32394.97747271,14050.0,4.1052539020411743e-10,14050.0,BID
76,1712452242.334256,32408.06744018,14050.0,4.0748564155752714e-09,14050.0,BID
77,1712452260.773222,32408.06744018,14050.0,0.0,14050.0,BID
78,1712452275.227745,32421.96170301,14050.0,4.32495790365215e-09,14050.0,BID
79,1712452290.7872145,32421.96170301,14050.0,0.0,14050.0,BID
80,1712452291.1244252,32469.70938984,14050.0,1.4861831124664822e-08,14050.0,BID
81,1712452320.5099328,32469.70938984,14050.0,0.0,14050.0,BID
82,1712452334.7076118,32503.87938984,14050.0,1.0633452347035528e-08,14050.0,BID
83,1712452347.4236555,32514.1013979,14050.0,3.181013625901318e-09,14050.0,BID
84,1712452350.601161,32514.1013979,14050.0,0.0,14050.0,BID
85,1712452355.554399,32515.91339078,14050.0,5.63769415572939e-10,14050.0,BID
86,1712452369.0241764,32535.91239078,14050.0,6.222333799712223e-09,14050.0,BID
87,1712452369.0842788,32550.9689107,14050.0,4.6845688686571565e-09,14050.0,BID
88,1712452369.3067443,32565.30222794,14050.0,4.459557194081621e-09,14050.0,BID
89,1712452372.3843904,32587.70118819,14050.0,6.969038824040714e-09,14050.0,BID
90,1712452374.5441148,32596.43549624,14040.0,-2.717524886074861e-09,14050.0,ASK
91,1712452374.554427,32608.80860877,14040.0,-3.849674298868095e-09,14050.0,ASK
92,1712452374.5563383,32944.08037564,14040.0,-1.0431385804712493e-07,14050.0,ASK
93,1712452374.7045283,32957.4012609,14050.0,4.144556957617261e-09,14050.0,BID
94,1712452376.454391,32964.51869862,14050.0,2.21446438784469e-09,14050.0,BID
95,1712452376.6341956,32979.51322146,14050.0,4.665279577874289e-09,14050.0,BID
96,1712452380.7711704,32979.51322146,14050.0,0.0,14050.0,BID
97,1712452405.944214,33010.21794027,14050.0,9.533842066394384e-09,14050.0,BID
98,1712452410.7533062,33010.21794027,14050.0,0.0,14050.0,BID
99,1712452411.9643006,33038.1049227,14040.0,-8.657772741212195e-09,14050.0,ASK
100,1712452426.734208,33038.63384562,14040.0,1.6420903374994262e-10,14050.0,BID
101,1712452430.025554,33066.59495119,14040.0,-8.680784958565487e-09,14050.0,ASK
102,1712452430.9400358,33342.19383706,14040.0,8.5562234192358e-08,14050.0,BID
103,1712452430.943843,33358.67647898,14040.0,5.117189293477001e-09,14050.0,BID
104,1712452430.946719,33369.1103531,14040.0,3.239293142171533e-09,14050.0,BID
105,1712452431.934076,33379.0423531,14040.0,3.083481659644421e-09,14050.0,BID
106,1712452432.2143416,33389.01386307,14040.0,3.095747896845295e-09,14050.0,BID
107,1712452433.4645665,33395.01286307,14040.0,1.862445275492724e-09,14050.0,BID
108,1712452440.6067,33395.01286307,14040.0,0.0,14050.0,BID
109,1712452440.624673,33408.9131118,14030.0,-4.3082352969106005e-09,14050.0,ASK
110,1712452440.6295464,33637.27117109,14030.0,-7.077716884617281e-08,14050.0,ASK
111,1712452440.6306958,33649.64075251,14030.0,-3.833821129160536e-09,14050.0,ASK
112,1712452446.614243,33649.64092252,14040.0,5.269280298615051e-14,14050.0,BID
113,1712452446.6246133,33658.85052327,14040.0,2.854418492236558e-09,14050.0,BID
114,1712452446.654172,33671.04097355,14040.0,3.778301324075111e-09,14050.0,BID
115,1712452446.7842307,33680.879768,14040.0,3.0494304347982397e-09,14050.0,BID
116,1712452448.8045638,33683.669768,14040.0,8.647310355274795e-10,14050.0,BID
117,1712452448.904443,33840.6118396,14040.0,4.86425376675467e-08,14050.0,BID
118,1712452470.5598893,33840.6118396,14040.0,0.0,14050.0,BID
119,1712452496.774231,33841.35970284,14040.0,-2.313439093156748e-10,14050.0,ASK
120,1712452496.7759576,33846.6423809,14040.0,-1.6341428869433567e-09,14050.0,ASK
121,1712452496.9143224,33854.9273809,14040.0,2.5628807329493235e-09,14050.0,BID
122,1712452500.5419333,33854.9273809,14040.0,0.0,14050.0,BID
123,1712452501.6544309,33874.0254278,14030.0,-6.0728596819701e-09,14050.0,ASK
124,1712452515.9175453,33874.02560352,14040.0,5.5876022985014685e-14,14050.0,BID
125,1712452530.5136724,33874.02560352,14040.0,0.0,14050.0,BID
126,1712452548.64392,33887.13433759,14050.0,4.168003189622047e-09,14050.0,BID
127,1712452552.4932437,33887.84608137,14050.0,2.2630334320456767e-10,14050.0,BID
128,1712452552.4950218,33904.45979225,14050.0,5.282432275269582e-09,14050.0,BID
129,1712452555.9541016,33905.84279225,14050.0,4.3973341593787646e-10,14050.0,BID
130,1712452560.740728,33905.84279225,14050.0,0.0,14050.0,BID
131,1712452561.2041454,33920.83584047,14050.0,4.766455057633336e-09,14050.0,BID
132,1712452561.2239811,33931.1027726,14050.0,3.263970732260035e-09,14050.0,BID
133,1712452568.9138544,33949.2167726,14050.0,5.758639980812626e-09,14050.0,BID
134,1712452569.0740278,33950.2167726,14050.0,3.1791100700091063e-10,14050.0,BID
135,1712452570.2878857,33951.2167726,14050.0,3.1791100700091063e-10,14050.0,BID
136,1712452571.1639514,33964.99562617,14050.0,4.380449213757414e-09,14050.0,BID
137,1712452571.964155,33965.70991284,14060.0,2.2707959454749016e-10,14060.0,BID
138,1712452571.9663928,34099.41952375,14060.0,4.250775705009872e-08,14060.0,BID
139,1712452590.789365,34099.41952375,14060.0,0.0,14060.0,BID
140,1712452620.5559013,34099.41952375,14060.0,0.0,14060.0,BID
141,1712452628.274002,34102.53319729,14060.0,9.890155260888695e-10,14060.0,BID
142,1712452632.254295,34123.87032389,14060.0,6.777444461798819e-09,14060.0,BID
143,1712452637.4339328,34126.20519231,14060.0,7.416388035200433e-10,14060.0,BID
144,1712452649.353864,34127.95606357,14060.0,5.56140147025779e-10,14060.0,BID
145,1712452650.5314553,34127.95606357,14060.0,0.0,14060.0,BID
146,1712452658.4440925,34131.39637683,14050.0,-1.0926288873423475e-09,14060.0,ASK
147,1712452660.0351355,34131.7519956,14060.0,1.1294301176077967e-10,14060.0,BID
148,1712452662.5892477,34135.42947593,14050.0,-1.1679521420072163e-09,14060.0,ASK
149,1712452662.5915875,34490.17493466,14050.0,-1.1266565180814524e-07,14060.0,ASK
150,1712452673.6340587,34512.56278461,14050.0,-7.110286108328172e-09,14060.0,ASK
151,1712452673.6364677,34515.18863809,14050.0,-8.339599185737644e-10,14060.0,ASK
152,1712452675.5939662,34848.77824425,14050.0,-1.059466428379144e-07,14060.0,ASK
153,1712452675.7399092,34873.61157716,14050.0,7.886961115415413e-09,14060.0,BID
154,1712452680.784426,34873.61157716,14050.0,0.0,14060.0,BID
155,1712452710.7698417,34873.61157716,14050.0,0.0,14060.0,BID
156,1712452711.454085,34925.61057716,14060.0,1.6459894980699216e-08,14060.0,BID
157,1712452739.0842772,34951.75685862,14060.0,8.276410064952479e-09,14060.0,BID
158,1712452740.5212784,34951.75685862,14060.0,0.0,14060.0,BID
159,1712452751.8740222,34953.32158123,14060.0,4.951290504652851e-10,14060.0,BID
160,1712452763.3361473,35024.34958123,14060.0,2.247556593849733e-08,14060.0,BID
161,1712452766.9439106,35034.00658123,14060.0,3.055788425241233e-09,14060.0,BID
162,1712452770.530551,35034.00658123,14060.0,0.0,14060.0,BID
163,1712452772.4051435,35091.37080826,14060.0,1.8145264480319e-08,14060.0,BID
164,1712452772.4074376,35123.09812688,14060.0,1.0035881548796425e-08,14060.0,BID
165,1712452772.409324,35130.33937344,14060.0,2.290527403597287e-09,14060.0,BID
166,1712452772.4112484,35130.94287044,14060.0,1.9089619515465384e-10,14060.0,BID
167,1712452781.0142276,35134.00658123,14060.0,-9.69102966327015e-10,14060.0,ASK
168,1712452781.0166194,35135.84847678,14060.0,-5.82622369901346e-10,14060.0,ASK
169,1712452794.1540782,35136.84847678,14060.0,3.163167259419438e-10,14060.0,BID
170,1712452795.2539558,35137.84847678,14060.0,3.163167259419438e-10,14060.0,BID
171,1712452800.5879178,35137.84847678,14060.0,0.0,14060.0,BID
172,1712452801.2639952,35164.48390617,14050.0,-8.468295662900538e-09,14060.0,ASK
173,1712452806.7641268,35200.07109478,14050.0,-1.1314359928212112e-08,14060.0,ASK
174,1712452823.203957,35200.26946477,14060.0,6.306846799116535e-11,14060.0,BID
175,1712452823.2139294,35218.12618235,14060.0,5.677248968742722e-09,14060.0,BID
176,1712452827.514212,35232.35093341,14060.0,4.5225250903014895e-09,14060.0,BID
177,1712452830.500022,35232.35093341,14060.0,0.0,14060.0,BID
178,1712452839.2414246,35233.35093341,14060.0,3.1779932581762065e-10,14060.0,BID
179,1712452839.4339664,35258.25472375,14070.0,7.914407780353749e-09,14070.0,BID
180,1712452839.4366367,35258.62852869,14070.0,1.1879495792099858e-10,14070.0,BID
181,1712452839.4455929,35296.67081539,14060.0,1.2089813065821136e-08,14070.0,BID
182,1712452839.4477415,35297.38510206,14070.0,2.2699982216466388e-10,14070.0,BID
183,1712452839.4498231,35316.22089949,14070.0,5.986003724491764e-09,14070.0,BID
184,1712452840.0649812,35317.29657567,14070.0,3.4184916480216907e-10,14070.0,BID
185,1712452860.7789452,35317.29657567,14070.0,0.0,14070.0,BID
186,1712452875.7339218,35422.22442446,14070.0,3.3333342769025985e-08,14070.0,BID
187,1712452890.7784698,35422.22442446,14070.0,0.0,14070.0,BID
188,1712452899.3568566,35429.3368,14070.0,2.2583910413928483e-09,14070.0,BID
189,1712452899.35934,35476.17535669,14070.0,1.4872636607223266e-08,14070.0,BID
190,1712452899.3617632,35478.44112713,14070.0,7.19449589629604e-10,14070.0,BID
191,1712452899.364179,35481.66967779,14080.0,1.025160981197948e-09,14080.0,BID
192,1712452920.5394862,35481.66967779,14080.0,0.0,14080.0,BID
193,1712452941.2745347,35491.87010422,14070.0,-3.2380791585121474e-09,14080.0,ASK
194,1712452941.41388,35492.87010422,14070.0,3.1744546963149927e-10,14080.0,BID
195,1712452949.183862,35504.64155356,14080.0,3.7367932639814e-09,14080.0,BID
196,1712452949.185961,35592.3019224,14080.0,2.7827386954483972e-08,14080.0,BID
197,1712452950.5100598,35592.3019224,14080.0,0.0,14080.0,BID
198,1712452980.780905,35592.3019224,14080.0,0.0,14080.0,BID
199,1712452982.1476293,35593.11505519,14080.0,2.5799775343292656e-10,14080.0,BID
200,1712452998.0140114,35594.31505519,14090.0,3.8074630359163917e-10,14090.0,BID
201,1712452998.017088,35632.47008719,14090.0,1.2106156164471666e-08,14090.0,BID
202,1712452998.0240986,35632.89385019,14090.0,1.3445516320657254e-10,14090.0,BID
203,1712452998.0264597,35636.68494417,14090.0,1.202870849542069e-09,14090.0,BID
204,1712453010.7923508,35636.68494417,14090.0,0.0,14090.0,BID
205,1712453011.8739614,35638.10267502,14100.0,4.4974058146454885e-10,14100.0,BID
206,1712453012.433755,35638.52040587,14100.0,1.3251493777643302e-10,14100.0,BID
207,1712453012.4359682,35639.10267502,14100.0,1.8471070590937475e-10,14100.0,BID
208,1712453013.8841753,35645.5881313,14080.0,-2.057353043017756e-09,14100.0,ASK
209,1712453033.3339036,35652.69040402,14080.0,-2.2530230352352263e-09,14100.0,ASK
210,1712453040.498603,35652.69040402,14080.0,-0.0,14100.0,ASK
211,1712453042.6048598,35656.43308193,14080.0,-1.1871885200014107e-09,14100.0,ASK
212,1712453047.994337,35657.07822032,14090.0,2.0463980840355743e-10,14100.0,BID
213,1712453047.997476,35657.43308193,14090.0,1.1256315390045983e-10,14100.0,BID
214,1712453049.264336,35658.43308193,14090.0,3.1720296230401725e-10,14100.0,BID
215,1712453050.9038458,35688.43308193,14090.0,9.516088869120518e-09,14100.0,BID
216,1712453051.3138602,35689.43308193,14090.0,3.1720296230401725e-10,14100.0,BID
217,1712453055.7438843,35760.40540272,14090.0,2.2512630396179755e-08,14100.0,BID
218,1712453070.50986,35760.40540272,14090.0,0.0,14100.0,BID
219,1712453074.7638564,35812.33864856,14090.0,1.6465452814588304e-08,14100.0,BID
220,1712453074.883825,35848.97810962,14090.0,-1.1616553278686713e-08,14100.0,ASK
221,1712453074.8860917,35866.40938483,14090.0,-5.526591585526205e-09,14100.0,ASK
222,1712453081.5139892,35961.81296873,14090.0,3.0247737911237826e-08,14100.0,BID
223,1712453086.4140182,36543.25892377,14090.0,1.8434763285239082e-07,14100.0,BID
224,1712453086.4741392,36820.44522388,14090.0,-8.788200836460465e-08,14100.0,ASK
225,1712453100.77659,36820.44522388,14090.0,-0.0,14100.0,ASK
226,1712453107.1638098,36828.04121394,14090.0,2.404157301117482e-09,14100.0,BID
227,1712453130.78182,36828.04121394,14090.0,0.0,14100.0,BID
228,1712453160.555617,36828.04121394,14090.0,0.0,14100.0,BID
229,1712453190.5582898,36828.04121394,14090.0,0.0,14100.0,BID
230,1712453193.3901222,36835.1348974,14090.0,2.2450994615324142e-09,14100.0,BID
231,1712453210.5041316,36838.04121394,14090.0,9.198281451083491e-10,14100.0,BID
232,1712453210.507047,36844.99654388,14090.0,2.201311574039947e-09,14100.0,BID
233,1712453220.7794478,36844.99654388,14090.0,0.0,14100.0,BID
234,1712453234.664393,36845.35122474,14100.0,1.1224543762388527e-10,14100.0,BID
235,1712453234.6674578,36848.89732404,14100.0,1.122229904895365e-09,14100.0,BID
236,1712453234.670454,36850.09732404,14100.0,3.7976259882812557e-10,14100.0,BID
237,1712453234.6734426,36876.20221763,14100.0,8.261385193246203e-09,14100.0,BID
238,1712453235.0488825,36879.74831693,14100.0,1.122229904895365e-09,14100.0,BID
239,1712453235.0557768,36908.63074674,14100.0,9.14038883761721e-09,14100.0,BID
240,1712453235.05918,36932.02041859,14100.0,7.402102139596651e-09,14100.0,BID
241,1712453235.060953,37034.43394085,14110.0,3.2410687807245534e-08,14110.0,BID
242,1712453235.062336,37035.43394085,14100.0,3.1646883235753883e-10,14110.0,BID
243,1712453235.0637653,37035.8010149,14120.0,1.1616749599057512e-10,14120.0,BID
244,1712453235.0651565,37225.83040764,14100.0,6.013838003404164e-08,14120.0,BID
245,1712453235.0665834,37243.38747183,14110.0,5.556263603834905e-09,14120.0,BID
246,1712453235.0680082,37463.32465848,14120.0,6.960326465112776e-08,14120.0,BID
247,1712453235.0694127,37510.19250573,14100.0,1.4832212894320016e-08,14120.0,BID
248,1712453235.0708368,37528.3151698,14120.0,5.735258337439865e-09,14120.0,BID
249,1712453235.072257,37531.3151698,14100.0,9.494064970726166e-10,14120.0,BID
250,1712453235.0737038,37531.9979157,14120.0,2.1606779776920903e-10,14120.0,BID
251,1712453235.075159,37534.1979157,14110.0,6.962314311879671e-10,14120.0,BID
252,1712453235.0766027,37539.7089157,14100.0,1.744059735121954e-09,14120.0,BID
253,1712453235.078032,37545.16121904,14110.0,1.7254840716677802e-09,14120.0,BID
254,1712453235.0795128,37546.36121904,14120.0,3.797625988304282e-10,14120.0,BID
255,1712453235.0809517,37547.94969593,14110.0,5.027034266051025e-10,14120.0,BID
256,1712453235.0824068,37580.00221763,14120.0,1.0143624116512364e-08,14120.0,BID
257,1712453235.0838916,37581.20221763,14120.0,3.797625988304282e-10,14120.0,BID
258,1712453244.5936775,37581.95008087,14090.0,-2.3667540632643427e-10,14120.0,ASK
259,1712453245.075307,37606.95008087,14090.0,-7.911720808938471e-09,14120.0,ASK
260,1712453250.8124354,37606.95008087,14090.0,-0.0,14120.0,ASK
261,1712453280.8124068,37606.95008087,14090.0,-0.0,14120.0,ASK
262,1712453288.573945,37619.60508087,14120.0,3.99133433054203e-09,14120.0,BID
263,1712453301.6639256,37634.71367388,14120.0,4.765187354169296e-09,14120.0,BID
264,1712453310.7802234,37634.71367388,14120.0,0.0,14120.0,BID
265,1712453317.6540158,37678.66296566,14120.0,1.3859710069256612e-08,14120.0,BID
266,1712453340.533736,37678.66296566,14120.0,0.0,14120.0,BID
267,1712453344.3654337,37685.39577926,14110.0,-2.122823431485778e-09,14120.0,ASK
268,1712453347.933767,38011.11055601,14110.0,1.0269628733908421e-07,14120.0,BID
269,1712453370.5695243,38011.11055601,14110.0,0.0,14120.0,BID
270,1712453400.6814551,38011.11055601,14110.0,0.0,14120.0,BID
271,1712453410.3836553,38022.68655394,14110.0,-3.659133370141841e-09,14120.0,ASK
272,1712453410.7525938,38230.7030985,14110.0,-6.575331857723716e-08,14120.0,ASK
273,1712453425.7737305,38337.08607722,14100.0,-3.3627295875756885e-08,14120.0,ASK
274,1712453430.563225,38337.08607722,14100.0,-0.0,14120.0,ASK
275,1712453439.113761,38390.85714104,14100.0,-1.6972179454271068e-08,14120.0,ASK
276,1712453460.7902412,38390.85714104,14100.0,-0.0,14120.0,ASK
277,1712453490.8762133,38390.85714104,14100.0,-0.0,14120.0,ASK
278,1712453494.514734,38458.28084599,14090.0,-2.1276377251545574e-08,14120.0,ASK
279,1712453495.3546772,38529.25316678,14090.0,-2.2396186514309165e-08,14120.0,ASK
280,1712453495.3573172,38658.17674769,14090.0,-4.068341759171705e-08,14120.0,ASK
281,1712453495.359915,38768.0604954,14090.0,-3.467516464462542e-08,14120.0,ASK
282,1712453495.362477,38841.04484599,14090.0,-2.303110720129645e-08,14120.0,ASK
283,1712453495.3735654,38912.12126508,14090.0,-2.2429036009952485e-08,14120.0,ASK
284,1712453520.5080595,38912.12126508,14090.0,-0.0,14120.0,ASK
285,1712453538.5047164,38912.48322392,14090.0,1.1395643766028306e-10,14120.0,BID
286,1712453538.5135498,38913.54071149,14090.0,3.32931546440453e-10,14120.0,BID
287,1712453541.7835982,38916.54071149,14090.0,9.444977583212332e-10,14120.0,BID
288,1712453550.562564,38916.54071149,14090.0,0.0,14120.0,BID
289,1712453551.7535872,39015.9019606,14090.0,3.1281545753153294e-08,14120.0,BID
290,1712453551.834541,39084.7572366,14090.0,2.1677459631727813e-08,14120.0,BID
291,1712453551.853644,39132.07576641,14090.0,1.489712305835428e-08,14120.0,BID
292,1712453551.8568022,39176.02505819,14090.0,1.3836397931278133e-08,14120.0,BID
293,1712453552.0537152,39300.84775322,14100.0,3.929748146875612e-08,14120.0,BID
294,1712453556.933711,39311.33577243,14100.0,3.301905478406797e-09,14120.0,BID
295,1712453579.8936589,39312.10354928,14110.0,2.4171643247853823e-10,14120.0,BID
296,1712453579.8970046,39313.16881224,14110.0,3.3537291772081966e-10,14120.0,BID
297,1712453579.9038064,39471.58937105,14110.0,4.987497644246552e-08,14120.0,BID
298,1712453579.9054797,39529.81846603,14100.0,1.8332057166120065e-08,14120.0,BID
299,1712453579.9070709,39530.24274953,14110.0,1.335756528459626e-10,14120.0,BID
300,1712453580.801931,39530.24274953,14110.0,0.0,14120.0,BID
301,1712453607.0491838,39705.80617349,14100.0,5.512185433453015e-08,14120.0,BID
302,1712453610.8058417,39705.80617349,14100.0,0.0,14120.0,BID
303,1712453640.5695724,39705.80617349,14100.0,0.0,14120.0,BID
304,1712453643.6738884,39709.88923615,14080.0,-1.280968385056953e-09,14120.0,ASK
305,1712453643.677975,39713.05251463,14080.0,-9.924069414143704e-10,14120.0,ASK
306,1712453654.5047607,39724.54459559,14080.0,-3.60537998412102e-09,14120.0,ASK
307,1712453654.5074072,39750.86091306,14080.0,-8.256148263518128e-09,14120.0,ASK
308,1712453654.5099542,39785.04500238,14080.0,-1.0724483393277504e-08,14120.0,ASK
309,1712453654.512561,39813.45409328,14080.0,-8.912708503746051e-09,14120.0,ASK
310,1712453670.5661376,39813.45409328,14080.0,-0.0,14120.0,ASK
311,1712453690.0138586,39823.80374502,14070.0,-3.245425468591648e-09,14120.0,ASK
312,1712453690.0175517,39847.17986442,14070.0,-7.330242134082166e-09,14120.0,ASK
313,1712453690.021068,39848.60233952,14060.0,-4.460572233688333e-10,14120.0,ASK
314,1712453690.0246418,40084.90156315,14060.0,-7.409829217860917e-08,14120.0,ASK
315,1712453690.098322,40102.77579766,14060.0,5.604970811349498e-09,14120.0,BID
316,1712453690.1026208,40244.02465463,14060.0,4.429256648784413e-08,14120.0,BID
317,1712453690.3736148,40245.02465463,14080.0,3.135782295020731e-10,14120.0,BID
318,1712453690.8437667,40258.04465463,14080.0,4.082788548118269e-09,14120.0,BID
319,1712453700.7833395,40258.04465463,14080.0,0.0,14120.0,BID
320,1712453720.1536171,40262.5241401,14060.0,-1.4031097837345476e-09,14120.0,ASK
321,1712453720.3534138,40278.49762669,14070.0,5.003377165719218e-09,14120.0,BID
322,1712453725.274055,40350.93958698,14070.0,-2.2691004115654103e-08,14120.0,ASK
323,1712453730.780401,40350.93958698,14070.0,-0.0,14120.0,ASK
324,1712453745.3262243,40580.53727283,14070.0,-7.188748147909479e-08,14120.0,ASK
325,1712453745.3299253,40587.64459337,14070.0,-2.225315868467511e-09,14120.0,ASK
326,1712453747.493929,40588.35532542,14070.0,2.2253158559424263e-10,14120.0,BID
327,1712453760.5163305,40588.35532542,14070.0,0.0,14120.0,BID
328,1712453761.1135898,40655.09167456,14070.0,2.0873449064189092e-08,14120.0,BID
329,1712453761.1163647,40876.54670942,14070.0,6.926555692253419e-08,14120.0,BID
330,1712453761.226247,40876.54671019,14070.0,2.408366185961781e-16,14120.0,BID
331,1712453769.95362,40877.54671019,14080.0,3.1277481212527817e-10,14120.0,BID
332,1712453773.355399,40888.66265759,14080.0,3.476788359629931e-09,14120.0,BID
333,1712453773.3570647,40992.14805604,14080.0,3.236762605790846e-08,14120.0,BID
334,1712453773.7853112,41009.2054185,14090.0,5.3351133387793215e-09,14120.0,BID
335,1712453773.788339,41009.91463836,14100.0,2.2182610846711086e-10,14120.0,BID
336,1712453773.791288,41066.14883216,14100.0,1.7588639400810052e-08,14120.0,BID
337,1712453790.5585902,41066.14883216,14100.0,0.0,14120.0,BID
338,1712453820.7652607,41066.14883216,14100.0,0.0,14120.0,BID
339,1712453841.899843,41080.98840734,14100.0,4.631701866942984e-09,14120.0,BID
340,1712453850.8134496,41080.98840734,14100.0,0.0,14120.0,BID
341,1712453853.1336544,41081.98840734,14100.0,3.1209784296247316e-10,14120.0,BID
342,1712453864.0492337,41096.41853145,14100.0,4.503610608410699e-09,14120.0,BID
343,1712453868.4837265,41097.41853145,14100.0,3.1209784296247316e-10,14120.0,BID
344,1712453870.251119,41098.41853145,14100.0,3.1209784296247316e-10,14120.0,BID
345,1712453873.7435963,41206.88573145,14100.0,3.3852379152178915e-08,14120.0,BID
346,1712453875.054156,41208.22856141,14090.0,-4.1909433398082174e-10,14120.0,ASK
347,1712453875.8136003,41317.22856141,14100.0,3.4018664882909584e-08,14120.0,BID
348,1712453880.5222466,41317.22856141,14100.0,0.0,14120.0,BID
349,1712453889.5164275,41333.30756141,14100.0,5.0130097451599675e-09,14120.0,BID
350,1712453889.6734731,41368.30756141,14100.0,1.0912080420457883e-08,14120.0,BID
351,1712453892.2263682,41457.17280963,14100.0,2.7705849576016208e-08,14120.0,BID
352,1712453892.5436792,41504.32880963,14100.0,1.4702001837346892e-08,14120.0,BID
353,1712453892.6092002,41526.36243543,14100.0,6.869505619537812e-09,14120.0,BID
354,1712453892.6134212,41539.16571858,14100.0,3.991727296534796e-09,14120.0,BID
355,1712453906.6701128,41544.09252573,14090.0,-1.536049023910222e-09,14120.0,ASK
356,1712453910.5094173,41544.09252573,14090.0,-0.0,14120.0,ASK
357,1712453928.8640382,41555.17784181,14090.0,-3.4526670229624702e-09,14120.0,ASK
358,1712453940.789857,41555.17784181,14090.0,-0.0,14120.0,ASK
359,1712453970.7635674,41555.17784181,14090.0,-0.0,14120.0,ASK
360,1712453978.7859774,41638.65104181,14110.0,2.5997557752603253e-08,14120.0,BID
361,1712453981.0935853,41677.43008756,14110.0,1.2077654642166582e-08,14120.0,BID
362,1712453981.0965688,42348.37424975,14110.0,2.089641897675704e-07,14120.0,BID
363,1712453990.0935469,42384.67489806,14090.0,-1.1305762818440524e-08,14120.0,ASK
364,1712454000.607215,42384.67489806,14090.0,-0.0,14120.0,ASK
365,1712454010.3237898,42421.71323559,14110.0,1.1525639620780944e-08,14120.0,BID
366,1712454010.3277173,42466.05518161,14110.0,1.3798386320569068e-08,14120.0,BID
367,1712454012.0136828,42482.68315574,14110.0,-5.174315323705914e-09,14120.0,ASK
368,1712454013.7936122,42500.61670208,14110.0,-5.580585037597203e-09,14120.0,ASK
369,1712454015.1247246,42837.39049608,14110.0,-1.047977215560261e-07,14120.0,ASK
370,1712454015.1886406,42837.39049632,14110.0,-7.468273254881462e-17,14120.0,ASK
371,1712454023.9636126,42852.92809731,14120.0,4.835011545462857e-09,14120.0,BID
372,1712454023.9663303,42887.91118545,14120.0,1.0886084355083093e-08,14120.0,BID
373,1712454023.9694026,42908.21202606,14120.0,6.317242848176693e-09,14120.0,BID
374,1712454030.5679505,42908.21202606,14120.0,0.0,14120.0,BID
375,1712454060.7962475,42908.21202606,14120.0,0.0,14120.0,BID
376,1712454090.7698288,42908.21202606,14120.0,0.0,14120.0,BID
377,1712454120.5575085,42908.21202606,14120.0,0.0,14120.0,BID
378,1712454137.849311,42979.18434685,14090.0,-2.2034605634943304e-08,14120.0,ASK
379,1712454137.8511224,43124.10206336,14090.0,-4.4992254688451953e-08,14120.0,ASK
380,1712454137.8528795,43148.15868099,14090.0,-7.46880018135834e-09,14120.0,ASK
381,1712454137.854621,43155.25591359,14090.0,-2.203460725247055e-09,14120.0,ASK
382,1712454138.4938142,43159.51425285,14090.0,1.3220763420081491e-09,14120.0,BID
383,1712454138.7041495,43420.71417085,14090.0,-8.10941099423684e-08,14120.0,ASK
384,1712454138.7497582,43420.71417097,14090.0,-3.725684668634968e-17,14120.0,ASK
385,1712454150.5321648,43420.71417097,14090.0,-0.0,14120.0,ASK
386,1712454170.2935808,43430.71417097,14090.0,3.097731023555756e-09,14120.0,BID
387,1712454173.690441,43442.35359609,14090.0,3.605580829056673e-09,14120.0,BID
388,1712454175.9935927,43555.05395095,14090.0,3.4911538561557764e-08,14120.0,BID
389,1712454180.7921846,43555.05395095,14090.0,0.0,14120.0,BID
390,1712454210.7588575,43555.05395095,14090.0,0.0,14120.0,BID
391,1712454240.510949,43555.05395095,14090.0,0.0,14120.0,BID
392,1712454248.3340802,43555.83439819,14090.0,2.4161988815546547e-10,14120.0,BID
393,1712454270.4879365,43555.83439819,14090.0,0.0,14120.0,BID
394,1712454300.5343297,43555.83439819,14090.0,0.0,14120.0,BID
395,1712454325.3738706,43556.83439819,14070.0,-3.1092382006543656e-10,14120.0,ASK
396,1712454325.3782046,43682.34470381,14070.0,-3.90241436809493e-08,14120.0,ASK
397,1712454330.559416,43682.34470381,14070.0,-0.0,14120.0,ASK
398,1712454331.9635932,43725.03011481,14070.0,-1.3264569847285833e-08,14120.0,ASK
399,1712454332.0634372,43756.83439819,14070.0,-9.883239459425162e-09,14120.0,ASK
400,1712454360.7904875,43756.83439819,14070.0,-0.0,14120.0,ASK
401,1712454364.032908,43877.91078776,14070.0,-3.761246038951068e-08,14120.0,ASK
402,1712454365.903591,43879.11903226,14070.0,-3.7534195195619077e-10,14120.0,ASK
403,1712454383.1242154,44020.76209175,14090.0,4.400150998421257e-08,14120.0,BID
404,1712454390.7550173,44020.76209175,14090.0,0.0,14120.0,BID
405,1712454420.552806,44020.76209175,14090.0,0.0,14120.0,BID
406,1712454429.0303242,44098.47745675,14070.0,-2.411449002040593e-08,14120.0,ASK
407,1712454429.033392,44098.47745768,14070.0,-2.88571454795593e-16,14120.0,ASK
408,1712454450.5734427,44098.47745768,14070.0,-0.0,14120.0,ASK
409,1712454480.7903447,44098.47745768,14070.0,-0.0,14120.0,ASK
410,1712454483.6836667,44118.47745768,14070.0,-6.203743872007151e-09,14120.0,ASK
411,1712454493.5040755,44118.83345768,14060.0,-1.1042664092165506e-10,14120.0,ASK
412,1712454493.5082347,44125.16975924,14060.0,-1.965439598703319e-09,14120.0,ASK
413,1712454510.0257528,44132.28755283,14050.0,-2.207848418308014e-09,14120.0,ASK
414,1712454510.030089,44147.16975924,14050.0,-4.616269840899851e-09,14120.0,ASK
415,1712454510.7886996,44147.16975924,14050.0,-0.0,14120.0,ASK
416,1712454513.933528,44157.16975924,14050.0,-3.1012133864651035e-09,14120.0,ASK
417,1712454521.4435697,44174.29473607,14050.0,-5.310820738809062e-09,14120.0,ASK
418,1712454527.4537425,44175.29473607,14050.0,3.1012133864651035e-10,14120.0,BID
419,1712454527.6135292,44296.21615749,14050.0,3.7500313081810375e-08,14120.0,BID
420,1712454528.0335252,44312.13504839,14050.0,4.936787755675878e-09,14120.0,BID
421,1712454528.0374374,44327.94867448,14060.0,4.904142891885921e-09,14120.0,BID
422,1712454540.5590131,44327.94867448,14060.0,0.0,14120.0,BID
423,1712454570.5517645,44327.94867448,14060.0,0.0,14120.0,BID
424,1712454574.790792,44684.58205536,14060.0,1.105125663376208e-07,14120.0,BID
425,1712454576.4472446,44773.69627806,14060.0,-2.7614469019862386e-08,14120.0,ASK
426,1712454600.581639,44773.69627806,14060.0,-0.0,14120.0,ASK
427,1712454630.536163,44773.69627806,14060.0,-0.0,14120.0,ASK
428,1712454652.2037165,44908.04467824,14060.0,-4.1734119853496216e-08,14120.0,ASK
429,1712454652.2078965,45130.8391352,14060.0,-6.920909037253478e-08,14120.0,ASK
430,1712454660.744166,45130.8391352,14060.0,-0.0,14120.0,ASK
431,1712454662.2433448,45144.33839396,14090.0,4.186892115086004e-09,14120.0,BID
432,1712454685.1236942,45145.01137187,14090.0,2.0872893505457616e-10,14120.0,BID
433,1712454690.7800272,45145.01137187,14090.0,0.0,14120.0,BID
434,1712454720.6120234,45145.01137187,14090.0,0.0,14120.0,BID
435,1712454750.5670762,45145.01137187,14090.0,0.0,14120.0,BID
436,1712454780.7988367,45145.01137187,14090.0,0.0,14120.0,BID
437,1712454803.5134902,45146.5776955,14090.0,4.857764438003311e-10,14120.0,BID
438,1712454810.778265,45146.5776955,14090.0,0.0,14120.0,BID
439,1712454836.186082,45148.92680834,14090.0,7.285441201572334e-10,14120.0,BID
440,1712454840.5290446,45148.92680834,14090.0,0.0,14120.0,BID
441,1712454850.6145527,45202.46070939,14090.0,1.660261176820419e-08,14120.0,BID
442,1712454850.6167235,45217.36489675,14090.0,4.622275447992505e-09,14120.0,BID
443,1712454850.6189425,45219.89912913,14090.0,7.85948259146132e-10,14120.0,BID
444,1712454870.573696,45219.89912913,14090.0,0.0,14120.0,BID
445,1712454882.3236134,45220.62459143,14060.0,-2.2491980646005543e-10,14120.0,ASK
446,1712454882.328117,45247.48460118,14060.0,-8.327583934336873e-09,14120.0,ASK
447,1712454900.5471628,45247.48460118,14060.0,-0.0,14120.0,ASK
448,1712454930.5472715,45247.48460118,14060.0,-0.0,14120.0,ASK
449,1712454949.3935516,45254.57828464,14090.0,2.2119496046225676e-09,14120.0,BID
450,1712454954.6145194,45254.93289456,14100.0,1.1057432668823579e-10,14120.0,BID
451,1712454960.7944114,45254.93289456,14100.0,0.0,14120.0,BID
452,1712454990.7710822,45254.93289456,14100.0,0.0,14120.0,BID
453,1712454999.3439264,45275.85488036,14100.0,6.523671946613827e-09,14120.0,BID
454,1712454999.3481643,45276.2094903,14100.0,1.1057071444902772e-10,14120.0,BID
455,1712455020.6897662,45276.2094903,14100.0,0.0,14120.0,BID
456,1712455050.5658076,45276.2094903,14100.0,0.0,14120.0,BID
457,1712455080.774118,45276.2094903,14100.0,0.0,14120.0,BID
458,1712455110.7738647,45276.2094903,14100.0,0.0,14120.0,BID
459,1712455111.533475,45491.27180399,14090.0,6.705217984929263e-08,14120.0,BID
460,1712455140.5432904,45491.27180399,14090.0,0.0,14120.0,BID
461,1712455157.6437347,45515.81805632,14080.0,-7.645812952663105e-09,14120.0,ASK
462,1712455157.8574033,45540.66292997,14080.0,-7.738829300971157e-09,14120.0,ASK
463,1712455158.1770372,45558.76944515,14080.0,-5.63992524926611e-09,14120.0,ASK
464,1712455160.7435205,45572.49830121,14080.0,-4.276345899063911e-09,14120.0,ASK
465,1712455160.7836142,45582.72217148,14080.0,-3.184592038158553e-09,14120.0,ASK
466,1712455162.0316863,45597.17186836,14080.0,-4.500877693336604e-09,14120.0,ASK
467,1712455162.065889,45607.84115369,14080.0,-3.323332575380728e-09,14120.0,ASK
468,1712455168.2544038,45616.24155375,14080.0,-2.616606670655359e-09,14120.0,ASK
469,1712455170.7944317,45616.24155375,14080.0,-0.0,14120.0,ASK
470,1712455173.313748,45629.20067341,14080.0,-4.034372648623921e-09,14120.0,ASK
471,1712455174.6838336,45646.92801981,14080.0,-5.5187947426396e-09,14120.0,ASK
472,1712455174.6995585,45656.1845091,14080.0,-2.881687043071986e-09,14120.0,ASK
473,1712455176.8435214,45672.35379196,14080.0,-5.033745673294962e-09,14120.0,ASK
474,1712455178.5737429,45713.89231191,14080.0,-1.2931578158650033e-08,14120.0,ASK
475,1712455181.4476998,45720.99458463,14080.0,2.21104639484798e-09,14120.0,BID
476,1712455192.7936485,45725.21528717,14070.0,-1.313969415523212e-09,14120.0,ASK
477,1712455200.9400508,45725.21528717,14070.0,-0.0,14120.0,ASK
478,1712455216.8436766,45731.06387426,14090.0,1.828083341662927e-09,14120.0,BID
479,1712455218.4638517,45731.49213978,14070.0,-1.3386225610976108e-10,14120.0,ASK
480,1712455220.4138436,45739.97063516,14090.0,2.650109492780233e-09,14120.0,BID
481,1712455230.7798789,45739.97063516,14090.0,0.0,14120.0,BID
482,1712455237.787284,45745.21332478,14090.0,1.638592478563838e-09,14120.0,BID
483,1712455237.790835,45746.23790272,14090.0,3.2022984915632044e-10,14120.0,BID
484,1712455239.593598,45752.95713093,14070.0,-2.100081752820898e-09,14120.0,ASK
485,1712455242.1637747,45758.59735804,14090.0,1.7628420504977883e-09,14120.0,BID
486,1712455246.2638943,45771.28717351,14090.0,3.966177227845712e-09,14120.0,BID
487,1712455260.5574975,45771.28717351,14090.0,0.0,14120.0,BID
488,1712455266.5136251,45809.33124586,14090.0,1.1888961941009245e-08,14120.0,BID
489,1712455272.533688,45823.52571001,14090.0,4.43584068760681e-09,14120.0,BID
490,1712455275.4434547,45911.04368375,14090.0,2.7349802339158715e-08,14120.0,BID
491,1712455290.5612235,45911.04368375,14090.0,0.0,14120.0,BID
492,1712455293.823665,45918.14091582,14090.0,2.216556328480573e-09,14120.0,BID
493,1712455295.9136996,45947.9284247,14090.0,-9.303019919101808e-09,14120.0,ASK
494,1712455299.7537196,45984.75015567,14100.0,1.1499897425112266e-08,14120.0,BID
495,1712455320.820912,45984.75015567,14100.0,0.0,14120.0,BID
496,1712455320.8898735,45997.1850006,14090.0,3.882301428127727e-09,14120.0,BID
497,1712455324.7160535,46008.37636104,14090.0,-3.49407128624996e-09,14120.0,ASK
498,1712455326.8647552,46020.21114857,14090.0,-3.6949566148961315e-09,14120.0,ASK
499,1712455331.814979,46047.23559054,14080.0,-8.437341216967262e-09,14120.0,ASK
500,1712455331.8186371,46096.48299821,14080.0,-1.5375606387138637e-08,14120.0,ASK
501,1712455331.9333887,46143.31732754,14080.0,-1.4622215609988877e-08,14120.0,ASK
502,1712455334.663823,46214.23931336,14070.0,-2.214265866479237e-08,14120.0,ASK
503,1712455334.8640318,46217.40484026,14070.0,-9.883138610768718e-10,14120.0,ASK
504,1712455345.6037412,46225.56334202,14070.0,-2.547177967440132e-09,14120.0,ASK
505,1712455350.6942253,46232.9059936,14070.0,-2.292460169445355e-09,14120.0,ASK
506,1712455351.0371006,46232.9059936,14070.0,-0.0,14120.0,ASK
507,1712455355.59362,46241.64432525,14070.0,-2.725235082298206e-09,14120.0,ASK
508,1712455380.5090137,46241.64432525,14070.0,-0.0,14120.0,ASK
509,1712455408.5737193,46247.59187303,14080.0,1.8547984945356759e-09,14120.0,BID
510,1712455408.5776324,46249.01333714,14080.0,4.4329689962721426e-10,14120.0,BID
511,1712455408.5837605,46264.68672553,14080.0,4.887893004878852e-09,14120.0,BID
512,1712455410.5106215,46264.68672553,14080.0,0.0,14120.0,BID
513,1712455423.3045304,46304.15987145,14080.0,-1.230882496648686e-08,14120.0,ASK
514,1712455440.7386377,46304.15987145,14080.0,-0.0,14120.0,ASK
515,1712455461.1436677,46306.28586113,14080.0,6.62827849718665e-10,14120.0,BID
516,1712455470.7199914,46306.28586113,14080.0,0.0,14120.0,BID
517,1712455500.4873238,46306.28586113,14080.0,0.0,14120.0,BID
518,1712455530.4672642,46306.28586113,14080.0,0.0,14120.0,BID
519,1712455556.1539383,46317.28586113,14080.0,3.436241548673884e-09,14120.0,BID
520,1712455557.6392317,46326.2636471,14080.0,-2.804531015018669e-09,14120.0,ASK
521,1712455560.7187955,46326.2636471,14080.0,-0.0,14120.0,ASK
522,1712455568.6169896,46377.3085881,14080.0,-1.5944303255907484e-08,14120.0,ASK
523,1712455568.6219382,46377.3085884,14080.0,-9.370815805448116e-17,14120.0,ASK
524,1712455590.7135828,46377.3085884,14080.0,-0.0,14120.0,ASK
525,1712455592.9248426,46513.21904675,14090.0,4.24432107961063e-08,14120.0,BID
526,1712455592.927162,46523.29127115,14090.0,3.1454352268775883e-09,14120.0,BID
527,1712455620.460242,46523.29127115,14090.0,0.0,14120.0,BID
528,1712455650.5012314,46523.29127115,14090.0,0.0,14120.0,BID
529,1712455650.5436783,46594.26359194,14090.0,2.2149579378250723e-08,14120.0,BID
530,1712455680.7472937,46594.26359194,14090.0,0.0,14120.0,BID
531,1712455703.8138094,46600.63945305,14100.0,1.9892062160032144e-09,14120.0,BID
532,1712455703.8180103,46601.35629892,14090.0,2.2364889007556607e-10,14120.0,BID
533,1712455707.167557,46602.25988967,14100.0,2.819114635048507e-10,14120.0,BID
534,1712455710.7894783,46602.25988967,14100.0,0.0,14120.0,BID
535,1712455712.315438,46609.33202545,14100.0,2.2063594867417863e-09,14120.0,BID
536,1712455724.763774,46610.75046516,14100.0,4.4252373086332847e-10,14120.0,BID
537,1712455733.0879793,46646.10790477,14070.0,-1.1030786842502726e-08,14120.0,ASK
538,1712455733.0903697,46652.12867325,14070.0,-1.878354724311397e-09,14120.0,ASK
539,1712455740.5125155,46652.12867325,14070.0,-0.0,14120.0,ASK
540,1712455766.3533323,46654.91815117,14100.0,8.70068649781092e-10,14120.0,BID
541,1712455766.3557203,46655.62737103,14100.0,2.2121342548159744e-10,14120.0,BID
542,1712455766.3579814,46656.82054374,14100.0,3.721636085748503e-10,14120.0,BID
543,1712455766.3602796,46674.94322588,14100.0,5.652662624395999e-09,14120.0,BID
544,1712455766.7659893,46686.88192012,14100.0,-3.7238092128539925e-09,14120.0,ASK
545,1712455767.1594768,46701.18120267,14100.0,-4.4601025058896206e-09,14120.0,ASK
546,1712455768.3339334,46747.25491367,14100.0,-1.4370894005923369e-08,14120.0,ASK
547,1712455768.3394823,46747.25491438,14100.0,-2.2145526872379366e-16,14120.0,ASK
548,1712455770.478291,46747.25491438,14100.0,-0.0,14120.0,ASK
549,1712455770.823953,46763.34940433,14080.0,-5.017948005804196e-09,14120.0,ASK
550,1712455800.517038,46763.34940433,14080.0,-0.0,14120.0,ASK
551,1712455830.4759164,46763.34940433,14080.0,-0.0,14120.0,ASK
552,1712455857.193813,46789.04600475,14090.0,-8.046691969227328e-09,14120.0,ASK
553,1712455857.1993809,46804.72761242,14090.0,-4.910574334359525e-09,14120.0,ASK
554,1712455860.7486298,46804.72761242,14090.0,-0.0,14120.0,ASK
555,1712455876.7137198,46805.01322438,14110.0,8.942085414636934e-11,14120.0,BID
556,1712455876.716768,46805.72194161,14110.0,2.2188881744838763e-10,14120.0,BID
557,1712455877.3938124,46816.37641799,14090.0,-3.335757992662096e-09,14120.0,ASK
558,1712455890.7569818,46816.37641799,14090.0,-0.0,14120.0,ASK
559,1712455902.3041644,46844.95006145,14080.0,-8.945522788082954e-09,14120.0,ASK
560,1712455902.3100955,46852.05233399,14080.0,-2.223501561595541e-09,14120.0,ASK
561,1712455902.3146212,46924.05233399,14080.0,-2.2540970025180248e-08,14120.0,ASK
562,1712455902.3993597,46924.05233417,14080.0,-5.635239858272184e-17,14120.0,ASK
563,1712455903.3836374,46929.73011917,14090.0,-1.777538631866872e-09,14120.0,ASK
564,1712455905.5135603,46929.73011983,14090.0,-2.0662394288532751e-16,14120.0,ASK
565,1712455920.4994109,46929.73011983,14090.0,-0.0,14120.0,ASK
566,1712455927.974174,46952.19899783,14090.0,-7.030796634337212e-09,14120.0,ASK
567,1712455927.993672,46952.19899846,14090.0,-1.9713602860490366e-16,14120.0,ASK
568,1712455946.8938892,47459.74602786,14100.0,1.5881789674025558e-07,14120.0,BID
569,1712455946.8992336,47694.21083793,14100.0,7.336701002652164e-08,14120.0,BID
570,1712455946.9739444,47883.44343793,14100.0,-5.9213278348252214e-08,14120.0,ASK
571,1712455946.9788437,48339.84439093,14100.0,-1.428136413514159e-07,14120.0,ASK
572,1712455946.9961376,48419.23007364,14100.0,-2.4840786033555212e-08,14120.0,ASK
573,1712455947.0058415,48431.41894465,14100.0,-3.8140521869182846e-09,14120.0,ASK
574,1712455947.0137477,48918.40398565,14100.0,-1.523837900243803e-07,14120.0,ASK
575,1712455947.0178535,50182.84641224,14100.0,-3.956600573104825e-07,14120.0,ASK
576,1712455947.0221236,50498.29828924,14100.0,-9.870888947401097e-08,14120.0,ASK
577,1712455947.0336452,50499.3848413,14070.0,-3.3999590751561803e-10,14120.0,ASK
578,1712455947.0363138,50507.40953452,14070.0,-2.511028191204385e-09,14120.0,ASK
579,1712455950.527476,50507.40953452,14070.0,-0.0,14120.0,ASK
580,1712455956.2142806,50516.52099651,14080.0,2.8067873018357387e-09,14120.0,BID
581,1712455980.7600644,50516.52099651,14080.0,0.0,14120.0,BID
582,1712455985.313781,50528.56832956,14090.0,3.711036185976431e-09,14120.0,BID
583,1712455987.9539852,50549.44201464,14090.0,-6.429887871866486e-09,14120.0,ASK
584,1712455988.0141013,50571.20641579,14090.0,-6.704262254436883e-09,14120.0,ASK
585,1712455988.033717,50592.00855934,14090.0,-6.407850363188957e-09,14120.0,ASK
586,1712455994.8878982,50623.67536824,14090.0,-9.754579975049317e-09,14120.0,ASK
587,1712455994.991941,50641.51330626,14090.0,-5.494762467399778e-09,14120.0,ASK
588,1712455998.2751198,50641.87526509,14100.0,1.1149706830420524e-10,14120.0,BID
589,1712456010.74027,50641.87526509,14100.0,0.0,14120.0,BID
590,1712456040.491181,50641.87526509,14100.0,0.0,14120.0,BID
591,1712456044.323912,51131.69214059,14090.0,-1.508001569492654e-07,14120.0,ASK
592,1712456044.803992,51159.20628818,14090.0,-8.470793846500538e-09,14120.0,ASK
593,1712456048.9047658,51170.87740166,14090.0,-3.5931913182042213e-09,14120.0,ASK
594,1712456048.9438944,51182.36164131,14090.0,-3.535658382319988e-09,14120.0,ASK
595,1712456059.1039622,51183.15036471,14100.0,2.4282465235253483e-10,14120.0,BID
596,1712456062.3236597,51183.93908811,14100.0,2.4282465235029477e-10,14120.0,BID
597,1712456070.4920735,51183.93908811,14100.0,0.0,14120.0,BID
598,1712456071.494705,51202.29444787,14090.0,-5.637816554649692e-09,14120.0,ASK
599,1712456073.8237994,51203.08317127,14100.0,2.4225500887505675e-10,14120.0,BID
600,1712456074.1239457,51261.10579116,14100.0,1.7821545926480293e-08,14120.0,BID
601,1712456076.7737424,51261.89451456,14100.0,2.4225500887505675e-10,14120.0,BID
602,1712456082.6639867,51273.47758706,14100.0,3.557720401454078e-09,14120.0,BID
603,1712456082.671531,51312.79289515,14100.0,1.2075627920076984e-08,14120.0,BID
604,1712456100.5411355,51312.79289515,14100.0,0.0,14120.0,BID
605,1712456114.1439164,51751.40890285,14090.0,-1.3487586551883453e-07,14120.0,ASK
606,1712456114.2337377,51985.14313285,14090.0,-7.187404476625864e-08,14120.0,ASK
607,1712456119.3338218,51995.94631595,14090.0,-3.322014348295593e-09,14120.0,ASK
608,1712456119.4137125,52436.68442936,14090.0,-1.355284200068917e-07,14120.0,ASK
609,1712456121.3449583,52448.4181588,14090.0,-3.608160409562791e-09,14120.0,ASK
610,1712456121.4637923,52457.20947286,14090.0,-2.7033579989659715e-09,14120.0,ASK
611,1712456123.87384,52477.5607027,14090.0,-6.258070136191646e-09,14120.0,ASK
612,1712456130.7436948,52477.5607027,14090.0,-0.0,14120.0,ASK
613,1712456132.9936786,52487.74290252,14090.0,-3.1153380368437874e-09,14120.0,ASK
614,1712456133.39491,52636.74290252,14090.0,-4.5587925565733726e-08,14120.0,ASK
615,1712456133.3975403,52654.80944263,14090.0,-5.52762473667731e-09,14120.0,ASK
616,1712456134.0811136,52670.49621687,14090.0,-4.799513398788904e-09,14120.0,ASK
617,1712456134.0865605,52680.92679948,14090.0,-3.191333044510303e-09,14120.0,ASK
618,1712456134.1040094,52698.01100906,14090.0,-5.227071642162842e-09,14120.0,ASK
619,1712456135.0645027,52708.33678099,14090.0,-3.1592652493534518e-09,14120.0,ASK
620,1712456135.643847,52717.90626491,14090.0,-2.927871950654149e-09,14120.0,ASK
621,1712456136.987839,52737.40144536,14090.0,-5.964730437887352e-09,14120.0,ASK
622,1712456137.0750697,52751.63119465,14090.0,-4.35372316410332e-09,14120.0,ASK
623,1712456138.50168,52765.98282183,14090.0,-4.3910128297259275e-09,14120.0,ASK
624,1712456138.581678,52775.56294407,14090.0,-2.931126842869844e-09,14120.0,ASK
625,1712456138.5863106,52784.01695049,14090.0,-2.586581311456862e-09,14120.0,ASK
626,1712456139.4038022,52790.7361787,14090.0,-2.055809902662269e-09,14120.0,ASK
627,1712456139.4917796,52802.68403586,14090.0,-3.6555572005390398e-09,14120.0,ASK
628,1712456141.874236,52803.14871166,14100.0,1.4217185088821626e-10,14120.0,BID
629,1712456144.6638274,52828.59145911,14090.0,-7.784443469386318e-09,14120.0,ASK
630,1712456149.023733,52836.85883901,14090.0,-2.529481204729493e-09,14120.0,ASK
631,1712456149.2838676,52843.2743433,14090.0,-1.9628827653641348e-09,14120.0,ASK
632,1712456151.113709,52856.6223433,14090.0,-4.083943828532408e-09,14120.0,ASK
633,1712456151.5137572,52881.11585033,14090.0,-7.49401459951447e-09,14120.0,ASK
634,1712456151.5165358,52892.54012354,14090.0,-3.495361857314663e-09,14120.0,ASK
635,1712456151.5940204,52904.32045453,14090.0,-3.6043010222284246e-09,14120.0,ASK
636,1712456151.6338265,52915.96825677,14090.0,-3.5637526276601883e-09,14120.0,ASK
637,1712456151.6737964,52925.33976707,14090.0,-2.867300093925396e-09,14120.0,ASK
638,1712456153.823737,52934.76247047,14090.0,-2.882963095484344e-09,14120.0,ASK
639,1712456153.8839087,52944.90244447,14090.0,-3.1024186573850947e-09,14120.0,ASK
640,1712456153.909079,52953.77476265,14090.0,-2.714567656277936e-09,14120.0,ASK
641,1712456160.5136528,52953.77476265,14090.0,-0.0,14120.0,ASK
642,1712456160.7525032,52962.04214255,14090.0,-2.524298960724328e-09,14120.0,ASK
643,1712456161.140453,52975.69193714,14090.0,-4.167724565023808e-09,14120.0,ASK
644,1712456161.2148197,52987.42871226,14090.0,-3.583617735729869e-09,14120.0,ASK
645,1712456161.333825,53003.85473411,14090.0,-5.015396702015132e-09,14120.0,ASK
646,1712456161.4338608,53016.15955744,14090.0,-3.757061259976629e-09,14120.0,ASK
647,1712456161.7138517,53026.7551742,14090.0,-3.235185112939138e-09,14120.0,ASK
648,1712456161.753647,53037.35365125,14090.0,-3.2360584521539246e-09,14120.0,ASK
649,1712456162.692262,53048.46071499,14090.0,-3.391346447688939e-09,14120.0,ASK
650,1712456162.924029,53063.10502831,14090.0,-4.471383357402249e-09,14120.0,ASK
651,1712456163.0727105,53074.08701251,14090.0,-3.353155611336647e-09,14120.0,ASK
652,1712456163.8439212,53094.04427619,14090.0,-6.093599250991446e-09,14120.0,ASK
653,1712456163.9637592,53115.18891219,14090.0,-6.45614249318333e-09,14120.0,ASK
654,1712456163.9919028,53137.96954116,14090.0,-6.955664155892518e-09,14120.0,ASK
655,1712456164.023768,53213.49757464,14090.0,-2.3061155858948143e-08,14120.0,ASK
656,1712456164.0906425,53264.05713523,14090.0,-1.5437472064391024e-08,14120.0,ASK
657,1712456164.20381,53274.3662538,14090.0,-3.1477079324988954e-09,14120.0,ASK
658,1712456168.186036,53282.9462538,14090.0,-2.619752006679725e-09,14120.0,ASK
659,1712456171.0538151,53299.80241877,14090.0,-5.146733333924178e-09,14120.0,ASK
660,1712456179.3540504,53308.68026378,14090.0,-2.7106937389200487e-09,14120.0,ASK
661,1712456183.77381,53319.99654787,14090.0,-3.455228199643346e-09,14120.0,ASK
662,1712456183.873917,53341.7715269,14090.0,-6.648606644431445e-09,14120.0,ASK
663,1712456183.913949,53363.55238409,14090.0,-6.650401437144682e-09,14120.0,ASK
664,1712456184.0336068,53374.4148851,14090.0,-3.316673521970085e-09,14120.0,ASK
665,1712456184.3136213,53387.05477038,14090.0,-3.859366529891415e-09,14120.0,ASK
666,1712456184.3371546,53399.54902045,14090.0,-3.814899381450838e-09,14120.0,ASK
667,1712456184.3537917,53408.91473905,14090.0,-2.859657353885543e-09,14120.0,ASK
668,1712456184.4766405,53419.06530837,14090.0,-3.0992977092086514e-09,14120.0,ASK
669,1712456184.5937114,53431.56293127,14090.0,-3.815929215732103e-09,14120.0,ASK
670,1712456184.7539554,53460.17500169,14090.0,-8.73619217925897e-09,14120.0,ASK
671,1712456184.8353398,53481.60846105,14090.0,-6.544329623360851e-09,14120.0,ASK
672,1712456190.487927,53481.60846105,14090.0,-0.0,14120.0,ASK
673,1712456194.175915,53501.81620032,14090.0,-6.156098228528048e-09,14120.0,ASK
674,1712456194.2737515,53523.24679545,14090.0,-6.5286297964055565e-09,14120.0,ASK
675,1712456195.5239468,53532.046685,14090.0,-2.68080381215181e-09,14120.0,ASK
676,1712456197.2037046,53543.34509751,14090.0,-3.4419553968230836e-09,14120.0,ASK
677,1712456200.7439833,53556.17192278,14090.0,-3.907572008290317e-09,14120.0,ASK
678,1712456205.803961,53617.81353705,14090.0,-1.8778539614993576e-08,14120.0,ASK
679,1712456207.2838707,53618.52225427,14090.0,-2.1590405360331104e-10,14120.0,ASK
680,1712456207.813847,53646.94833801,14090.0,-8.659739786705595e-09,14120.0,ASK
681,1712456208.3137374,53795.94833801,14090.0,-4.5391452442795974e-08,14120.0,ASK
682,1712456209.1538515,53828.08266787,14090.0,-9.789422185379147e-09,14120.0,ASK
683,1712456209.5179768,53839.72230149,14090.0,-3.545905207474481e-09,14120.0,ASK
684,1712456210.0638216,53872.17555117,14090.0,-9.886578117208028e-09,14120.0,ASK
685,1712456210.4464266,53901.17869717,14090.0,-8.835536391612498e-09,14120.0,ASK
686,1712456213.233672,53953.09010988,14090.0,-1.5814324974929472e-08,14120.0,ASK
687,1712456213.3337748,54178.03956496,14090.0,-6.852874155903844e-08,14120.0,ASK
688,1712456220.6993768,54178.03956496,14090.0,-0.0,14120.0,ASK
689,1712456232.8340533,54194.34651531,14100.0,4.952953353967158e-09,14120.0,BID
690,1712456250.7403271,54194.34651531,14100.0,0.0,14120.0,BID
691,1712456280.4832702,54194.34651531,14100.0,0.0,14120.0,BID
692,1712456298.5438223,54528.73508371,14100.0,1.0155763583648192e-07,14120.0,BID
693,1712456302.4744492,54550.64278549,14090.0,-6.653619799364968e-09,14120.0,ASK
694,1712456302.4798608,54550.99771806,14090.0,-1.0779708428160404e-10,14120.0,ASK
695,1712456302.4826922,54942.17396827,14100.0,-1.1880470482826065e-07,14120.0,ASK
696,1712456310.4682174,54942.17396827,14100.0,-0.0,14120.0,ASK
697,1712456340.6974895,54942.17396827,14100.0,-0.0,14120.0,ASK
698,1712456349.4744227,54942.96213269,14110.0,2.38610435502203e-10,14120.0,BID
699,1712456350.2839005,54943.52910646,14110.0,1.7164674621803728e-10,14120.0,BID
700,1712456370.743903,54943.52910646,14110.0,0.0,14120.0,BID
701,1712456372.7437856,54947.78140979,14110.0,1.287343161201993e-09,14120.0,BID
702,1712456386.5538676,54948.34838356,14110.0,1.7164575260731996e-10,14120.0,BID
703,1712456389.8640451,54948.88710409,14110.0,1.6309236107450596e-10,14120.0,BID
704,1712456393.5148582,54949.42764463,14110.0,1.6364335126681467e-10,14120.0,BID
705,1712456400.5308664,54949.42764463,14110.0,0.0,14120.0,BID
706,1712456430.5492637,54949.42764463,14110.0,0.0,14120.0,BID
707,1712456460.7421176,54949.42764463,14110.0,0.0,14120.0,BID
708,1712456485.984003,54954.39218364,14100.0,-1.509635584497888e-09,14120.0,ASK
709,1712456485.990178,55161.3857535,14080.0,-6.294337866891988e-08,14120.0,ASK
710,1712456485.9962578,55401.3857535,14090.0,-7.298009735644367e-08,14120.0,ASK
711,1712456485.9990275,55409.76208162,14080.0,-2.547105173696574e-09,14120.0,ASK
712,1712456486.0018897,55649.76208162,14080.0,-7.298009735644367e-08,14120.0,ASK
713,1712456490.741788,55649.76208162,14080.0,-0.0,14120.0,ASK
714,1712456520.483681,55649.76208162,14080.0,-0.0,14120.0,ASK
715,1712456542.2175293,55671.6697834,14070.0,-6.641855343532821e-09,14120.0,ASK
716,1712456545.4954512,55672.69005271,14110.0,3.0931958251559584e-10,14120.0,BID
717,1712456550.4938872,55672.69005271,14110.0,0.0,14120.0,BID
718,1712456558.2246776,55683.08316225,14110.0,3.150617044923463e-09,14120.0,BID
719,1712456558.2311318,55683.79238211,14100.0,2.1499630797847875e-10,14120.0,BID
720,1712456558.236747,55686.85781261,14110.0,9.292692957922895e-10,14120.0,BID
721,1712456580.733839,55686.85781261,14110.0,0.0,14120.0,BID
722,1712456610.730162,55686.85781261,14110.0,0.0,14120.0,BID
723,1712456640.4874685,55686.85781261,14110.0,0.0,14120.0,BID
724,1712456670.4701438,55686.85781261,14110.0,0.0,14120.0,BID
725,1712456687.0987036,55687.57503444,14110.0,2.1740888883858103e-10,14120.0,BID
726,1712456687.1055765,55702.9891667,14110.0,4.672430797371262e-09,14120.0,BID
727,1712456687.1090655,55703.69788393,14110.0,2.1483091984886902e-10,14120.0,BID
728,1712456700.526013,55703.69788393,14110.0,0.0,14120.0,BID
729,1712456712.4121678,55722.71328885,14110.0,-5.763996961292972e-09,14120.0,ASK
730,1712456712.4841082,55733.24448962,14110.0,-3.192243840846776e-09,14120.0,ASK
731,1712456715.9342165,55744.72827981,14110.0,-3.480995121468235e-09,14120.0,ASK
732,1712456730.519761,55744.72827981,14110.0,-0.0,14120.0,ASK
733,1712456741.9791331,55758.90262425,14110.0,-4.295808766722656e-09,14120.0,ASK
734,1712456745.344177,55759.61083955,14120.0,2.1463832118305326e-10,14120.0,BID
735,1712456745.3512084,55773.06693019,14120.0,4.0781280842879835e-09,14120.0,BID
736,1712456760.7440174,55773.06693019,14120.0,0.0,14120.0,BID
737,1712456790.729784,55773.06693019,14120.0,0.0,14120.0,BID
738,1712456800.064181,55773.42733392,14120.0,1.0921406943059756e-10,14120.0,BID
739,1712456800.0708685,55780.14200455,14120.0,2.034763914297646e-09,14120.0,BID
740,1712456820.4770155,55780.14200455,14120.0,0.0,14120.0,BID
741,1712456832.2740843,55796.53814067,14110.0,-4.968412898405217e-09,14120.0,ASK
742,1712456850.487713,55796.53814067,14110.0,-0.0,14120.0,ASK
743,1712456853.9360929,55803.7583248,14120.0,2.1877313674647704e-09,14120.0,BID
744,1712456865.3150902,55812.52987927,14120.0,2.657799927249831e-09,14120.0,BID
745,1712456865.318158,55813.46754576,14120.0,2.84114969295725e-10,14120.0,BID
746,1712456872.434245,55822.20535737,14120.0,2.647575767877706e-09,14120.0,BID
747,1712456877.0940142,55825.69868874,14120.0,1.0584869412588028e-09,14120.0,BID
748,1712456880.773331,55825.69868874,14120.0,0.0,14120.0,BID
749,1712456891.314372,55828.69868874,14130.0,9.088930781965511e-10,14130.0,BID
750,1712456906.6243265,55829.69868874,14130.0,3.0296435939885036e-10,14130.0,BID
751,1712456906.6306827,55837.41763638,14130.0,2.338566026986388e-09,14130.0,BID
752,1712456906.6370738,55842.85297041,14130.0,1.646712492517836e-09,14130.0,BID
753,1712456910.798756,55842.85297041,14130.0,0.0,14130.0,BID
754,1712456911.924167,55845.68382674,14130.0,8.575855973153206e-10,14130.0,BID
755,1712456916.2441783,55981.0132709,14130.0,4.09969877221714e-08,14130.0,BID
756,1712456916.2502587,56365.59960876,14130.0,1.1650739770067969e-07,14130.0,BID
757,1712456940.536672,56365.59960876,14130.0,0.0,14130.0,BID
758,1712456964.6042156,56365.96078476,14130.0,1.0917113319638131e-10,14130.0,BID
759,1712456964.613801,56869.82255965,14130.0,1.523001554347639e-07,14130.0,BID
760,1712456964.9140232,56875.12364012,14130.0,-1.602335044625736e-09,14130.0,ASK
761,1712456967.6242852,56889.06964012,14130.0,-4.21539809833033e-09,14130.0,ASK
762,1712456970.4641433,56889.06964012,14130.0,-0.0,14130.0,ASK
763,1712456970.8860333,56903.21391169,14140.0,4.265791565943827e-09,14140.0,BID
764,1712456990.0208406,57207.37394489,14130.0,-9.173206961561964e-08,14140.0,ASK
765,1712456990.804149,57510.44646958,14130.0,-9.140408633228742e-08,14140.0,ASK
766,1712456990.8109734,57511.53397809,14130.0,-3.279832833322081e-10,14140.0,ASK
767,1712456992.264871,57563.79690297,14130.0,-1.5762052012453772e-08,14140.0,ASK
768,1712456994.174359,57580.43699056,14130.0,-5.018508372571648e-09,14140.0,ASK
769,1712456994.181777,57597.85796552,14130.0,-5.254017337483859e-09,14140.0,ASK
770,1712456999.7539396,57603.39228965,14130.0,1.669104915025818e-09,14140.0,BID
771,1712457000.5877426,57603.39228965,14130.0,0.0,14140.0,BID
772,1712457003.4541905,57606.93336614,14120.0,-1.0694982485434263e-09,14140.0,ASK
773,1712457003.460158,57623.09901139,14120.0,-4.8824501052902095e-09,14140.0,ASK
774,1712457030.5954628,57623.09901139,14120.0,-0.0,14140.0,ASK
775,1712457054.1542404,57637.27335582,14110.0,-4.2806651226126905e-09,14140.0,ASK
776,1712457054.161863,57638.77335582,14110.0,-4.5300138681042436e-10,14140.0,ASK
777,1712457060.757441,57638.77335582,14110.0,-0.0,14140.0,ASK
778,1712457090.7405028,57638.77335582,14110.0,-0.0,14140.0,ASK
779,1712457094.9340909,57738.77335582,14110.0,-3.019807546313169e-08,14140.0,ASK
780,1712457103.7266,57881.22668552,14110.0,4.301816400255029e-08,14140.0,BID
781,1712457103.9863532,58123.78001522,14110.0,-7.324643754114467e-08,14140.0,ASK
782,1712457120.4917643,58123.78001522,14110.0,-0.0,14140.0,ASK
783,1712457132.254094,58366.71835162,14110.0,-7.32114043180465e-08,14140.0,ASK
784,1712457140.9340067,58523.99404042,14110.0,-4.7396282582496425e-08,14140.0,ASK
785,1712457149.9883623,58524.78164665,14120.0,2.373514160106873e-10,14140.0,BID
786,1712457150.521683,58524.78164665,14120.0,0.0,14140.0,BID
787,1712457158.9271631,58533.99404042,14120.0,2.771502540833513e-09,14140.0,BID
788,1712457158.9329877,58564.78164665,14120.0,9.262297186044713e-09,14140.0,BID
789,1712457162.174102,58593.02298981,14110.0,-8.496266690136999e-09,14140.0,ASK
790,1712457162.2018995,58613.94985235,14110.0,-6.295741817956753e-09,14140.0,ASK
791,1712457162.9007936,58625.48657766,14110.0,-3.470766047112944e-09,14140.0,ASK
792,1712457162.9538114,58638.24065539,14110.0,-3.837000427597007e-09,14140.0,ASK
793,1712457168.704384,58651.4056494,14110.0,-3.960622533048274e-09,14140.0,ASK
794,1712457180.7096572,58651.4056494,14110.0,-0.0,14140.0,ASK
795,1712457188.0840237,58926.872279,14120.0,8.282822540692474e-08,14140.0,BID
796,1712457189.8537805,58938.55674669,14120.0,-3.513324735531785e-09,14140.0,ASK
797,1712457192.8839574,58946.82498356,14120.0,-2.4861210527765604e-09,14140.0,ASK
798,1712457197.0373497,58947.61203239,14130.0,2.3665246854917204e-10,14140.0,BID
799,1712457197.7240665,59281.15675727,14120.0,-1.002913408995046e-07,14140.0,ASK
800,1712457200.1940825,59281.9443635,14120.0,2.3682006943973337e-10,14140.0,BID
801,1712457207.8932772,59295.87155271,14110.0,-4.187673726018586e-09,14140.0,ASK
802,1712457207.9684885,59332.92617386,14110.0,-1.1141707136858749e-08,14140.0,ASK
803,1712457208.0042324,59349.3477124,14110.0,-4.937683006084135e-09,14140.0,ASK
804,1712457208.3841136,59391.74765627,14110.0,-1.2748956609391496e-08,14140.0,ASK
805,1712457208.664066,59491.3979584,14110.0,-2.9963185372676866e-08,14140.0,ASK
806,1712457208.8154292,59537.53699011,14110.0,-1.3873238018276613e-08,14140.0,ASK
807,1712457208.8193903,59585.83725255,14110.0,-1.4523084086095844e-08,14140.0,ASK
808,1712457208.823185,59598.40062958,14110.0,-3.77759812876007e-09,14140.0,ASK
809,1712457209.0540304,59704.01640749,14110.0,-3.1756904536713626e-08,14140.0,ASK
1010,1712457209.0740452,59783.23633635,14110.0,-2.3820112562687762e-08,14140.0,ASK
810,1712457209.0740452,59783.23633635,14110.0,-2.382011256268776e-08,14140.0,ASK
811,1712457209.3741374,59795.44442123,14110.0,-3.670767699507165e-09,14140.0,ASK
812,1712457209.7788827,59804.75197926,14110.0,-2.798627607330363e-09,14140.0,ASK
813,1712457210.7704492,59804.75197926,14110.0,-0.0,14140.0,ASK
814,1712457216.1839898,59805.11014544,14110.0,-1.0716999074764116e-10,14140.0,ASK
815,1712457220.5439637,59805.46425308,14120.0,1.0595560000288572e-10,14140.0,BID
816,1712457220.604021,59817.80538927,14110.0,-3.692697761985099e-09,14140.0,ASK
817,1712457230.1241643,59833.287263,14110.0,-4.632464920080572e-09,14140.0,ASK
818,1712457234.4042923,59875.13802076,14110.0,-1.2522526057444474e-08,14140.0,ASK
819,1712457240.498735,59875.13802076,14110.0,-0.0,14140.0,ASK
820,1712457246.0345864,59963.28894585,14110.0,-2.6368562390895778e-08,14140.0,ASK
821,1712457246.475664,60022.82900205,14110.0,-1.781020091467271e-08,14140.0,ASK
822,1712457246.6939802,60038.13934387,14110.0,-4.579778409523843e-09,14140.0,ASK
1023,1712457246.7941165,60057.34890123,14110.0,-5.74614969986264e-09,14140.0,ASK
823,1712457246.7941165,60057.34890123,14110.0,-5.7461496998626404e-09,14140.0,ASK
824,1712457250.6139586,60073.96372461,14110.0,-4.969987625905066e-09,14140.0,ASK
825,1712457252.6840289,60115.89647017,14110.0,-1.2543330843000594e-08,14140.0,ASK
826,1712457253.0721512,60134.56774517,14110.0,-5.585133443040301e-09,14140.0,ASK
827,1712457254.973976,60153.61565966,14110.0,-5.697797511859112e-09,14140.0,ASK
828,1712457256.950533,60186.32096604,14110.0,-9.783129455692708e-09,14140.0,ASK
829,1712457257.0248597,60202.81024181,14110.0,-4.932432603265596e-09,14140.0,ASK
830,1712457257.1439784,60213.41607746,14110.0,-3.172520750736143e-09,14140.0,ASK
831,1712457264.044045,60224.03635583,14110.0,-3.176840997665013e-09,14140.0,ASK
832,1712457264.474726,60243.2266237,14110.0,-5.740379639935106e-09,14140.0,ASK
833,1712457264.6448724,60257.73559769,14110.0,-4.340065467181298e-09,14140.0,ASK
1034,1712457264.9586277,60258.81751508,14110.0,-3.236336563788776e-10,14140.0,ASK
834,1712457264.9586277,60258.81751508,14110.0,-3.2363365637887756e-10,14140.0,ASK
835,1712457264.9632812,60275.2744464,14110.0,-4.9227574166804875e-09,14140.0,ASK
836,1712457266.764198,60305.44317086,14110.0,-9.02436239171817e-09,14140.0,ASK
837,1712457266.784128,60327.74110105,14110.0,-6.6699738295713705e-09,14140.0,ASK
1037,1712457266.784128,60327.74110105,14110.0,-6.66997382957137e-09,14140.0,ASK
838,1712457267.086157,60339.97975392,14110.0,-3.660944924328973e-09,14140.0,ASK
839,1712457267.1639247,60352.21312302,14110.0,-3.659364391637728e-09,14140.0,ASK
1039,1712457267.1639247,60352.21312302,14110.0,-3.6593643916377283e-09,14140.0,ASK
840,1712457270.5410187,60352.21312302,14110.0,-0.0,14140.0,ASK
841,1712457274.554169,60356.15428884,14110.0,-1.1765507628668191e-09,14140.0,ASK
842,1712457274.5611076,60362.7586809,14110.0,-1.971599996386081e-09,14140.0,ASK
843,1712457279.8639977,60372.01088413,14110.0,-2.762047390451682e-09,14140.0,ASK
844,1712457279.92388,60381.25543602,14110.0,-2.759763246538065e-09,14140.0,ASK
1045,1712457288.1739943,60388.70841423,14110.0,-2.224927242115344e-09,14140.0,ASK
845,1712457288.1739943,60388.70841423,14110.0,-2.2249272421153442e-09,14140.0,ASK
846,1712457300.7305758,60388.70841423,14110.0,-0.0,14140.0,ASK
847,1712457326.8442135,60394.18041477,14110.0,-1.634325172246355e-09,14140.0,ASK
848,1712457326.8507545,60409.66322129,14110.0,-4.6242576636600325e-09,14140.0,ASK
849,1712457330.74924,60409.66322129,14110.0,-0.0,14140.0,ASK
850,1712457334.17144,60459.95281776,14090.0,-1.5018692964016778e-08,14140.0,ASK
851,1712457334.1791377,60469.92483692,14090.0,-2.9780850217133927e-09,14140.0,ASK
852,1712457334.1828642,60480.73642669,14090.0,-3.2288178590845782e-09,14140.0,ASK
853,1712457360.5017605,60480.73642669,14090.0,-0.0,14140.0,ASK
854,1712457390.461859,60480.73642669,14090.0,-0.0,14140.0,ASK
855,1712457406.1349766,60483.73642669,14090.0,-8.95664535449989e-10,14140.0,ASK
856,1712457407.86789,60503.73642669,14090.0,-5.971096902999927e-09,14140.0,ASK
857,1712457420.7678933,60503.73642669,14090.0,-0.0,14140.0,ASK
858,1712457450.7201338,60503.73642669,14090.0,-0.0,14140.0,ASK
859,1712457463.3439257,60591.74261886,14090.0,-2.6272133176559787e-08,14140.0,ASK
860,1712457463.7486403,60597.3693775,14120.0,1.6797335357590775e-09,14140.0,BID
861,1712457480.493557,60597.3693775,14120.0,0.0,14140.0,BID
862,1712457510.5329728,60597.3693775,14120.0,0.0,14140.0,BID
863,1712457540.728096,60597.3693775,14120.0,0.0,14140.0,BID
864,1712457547.3644242,60605.85171548,14100.0,-2.531201084855837e-09,14140.0,ASK
865,1712457547.423876,60614.44468476,14100.0,-2.564214396425681e-09,14140.0,ASK
866,1712457556.0838976,60618.22721716,14100.0,-1.128739521693001e-09,14140.0,ASK
867,1712457563.013767,60630.65889961,14100.0,-3.709718732999297e-09,14140.0,ASK
868,1712457570.7297037,60630.65889961,14100.0,-0.0,14140.0,ASK
869,1712457581.4539824,60739.72065228,14100.0,-3.254038757497401e-08,14140.0,ASK
870,1712457589.1940196,60740.50134781,14090.0,-2.3293349412094265e-10,14140.0,ASK
871,1712457600.592667,60740.50134781,14090.0,-0.0,14140.0,ASK
872,1712457607.4742186,60741.21056766,14100.0,2.119065416342293e-10,14140.0,BID
873,1712457612.614246,60935.30664766,14100.0,5.799362363842657e-08,14140.0,BID
874,1712457612.9137104,61420.24489866,14100.0,1.4489384028966677e-07,14140.0,BID
875,1712457612.994818,61666.00448066,14100.0,7.343006980895618e-08,14140.0,BID
876,1712457613.033913,61705.98586707,14100.0,1.1945967564125916e-08,14140.0,BID
877,1712457619.628622,61713.10330479,14100.0,-2.1266065981530427e-09,14140.0,ASK
878,1712457630.462442,61713.10330479,14100.0,-0.0,14140.0,ASK
879,1712457660.7347665,61713.10330479,14100.0,-0.0,14140.0,ASK
880,1712457664.5039933,61721.06329042,14100.0,2.368644501089951e-09,14140.0,BID
881,1712457690.7440858,61721.06329042,14100.0,0.0,14140.0,BID
882,1712457720.6096585,61721.06329042,14100.0,0.0,14140.0,BID
883,1712457739.6440082,61757.81018933,14090.0,-1.0934370640166236e-08,14140.0,ASK
884,1712457739.6508243,61791.83469877,14090.0,-1.0124299140944009e-08,14140.0,ASK
885,1712457750.4800525,61791.83469877,14090.0,-0.0,14140.0,ASK
886,1712457757.283873,61797.3144996,14100.0,1.6300804051465155e-09,14140.0,BID
887,1712457780.719772,61797.3144996,14100.0,0.0,14140.0,BID
888,1712457788.213796,61868.23648541,14100.0,2.1096730674779173e-08,14140.0,BID
889,1712457792.7739534,62142.33910598,14100.0,8.153563521060776e-08,14140.0,BID
890,1712457795.344154,62170.66771787,14120.0,8.426739446279944e-09,14140.0,BID
891,1712457810.8167317,62170.66771787,14120.0,0.0,14140.0,BID
892,1712457840.484304,62170.66771787,14120.0,0.0,14140.0,BID
893,1712457863.9239583,62174.91700965,14120.0,1.2620344413405992e-09,14140.0,BID
894,1712457870.2410798,62177.04165554,14120.0,6.310172206692191e-10,14140.0,BID
895,1712457870.4887862,62177.04165554,14120.0,0.0,14140.0,BID
896,1712457900.5509386,62177.04165554,14120.0,0.0,14140.0,BID
897,1712457930.49363,62177.04165554,14120.0,0.0,14140.0,BID
898,1712457935.0640388,62182.70737791,14120.0,1.6851413481672331e-09,14140.0,BID
899,1712457960.7560976,62182.70737791,14120.0,0.0,14140.0,BID
900,1712457990.7591915,62182.70737791,14120.0,0.0,14140.0,BID
901,1712458020.4962032,62182.70737791,14120.0,0.0,14140.0,BID
902,1712458022.823863,62183.40069001,14120.0,2.0620514239978544e-10,14140.0,BID
903,1712458036.225912,62204.66220666,14110.0,-6.323608182334105e-09,14140.0,ASK
904,1712458041.3439257,62209.66220666,14110.0,1.4871018578848723e-09,14140.0,BID
905,1712458050.4838052,62209.66220666,14110.0,0.0,14140.0,BID
906,1712458058.374213,62219.58491224,14100.0,-2.950880974826981e-09,14140.0,ASK
907,1712458080.503918,62219.58491224,14100.0,-0.0,14140.0,ASK
908,1712458091.5341566,62351.50617829,14100.0,-3.923000179697487e-08,14140.0,ASK
909,1712458091.5417936,62363.28557544,14100.0,-3.502890665001853e-09,14140.0,ASK
910,1712458091.596975,62631.98239582,14100.0,7.990354445471873e-08,14140.0,BID
911,1712458092.3937335,62752.28733982,14100.0,3.5775605485141256e-08,14140.0,BID
912,1712458092.4938111,62752.28734045,14100.0,1.873446756581444e-16,14140.0,BID
913,1712458110.5460691,62752.28734045,14100.0,0.0,14140.0,BID
914,1712458140.767903,62752.28734045,14100.0,0.0,14140.0,BID
915,1712458170.7390628,62752.28734045,14100.0,0.0,14140.0,BID
916,1712458179.613439,62753.07550487,14110.0,2.3385754189206016e-10,14140.0,BID
917,1712458200.5380807,62753.07550487,14110.0,0.0,14140.0,BID
918,1712458204.621747,62753.47550487,14100.0,-1.1922740149000319e-10,14140.0,ASK
919,1712458204.6324437,62765.82111067,14100.0,-3.679836248369543e-09,14140.0,ASK
920,1712458207.0643764,62766.52982789,14110.0,2.1124628133011216e-10,14140.0,BID
921,1712458227.4901369,62784.76382788,14100.0,-5.434981093921213e-09,14140.0,ASK
922,1712458228.334021,62793.42217391,14100.0,-2.5807802458868427e-09,14140.0,ASK
923,1712458230.496304,62793.42217391,14100.0,-0.0,14140.0,ASK
924,1712458232.3639698,62801.90973349,14100.0,-2.529445266958227e-09,14140.0,ASK
925,1712458232.673991,62815.46521467,14100.0,-4.039776968742411e-09,14140.0,ASK
926,1712458232.753773,62828.91511734,14100.0,-4.008312675631586e-09,14140.0,ASK
927,1712458232.9436457,62842.26115978,14100.0,-3.977360460836427e-09,14140.0,ASK
928,1712458260.7473695,62842.26115978,14100.0,-0.0,14140.0,ASK
929,1712458290.7270572,62842.26115978,14100.0,-0.0,14140.0,ASK
930,1712458300.4840536,62941.26115978,14090.0,-2.94977252793123e-08,14140.0,ASK
931,1712458301.2027812,63120.26115978,14090.0,-5.333427095956466e-08,14140.0,ASK
932,1712458320.5446074,63120.26115978,14090.0,-0.0,14140.0,ASK
933,1712458328.9870708,63129.78158526,14090.0,-2.8333688777923903e-09,14140.0,ASK
934,1712458350.5078976,63129.78158526,14090.0,-0.0,14140.0,ASK
935,1712458360.9041348,63130.56974968,14110.0,2.3455583932016305e-10,14140.0,BID
936,1712458366.68515,63130.73826541,14110.0,5.014987670901876e-11,14140.0,BID
1136,1712458366.68515,63130.73826541,14110.0,5.0149876709018756e-11,14140.0,BID
937,1712458366.6923418,63131.3579141,14110.0,1.844059626133096e-10,14140.0,BID
1137,1712458366.6923418,63131.3579141,14110.0,1.8440596261330957e-10,14140.0,BID
938,1712458371.4845665,63142.78370837,14090.0,-3.400288945948024e-09,14140.0,ASK
939,1712458371.4983163,63150.55714809,14090.0,-2.313356999725253e-09,14140.0,ASK
940,1712458373.713864,63151.34531251,14110.0,2.3455583932016305e-10,14140.0,BID
941,1712458375.9640024,63171.10525135,14100.0,-5.880510363003864e-09,14140.0,ASK
942,1712458375.983818,63190.69923199,14100.0,-5.831121601081772e-09,14140.0,ASK
943,1712458376.103819,63310.69823199,14100.0,-3.571141432995968e-08,14140.0,ASK
944,1712458378.433721,63347.93959219,14100.0,-1.1082939393774671e-08,14140.0,ASK
945,1712458380.1839633,63359.60366946,14100.0,-3.4712013947246166e-09,14140.0,ASK
946,1712458380.3291988,63380.84482193,14100.0,-6.321315983483561e-09,14140.0,ASK
947,1712458380.3330092,63664.22841533,14100.0,-8.433427710414764e-08,14140.0,ASK
948,1712458380.363057,63672.93723407,14090.0,-2.5917235506019428e-09,14140.0,ASK
949,1712458380.366627,63673.72539849,14090.0,-2.3455583932232835e-10,14140.0,ASK
950,1712458380.753846,63673.72539849,14090.0,-0.0,14140.0,ASK
951,1712458382.253767,63680.81759707,14100.0,2.105815000036346e-09,14140.0,BID
952,1712458383.3143322,63681.60632047,14100.0,2.341876849401314e-10,14140.0,BID
953,1712458409.3857172,63752.94713731,14090.0,-2.1182509277186537e-08,14140.0,ASK
954,1712458410.745537,63752.94713731,14090.0,-0.0,14140.0,ASK
955,1712458421.6439652,63797.94713731,14090.0,-1.3356968936100384e-08,14140.0,ASK
956,1712458423.9239633,63804.43859311,14090.0,-1.9268038549021403e-09,14140.0,ASK
957,1712458427.608722,63818.84479013,14090.0,-4.27606946852345e-09,14140.0,ASK
958,1712458440.4967754,63818.84479013,14090.0,-0.0,14140.0,ASK
959,1712458453.31393,63854.33095053,14090.0,-1.053015440028858e-08,14140.0,ASK
960,1712458459.8438728,63865.3757169,14090.0,-3.277421222253807e-09,14140.0,ASK
961,1712458468.0140376,63877.58865124,14090.0,-3.6240630947723436e-09,14140.0,ASK
962,1712458468.0235631,63984.59282688,14090.0,-3.1752392433103826e-08,14140.0,ASK
1163,1712458468.3193417,64008.79071598,14090.0,-7.1804755857476415e-09,14140.0,ASK
963,1712458468.3193417,64008.79071598,14090.0,-7.180475585747641e-09,14140.0,ASK
964,1712458468.443334,64026.93725661,14090.0,-5.384799947672152e-09,14140.0,ASK
965,1712458470.4977925,64026.93725661,14090.0,-0.0,14140.0,ASK
966,1712458480.8841226,64037.10970637,14090.0,-3.015946191485716e-09,14140.0,ASK
1167,1712458481.8842487,64051.62821764,14090.0,-4.3044743207255254e-09,14140.0,ASK
967,1712458481.8842487,64051.62821764,14090.0,-4.304474320725525e-09,14140.0,ASK
968,1712458498.6841462,64097.97232574,14090.0,-1.3740184480594762e-08,14140.0,ASK
969,1712458498.6914492,64150.62821764,14090.0,-1.561151348808256e-08,14140.0,ASK
970,1712458500.7339816,64150.62821764,14090.0,-0.0,14140.0,ASK
971,1712458503.7934418,64160.99230888,14090.0,-3.081270968698322e-09,14140.0,ASK
972,1712458504.344334,64174.65981947,14090.0,-4.0633860335775916e-09,14140.0,ASK
973,1712458504.3506556,64188.23275269,14090.0,-4.035267938345703e-09,14140.0,ASK
974,1712458504.5903904,64253.30405247,14090.0,-1.93458647038666e-08,14140.0,ASK
975,1712458504.609326,64284.0482956,14090.0,-9.140342517002813e-09,14140.0,ASK
976,1712458504.683792,64313.24493486,14090.0,-8.680235908015109e-09,14140.0,ASK
977,1712458504.7441206,64342.0655522,14090.0,-8.568443624557492e-09,14140.0,ASK
978,1712458506.860464,64385.3868439,14090.0,-1.2879531388775093e-08,14140.0,ASK
979,1712458506.8672388,64429.05046033,14090.0,-1.298130541102128e-08,14140.0,ASK
980,1712458507.5338795,64440.27981854,14090.0,-3.338517063228208e-09,14140.0,ASK
981,1712458507.5736794,64451.51759024,14090.0,-3.3410184154324287e-09,14140.0,ASK
982,1712458517.3439977,64514.67268299,14090.0,-1.8776171427839747e-08,14140.0,ASK
983,1712458530.7361922,64514.67268299,14090.0,-0.0,14140.0,ASK
984,1712458532.2564878,64521.84088739,14090.0,2.127880620517363e-09,14140.0,BID
985,1712458538.5543306,64530.85627976,14080.0,-2.676218148927528e-09,14140.0,ASK
986,1712458542.693858,64542.15992125,14080.0,-3.355484627063943e-09,14140.0,ASK
987,1712458560.496518,64542.15992125,14080.0,-0.0,14140.0,ASK
988,1712458565.684013,64569.49383864,14080.0,-8.113137848378499e-09,14140.0,ASK
989,1712458566.5213976,64580.90765948,14080.0,-3.387802067677873e-09,14140.0,ASK
990,1712458571.5952666,64589.5272515,14080.0,-2.5584308775535157e-09,14140.0,ASK
991,1712458584.805292,64625.45985116,14080.0,-1.0665362382296692e-08,14140.0,ASK
992,1712458590.5155313,64625.45985116,14080.0,-0.0,14140.0,ASK
993,1712458595.0139463,64636.79564752,14080.0,-3.363472265014905e-09,14140.0,ASK
994,1712458600.5643003,64644.27872635,14080.0,-2.220322887101933e-09,14140.0,ASK
995,1712458600.57255,64673.91737997,14080.0,-8.794158456747613e-09,14140.0,ASK
996,1712458600.5773828,64688.86214559,14080.0,-4.434298488934629e-09,14140.0,ASK
997,1712458600.581069,64767.46257846,14080.0,-2.3321729464839232e-08,14140.0,ASK
998,1712458616.3303523,64767.96257846,14070.0,-1.4835624062918223e-10,14140.0,ASK
999,1712458620.7463212,64767.96257846,14070.0,-0.0,14140.0,ASK
1000,1712458623.1947238,64810.07195346,14080.0,1.2486943240710646e-08,14140.0,BID
1201,1712458650.3452468,64817.17422618,14080.0,2.106079141158705e-09,14140.0,BID
1202,1712458650.765391,64817.17422618,14080.0,0.0,14140.0,BID
1203,1712458680.566434,64817.17422618,14080.0,0.0,14140.0,BID
1204,1712458685.5138,65140.91200217,14080.0,9.598016578933957e-08,14140.0,BID
1205,1712458710.505896,65140.91200217,14080.0,0.0,14140.0,BID
1206,1712458740.7485132,65140.91200217,14080.0,0.0,14140.0,BID
1207,1712458770.6177676,65228.85215036,14080.0,2.603687153773581e-08,14140.0,BID
1208,1712458770.623726,65235.21122781,14080.0,1.882763289260725e-09,14140.0,BID
1209,1712458770.7465324,65235.21122781,14080.0,0.0,14140.0,BID
1210,1712458797.2611918,65247.84753224,14080.0,-3.739822552028769e-09,14140.0,ASK
1211,1712458800.6838627,65247.84753224,14080.0,-0.0,14140.0,ASK
1212,1712458801.5147722,65256.36669463,14080.0,-2.525526224627863e-09,14140.0,ASK
1213,1712458830.5040605,65256.36669463,14080.0,-0.0,14140.0,ASK
1214,1712458843.244345,65258.49586425,14090.0,6.311750216688389e-10,14140.0,BID
1215,1712458860.7364602,65258.49586425,14090.0,0.0,14140.0,BID
1216,1712458861.0439749,65268.49586425,14090.0,2.9643923273621303e-09,14140.0,BID
1217,1712458861.514083,65280.64884779,14080.0,-3.6026211160533353e-09,14140.0,ASK
1218,1712458890.7417378,65280.64884779,14080.0,-0.0,14140.0,ASK
1219,1712458892.504101,65292.42452888,14080.0,-3.4904510243057804e-09,14140.0,ASK
1220,1712458892.8041725,65301.17655275,14080.0,-2.5942032947657717e-09,14140.0,ASK
1221,1712458894.4942038,65318.65953649,14080.0,-5.1821629710231025e-09,14140.0,ASK
1222,1712458899.2339606,65342.71781955,14080.0,-7.131159387554989e-09,14140.0,ASK
1223,1712458899.2356777,65360.80028605,14080.0,-5.3598567449717266e-09,14140.0,ASK
1224,1712458899.354094,65374.33329711,14080.0,-4.0113443931863976e-09,14140.0,ASK
1225,1712458899.3937013,65384.46466851,14080.0,-3.003058201938802e-09,14140.0,ASK
1226,1712458903.4440312,65388.01580487,14090.0,1.052598779678271e-09,14140.0,BID
1227,1712458916.9039924,65423.13293635,14090.0,1.0409132737900688e-08,14140.0,BID
1228,1712458917.0644794,65441.8525548,14090.0,-5.548716111963112e-09,14140.0,ASK
1229,1712458917.0840397,65457.35765449,14090.0,-4.595894766618125e-09,14140.0,ASK
1230,1712458917.184815,65497.86101423,14090.0,-1.2005674441399732e-08,14140.0,ASK
1231,1712458917.2038848,65508.14107039,14080.0,-3.047130121758805e-09,14140.0,ASK
1232,1712458920.4843595,65508.14107039,14080.0,-0.0,14140.0,ASK
1233,1712458950.5366614,65508.14107039,14080.0,-0.0,14140.0,ASK
1234,1712458976.6139548,65578.61323388,14080.0,-2.0868961290877772e-08,14140.0,ASK
1235,1712458980.7682774,65578.61323388,14080.0,-0.0,14140.0,ASK
1236,1712459010.7504144,65578.61323388,14080.0,-0.0,14140.0,ASK
1237,1712459040.533898,65578.61323388,14080.0,-0.0,14140.0,ASK
1238,1712459063.053894,65841.96715326,14080.0,-7.796423520006873e-08,14140.0,ASK
1239,1712459063.0800364,66081.96715326,14080.0,-7.105045746828863e-08,14140.0,ASK
1240,1712459063.0823653,66122.85520124,14070.0,-1.2104643808184465e-08,14140.0,ASK
1241,1712459063.0847423,66172.33335333,14070.0,-1.4647688919500148e-08,14140.0,ASK
1242,1712459063.0871124,66173.05778514,14080.0,-2.1446338127067966e-10,14140.0,ASK
1243,1712459063.088891,66194.37974676,14070.0,-6.312229696757507e-09,14140.0,ASK
1244,1712459063.090247,66205.27186323,14080.0,-3.224541074964228e-09,14140.0,ASK
1245,1712459063.0918362,66208.87855832,14070.0,-1.0677389003876108e-09,14140.0,ASK
1246,1712459063.0932047,66512.87855832,14080.0,-8.999724612649893e-08,14140.0,ASK
1247,1712459063.0945826,66632.45240512,14070.0,-3.5399068818264353e-08,14140.0,ASK
1248,1712459063.0959992,66639.91972566,14070.0,-2.210652251789877e-09,14140.0,ASK
1249,1712459070.510325,66639.91972566,14070.0,-0.0,14140.0,ASK
1250,1712459074.0040555,66806.78036395,14100.0,4.9180488337720656e-08,14140.0,BID
1251,1712459100.7350104,66806.78036395,14100.0,0.0,14140.0,BID
1252,1712459117.224392,66892.40237563,14100.0,2.5236261212164762e-08,14140.0,BID
1253,1712459130.739314,66892.40237563,14100.0,0.0,14140.0,BID
1254,1712459151.3641517,67176.29427084,14100.0,8.36446315945598e-08,14140.0,BID
1255,1712459151.3737898,67310.64267102,14100.0,3.958380858341561e-08,14140.0,BID
1256,1712459151.493813,67371.1483218,14100.0,-1.7827112905561962e-08,14140.0,ASK
1257,1712459160.491459,67371.1483218,14100.0,-0.0,14140.0,ASK
1258,1712459189.7238598,67378.20507711,14100.0,2.0750436369334103e-09,14140.0,BID
1259,1712459190.4600089,67378.20507711,14100.0,0.0,14140.0,BID
1260,1712459220.5340989,67378.20507711,14100.0,0.0,14140.0,BID
1261,1712459246.5441067,67378.55975796,14100.0,1.0429109071946327e-10,14140.0,BID
1262,1712459250.4725006,67378.55975796,14100.0,0.0,14140.0,BID
1263,1712459264.9941463,67379.26897782,14100.0,2.0854016785521147e-10,14140.0,BID
1264,1712459265.0042083,67386.04193883,14100.0,1.9915325353452808e-09,14140.0,BID
1265,1712459265.1747882,67402.10799584,14100.0,-4.7240896858591906e-09,14140.0,ASK
1266,1712459265.2415164,67418.06617323,14100.0,-4.6923685859209475e-09,14140.0,ASK
1267,1712459265.2843337,67433.94962822,14100.0,-4.670397089179137e-09,14140.0,ASK
1268,1712459265.285825,67449.48174377,14100.0,-4.5670886654836305e-09,14140.0,ASK
1269,1712459265.4241598,67449.99703635,14090.0,1.5151747319806392e-10,14140.0,BID
1270,1712459265.4272597,67460.50455977,14090.0,3.089649375789351e-09,14140.0,BID
1271,1712459271.883994,67460.50455981,14090.0,1.1762610769363937e-17,14140.0,BID
1272,1712459280.7342963,67460.50455981,14090.0,0.0,14140.0,BID
1273,1712459290.1140137,67488.89348808,14090.0,-8.344692137605539e-09,14140.0,ASK
1274,1712459310.722934,67488.89348808,14090.0,-0.0,14140.0,ASK
1275,1712459340.4778726,67488.89348808,14090.0,-0.0,14140.0,ASK
1276,1712459346.5160167,67489.24842065,14090.0,1.0431724649751351e-10,14140.0,BID
1277,1712459370.5441215,67489.24842065,14090.0,0.0,14140.0,BID
1278,1712459400.5347576,67489.24842065,14090.0,0.0,14140.0,BID
1279,1712459406.6148362,67490.66887519,14080.0,-4.179403348723797e-10,14140.0,ASK
1280,1712459406.618191,67519.08003143,14080.0,-8.359414411860786e-09,14140.0,ASK
1281,1712459406.621475,67522.32357546,14080.0,-9.543479498287328e-10,14140.0,ASK
1282,1712459406.7982776,67543.61527169,14080.0,-6.2646557153256405e-09,14140.0,ASK
1283,1712459406.809142,67546.09369251,14070.0,-7.29225750136453e-10,14140.0,ASK
1284,1712459430.5044656,67546.09369251,14070.0,-0.0,14140.0,ASK
1285,1712459433.3441713,67568.80483516,14090.0,6.68072619397599e-09,14140.0,BID
1286,1712459453.8539,67834.26309254,14070.0,-7.808739352378602e-08,14140.0,ASK
1287,1712459460.73765,67834.26309254,14070.0,-0.0,14140.0,ASK
1288,1712459475.0641277,68046.18537838,14070.0,-6.22649423722486e-08,14140.0,ASK
1289,1712459490.7369356,68046.18537838,14070.0,-0.0,14140.0,ASK
1290,1712459513.4939747,68046.99808629,14070.0,-2.3857291810408277e-10,14140.0,ASK
1291,1712459516.7139318,68082.16439308,14070.0,-1.0323178015945446e-08,14140.0,ASK
1292,1712459519.1839218,68086.2099573,14090.0,1.1875878768657927e-09,14140.0,BID
1293,1712459520.4664133,68086.2099573,14090.0,0.0,14140.0,BID
1294,1712459529.4441843,68089.85076638,14090.0,1.0685940768120208e-09,14140.0,BID
1295,1712459550.4864318,68089.85076638,14090.0,0.0,14140.0,BID
1296,1712459552.2842731,68100.53869748,14080.0,3.136909312576721e-09,14140.0,BID
1297,1712459552.2877057,68103.50177773,14080.0,8.69664478852638e-10,14140.0,BID
1298,1712459559.8950603,68147.67009473,14080.0,1.2963407381812352e-08,14140.0,BID
1299,1712459572.2846472,68147.67009562,14080.0,2.612137000282739e-16,14140.0,BID
1300,1712459572.289159,68157.28923361,14080.0,2.8232183813203303e-09,14140.0,BID
1301,1712459578.3539789,68165.30499237,14080.0,-2.352626347075076e-09,14140.0,ASK
1302,1712459578.4181857,68173.85417499,14080.0,-2.5091863265829083e-09,14140.0,ASK
1303,1712459580.7480445,68173.85417499,14080.0,-0.0,14140.0,ASK
1304,1712459581.698859,68196.81282116,14080.0,-6.7360275856533245e-09,14140.0,ASK
1305,1712459581.7818046,68207.45774411,14080.0,-3.12320221791054e-09,14140.0,ASK
1306,1712459581.7891605,68221.50167561,14080.0,-4.120465522859947e-09,14140.0,ASK
1307,1712459583.834143,68237.92830296,14080.0,-4.819544416932197e-09,14140.0,ASK
1308,1712459600.424051,68253.78545374,14080.0,-4.652460963638985e-09,14140.0,ASK
1309,1712459600.6641026,68262.25793564,14080.0,-2.485811723163084e-09,14140.0,ASK
1310,1712459604.324116,68287.16639771,14080.0,-7.308100241512122e-09,14140.0,ASK
1311,1712459609.3300686,68305.37736194,14080.0,5.343065810865827e-09,14140.0,BID
1312,1712459610.7448735,68305.37736194,14080.0,0.0,14140.0,BID
1313,1712459634.1440587,68313.7418918,14080.0,-2.452806099263983e-09,14140.0,ASK
1314,1712459640.5088,68313.7418918,14080.0,-0.0,14140.0,ASK
1315,1712459649.1340003,68313.88308496,14080.0,-4.140190661238326e-11,14140.0,ASK
1316,1712459649.1376836,68337.30759087,14080.0,-6.868740710364098e-09,14140.0,ASK
1317,1712459670.4875994,68337.30759087,14080.0,-0.0,14140.0,ASK
1318,1712459673.9042225,68352.66774247,14080.0,-4.503601268580161e-09,14140.0,ASK
1319,1712459673.9140215,68353.88173396,14080.0,-3.5594268577554576e-10,14140.0,ASK
1320,1712459674.0939074,68366.39697972,14080.0,-3.6694739836595596e-09,14140.0,ASK
1321,1712459674.4643726,68375.69278187,14080.0,-2.7255321070682675e-09,14140.0,ASK
1322,1712459676.233839,68384.16485214,14080.0,-2.484013661392349e-09,14140.0,ASK
1323,1712459700.5460083,68384.16485214,14080.0,-0.0,14140.0,ASK
1324,1712459703.7445033,68398.30570017,14080.0,-4.1716099487560815e-09,14140.0,ASK
1325,1712459704.193851,68479.16432317,14090.0,2.38536356117994e-08,14140.0,BID
1326,1712459707.003934,68483.16432317,14080.0,-1.1800169098502463e-09,14140.0,ASK
1327,1712459730.5171869,68483.16432317,14080.0,-0.0,14140.0,ASK
1328,1712459751.2794228,68483.16432338,14090.0,6.192502195089559e-17,14140.0,BID
1329,1712459752.553899,68486.73432338,14090.0,-1.0527319469240447e-09,14140.0,ASK
1330,1712459760.743961,68486.73432338,14090.0,-0.0,14140.0,ASK
1331,1712459763.1057107,68493.97293284,14080.0,-2.134510476025253e-09,14140.0,ASK
1332,1712459763.1077704,69197.09402597,14070.0,-2.073353103928474e-07,14140.0,ASK
1333,1712459763.109447,69303.03126992,14080.0,-3.123861817138665e-08,14140.0,ASK
1334,1712459763.1111884,69548.04081516,14090.0,-7.224805315597764e-08,14140.0,ASK
1335,1712459790.7308629,69548.04081516,14090.0,-0.0,14140.0,ASK
1336,1712459803.57483,69560.21857802,14080.0,-3.575211661230057e-09,14140.0,ASK
1337,1712459806.5642796,69840.5132196,14090.0,8.229037489711035e-08,14140.0,BID
1338,1712459808.5744555,69843.50721558,14080.0,-8.789930847249823e-10,14140.0,ASK
1339,1712459808.578206,69856.32945272,14080.0,-3.76441980953607e-09,14140.0,ASK
1340,1712459820.321228,70282.93314914,14080.0,-1.2524455663157226e-07,14140.0,ASK
1341,1712459820.495982,70282.93314914,14080.0,-0.0,14140.0,ASK
1342,1712459823.513962,70336.16238973,14090.0,1.557997853946108e-08,14140.0,BID
1343,1712459824.2343674,70539.68702899,14080.0,-5.957082003753985e-08,14140.0,ASK
1344,1712459827.084171,70541.33256856,14090.0,4.81642625412467e-10,14140.0,BID
1345,1712459827.0878272,70551.10977751,14080.0,2.861748616521248e-09,14140.0,BID
1346,1712459835.3667023,70750.04157951,14080.0,5.8226515569677227e-08,14140.0,BID
1347,1712459835.4141822,70764.41162573,14080.0,4.206053087309991e-09,14140.0,BID
1348,1712459836.0441437,70773.60635504,14080.0,-2.6912592353001326e-09,14140.0,ASK
1349,1712459838.574348,70790.63971203,14090.0,4.9855931329768076e-09,14140.0,BID
1350,1712459850.495505,70790.63971203,14090.0,0.0,14140.0,BID
1351,1712459872.714041,70797.7369441,14090.0,2.072992630090273e-09,14140.0,BID
1352,1712459880.7685242,70797.7369441,14090.0,0.0,14140.0,BID
1353,1712459905.2839425,70826.146035,14080.0,8.297617351719749e-09,14140.0,BID
1354,1712459905.287156,70832.8492515,14080.0,1.957849539730697e-09,14140.0,BID
1355,1712459910.743934,70832.8492515,14080.0,0.0,14140.0,BID
1356,1712459928.6242335,70833.55947878,14080.0,-2.0741048653602828e-10,14140.0,ASK
1357,1712459934.774232,70970.63334189,14080.0,4.0030223338021656e-08,14140.0,BID
1358,1712459939.084351,70970.99555779,14080.0,1.0577934439389186e-10,14140.0,BID
1359,1712459940.497379,70970.99555779,14080.0,0.0,14140.0,BID
1360,1712459965.1339755,71042.01828506,14080.0,-2.072927348231807e-08,14140.0,ASK
1361,1712459970.4663265,71042.01828506,14080.0,-0.0,14140.0,ASK
1362,1712459974.6577952,71061.99637035,14080.0,5.829265829373462e-09,14140.0,BID
1363,1712460000.5300152,71061.99637035,14080.0,0.0,14140.0,BID
1364,1712460013.8371415,71085.56206942,14080.0,-6.933635139561006e-09,14140.0,ASK
1365,1712460030.5141757,71085.56206942,14080.0,-0.0,14140.0,ASK
1366,1712460036.204033,71086.43618049,14080.0,-2.5716086692773526e-10,14140.0,ASK
1367,1712460036.2139184,71121.92570578,14080.0,-1.0440912378004324e-08,14140.0,ASK
1368,1712460060.7472298,71121.92570578,14080.0,-0.0,14140.0,ASK
1369,1712460088.133686,71125.48949765,14080.0,-1.0482990235200607e-09,14140.0,ASK
1370,1712460090.7661512,71125.48949765,14080.0,-0.0,14140.0,ASK
1371,1712460120.4985473,71125.48949765,14080.0,-0.0,14140.0,ASK
1372,1712460150.5176394,71125.48949765,14080.0,-0.0,14140.0,ASK
1373,1712460180.7385275,71125.48949765,14080.0,-0.0,14140.0,ASK
1374,1712460210.7439654,71125.48949765,14080.0,-0.0,14140.0,ASK
1375,1712460236.323949,71197.02025587,14080.0,-2.1040655558328625e-08,14140.0,ASK
1376,1712460239.8639386,71404.57113046,14080.0,-6.105075035899308e-08,14140.0,ASK
1377,1712460240.491355,71404.57113046,14080.0,-0.0,14140.0,ASK
1378,1712460270.5294,71404.57113046,14080.0,-0.0,14140.0,ASK
1379,1712460300.7853742,71404.57113046,14080.0,-0.0,14140.0,ASK
1380,1712460315.7141168,71471.94920001,14090.0,1.986379085348444e-08,14140.0,BID
1381,1712460330.75597,71471.94920001,14090.0,0.0,14140.0,BID
1382,1712460346.2639446,71671.94920001,14090.0,5.8945686772375394e-08,14140.0,BID
1383,1712460349.6844487,71855.06399461,14090.0,5.39691366293968e-08,14140.0,BID
1384,1712460349.688551,71862.51201294,14090.0,2.1951427777765823e-09,14140.0,BID
1385,1712460360.7138798,71862.51201294,14090.0,0.0,14140.0,BID
1386,1712460390.7540724,71862.51201294,14090.0,0.0,14140.0,BID
1387,1712460420.5086098,71862.51201294,14090.0,0.0,14140.0,BID
1388,1712460431.414338,71965.00422794,14090.0,-3.015845602753836e-08,14140.0,ASK
1389,1712460431.5137966,72069.53694505,14090.0,-3.0758876197587565e-08,14140.0,ASK
1390,1712460433.493698,72172.13165225,14090.0,-3.018861447915417e-08,14140.0,ASK
1391,1712460434.667538,72217.37361691,14090.0,-1.3312501850001566e-08,14140.0,ASK
1392,1712460450.4739845,72217.37361691,14090.0,-0.0,14140.0,ASK
1393,1712460460.953869,72239.72776879,14090.0,6.56807243250526e-09,14140.0,BID
1394,1712460480.718064,72239.72776879,14090.0,0.0,14140.0,BID
1395,1712460510.7296886,72239.72776879,14090.0,0.0,14140.0,BID
1396,1712460511.2842617,72246.02896601,14100.0,1.8512395473798262e-09,14140.0,BID
1397,1712460513.902654,72248.00334472,14100.0,5.800561102681568e-10,14140.0,BID
1398,1712460513.9068005,72252.2440064,14100.0,1.2458712741397691e-09,14140.0,BID
1399,1712460540.4686835,72252.2440064,14100.0,0.0,14140.0,BID
1400,1712460570.5010748,72252.2440064,14100.0,0.0,14140.0,BID
1401,1712460591.2940257,72259.33620498,14100.0,2.0835211681906077e-09,14140.0,BID
1402,1712460595.2538445,72259.92725697,14100.0,1.7363717594147587e-10,14140.0,BID
1403,1712460600.5811102,72259.92725697,14100.0,0.0,14140.0,BID
1404,1712460627.274048,72260.6359742,14110.0,2.09112996989922e-10,14140.0,BID
1405,1712460627.2772908,72267.00940994,14110.0,1.8805359772279553e-09,14140.0,BID
1406,1712460630.490692,72267.00940994,14110.0,0.0,14140.0,BID
1407,1712460639.123867,72269.83105856,14110.0,8.325266799101913e-10,14140.0,BID
1408,1712460639.133649,72274.09658215,14110.0,1.2585416083692387e-09,14140.0,BID
1409,1712460660.7038355,72274.09658215,14110.0,0.0,14140.0,BID
1410,1712460670.6937654,72280.2865306,14090.0,-1.826288770318371e-09,14140.0,ASK
1411,1712460676.4144652,72328.58888165,14090.0,-1.4251175436289271e-08,14140.0,ASK
1412,1712460676.417004,72400.18298226,14080.0,-2.1123197231963457e-08,14140.0,ASK
1413,1712460676.4305377,72407.45168346,14090.0,-2.1445650934898395e-09,14140.0,ASK
1414,1712460676.43462,72586.30808521,14080.0,-5.2769977109488264e-08,14140.0,ASK
1415,1712460676.4387605,72596.00130735,14090.0,-2.859898250442786e-09,14140.0,ASK
1416,1712460676.4425073,72606.00130735,14080.0,-2.950410306434092e-09,14140.0,ASK
1417,1712460690.754784,72606.00130735,14080.0,-0.0,14140.0,ASK
1418,1712460712.5438757,72620.15558902,14100.0,4.170342940547282e-09,14140.0,BID
1419,1712460720.4763598,72620.15558902,14100.0,0.0,14140.0,BID
1420,1712460726.8216925,72761.75736077,14110.0,4.1718346495309293e-08,14140.0,BID
1421,1712460750.5166297,72761.75736077,14110.0,0.0,14140.0,BID
1422,1712460780.727267,72761.75736077,14110.0,0.0,14140.0,BID
1423,1712460810.7558994,72761.75736077,14110.0,0.0,14140.0,BID
1424,1712460820.3738909,72797.428319,14100.0,1.050310252932006e-08,14140.0,BID
1425,1712460820.513855,72817.30234849,14100.0,-5.8517903572528505e-09,14140.0,ASK
1426,1712460820.5336893,72831.94063224,14100.0,-4.310156012299962e-09,14140.0,ASK
1427,1712460820.593845,72844.30991462,14100.0,-3.642061988173389e-09,14140.0,ASK
1428,1712460820.723847,72856.59319354,14100.0,-3.6167387783978814e-09,14140.0,ASK
1429,1712460820.9638429,72866.03281109,14100.0,-2.779439518444286e-09,14140.0,ASK
1430,1712460821.1039855,72886.0664476,14100.0,-5.8987856996411715e-09,14140.0,ASK
1431,1712460821.403747,72900.7858156,14100.0,-4.334030789810664e-09,14140.0,ASK
1432,1712460840.5005026,72900.7858156,14100.0,-0.0,14140.0,ASK
1433,1712460842.2444408,72928.12054767,14090.0,-8.043907139268563e-09,14140.0,ASK
1434,1712460842.2499385,72972.2654439,14100.0,-1.2990705196505748e-08,14140.0,ASK
1435,1712460870.5166552,72972.2654439,14100.0,-0.0,14140.0,ASK
1436,1712460885.6346614,72989.75030205,14100.0,-5.143817928251962e-09,14140.0,ASK
1437,1712460900.7498732,72989.75030205,14100.0,-0.0,14140.0,ASK
1438,1712460927.523865,73011.04199828,14090.0,-6.279170897343939e-09,14140.0,ASK
1439,1712460927.533946,73019.13923035,14090.0,-2.3879686904146104e-09,14140.0,ASK
1440,1712460930.73955,73019.13923035,14090.0,-0.0,14140.0,ASK
1441,1712460956.4337325,73019.49416292,14090.0,-1.0466099584351962e-10,14140.0,ASK
1442,1712460960.4907484,73019.49416292,14090.0,-0.0,14140.0,ASK
1443,1712460960.5337873,73036.11257881,14090.0,4.9003600641408766e-09,14140.0,BID
1444,1712460986.983704,73050.30704296,14090.0,-4.185596612394529e-09,14140.0,ASK
1445,1712460986.9872956,73051.30704296,14090.0,-2.948752815296763e-10,14140.0,ASK
1446,1712460990.523536,73051.30704296,14090.0,-0.0,14140.0,ASK
1447,1712461020.7486508,73051.30704296,14090.0,-0.0,14140.0,ASK
1448,1712461020.8293345,73062.25272685,14080.0,-3.2271850624345723e-09,14140.0,ASK
1449,1712461020.8327343,73133.59064381,14080.0,-2.1033008290053906e-08,14140.0,ASK
1450,1712461020.8358295,73140.69291653,14080.0,-2.0940078903830547e-09,14140.0,ASK
1451,1712461020.9070904,73149.0556575,14080.0,-2.465639699686701e-09,14140.0,ASK
1452,1712461028.8638308,73160.05894159,14080.0,-3.244167692935656e-09,14140.0,ASK
1453,1712461033.4081132,73176.50474231,14080.0,-4.848819220138809e-09,14140.0,ASK
1454,1712461034.12369,73184.83994328,14080.0,-2.4575199076756996e-09,14140.0,ASK
1455,1712461036.455304,73198.75961812,14080.0,-4.104025583879628e-09,14140.0,ASK
1456,1712461045.2837732,73207.87990538,14080.0,-2.688991853444874e-09,14140.0,ASK
1457,1712461050.349003,73208.25087538,14080.0,-1.0937542639226078e-10,14140.0,ASK
1458,1712461050.3515842,73229.23456491,14080.0,-6.18675361782345e-09,14140.0,ASK
1459,1712461050.35577,73249.56758021,14080.0,-5.994911228013759e-09,14140.0,ASK
1460,1712461050.7481222,73249.56758021,14080.0,-0.0,14140.0,ASK
1461,1712461080.5245674,73249.56758021,14080.0,-0.0,14140.0,ASK
1462,1712461110.5394132,73249.56758021,14080.0,-0.0,14140.0,ASK
1463,1712461131.687096,73249.92600315,14080.0,1.0558917139154296e-10,14140.0,BID
1464,1712461136.8837535,73254.56758021,14080.0,-1.3673797656894902e-09,14140.0,ASK
1465,1712461136.8937285,73316.13226944,14080.0,-1.813657497136721e-08,14140.0,ASK
1466,1712461137.013929,73325.59030748,14080.0,-2.786279247730228e-09,14140.0,ASK
1467,1712461137.0183682,73327.72098929,14080.0,-6.27685624186232e-10,14140.0,ASK
1468,1712461140.743934,73327.72098929,14080.0,-0.0,14140.0,ASK
1469,1712461148.3447587,73330.64209092,14070.0,-8.60259521415731e-10,14140.0,ASK
1470,1712461148.3484714,73337.43658083,14070.0,-2.000965861039996e-09,14140.0,ASK
1471,1712461152.803998,73342.2943766,14080.0,-1.4306126912235783e-09,14140.0,ASK
1472,1712461156.6440463,73344.72327449,14080.0,-7.15306347086006e-10,14140.0,ASK
1473,1712461167.7238674,73345.93772343,14080.0,-3.576531720730716e-10,14140.0,ASK
1474,1712461170.7684574,73345.93772343,14080.0,-0.0,14140.0,ASK
1475,1712461175.5141776,73347.23734365,14080.0,-3.82707073563605e-10,14140.0,ASK
1476,1712461177.4048834,73417.12207443,14080.0,-2.0579381877859025e-08,14140.0,ASK
1477,1712461200.5276415,73417.12207443,14080.0,-0.0,14140.0,ASK
1478,1712461202.1743248,73420.6732108,14080.0,1.046223199510661e-09,14140.0,BID
1479,1712461203.3940513,73424.22434715,14080.0,-1.0462231936157147e-09,14140.0,ASK
1480,1712461207.8541198,73431.32661987,14080.0,-2.092446393126376e-09,14140.0,ASK
1481,1712461207.8581,73434.88028014,14080.0,-1.0469667819735771e-09,14140.0,ASK
1482,1712461210.8438065,73435.59000334,14090.0,2.09096131406404e-10,14140.0,BID
1483,1712461214.1938052,73442.69227606,14080.0,-2.092446393126376e-09,14140.0,ASK
1484,1712461230.5113702,73442.69227606,14080.0,-0.0,14140.0,ASK
1485,1712461232.3539932,73443.41670787,14080.0,-2.1340689332662046e-10,14140.0,ASK
1486,1712461232.3579946,73446.9429987,14080.0,-1.038793107386526e-09,14140.0,ASK
